1690 2892
281 191 359 226 260
798 187 1064 230 PLATONIS

281 294 369 348 ἥτις
407 292 450 336 δὲ
488 293 513 347 ἢ
542 294 715 345 βελτίων
752 293 779 348 ἢ
807 295 956 349 χείρων
991 299 1077 338 τῶν
1102 296 1274 351 ἡδονῶν
1300 299 1397 339 οὔτε
1433 299 1613 341 σκοπού·

282 372 417 411 μεναι,
446 361 542 399 οὔτε
568 356 697 410 μέλον
726 359 872 408 αὐταῖς
897 362 999 402 ἄλλο
1026 360 1052 414 ἢ
1080 362 1323 414 χαρίζεσθαι
1348 362 1506 415 μόνον,
1533 363 1613 405 εἴτε

283 421 447 473 βέλτιον
475 422 554 463 εἴτε
581 426 734 476 χεῖρον.
762 421 854 476 ἐμοὶ
874 424 951 477 μὲν
969 425 1063 477 γάρ,
1094 419 1128 465 ὦ
1150 425 1406 476 Καλλίκλεις,
1435 427 1612 469 δοκοῦσί

282 501 323 527 τε
351 483 471 536 εἶναι,
500 486 569 527 καὶ
598 484 726 540 ἔγωγέ
752 502 859 541 φημι
886 490 934 530 τὸ
955 495 1154 530 τοιοῦτον
1174 489 1396 531 κολακείαν
1415 486 1525 532 εἶναι
1544 491 1613 533 καὶ

282 551 375 602 περὶ
398 556 516 604 σῶμα
537 549 607 592 καὶ
626 550 721 603 περὶ
741 550 884 605 ψυχὴν
904 551 974 593 καὶ
994 551 1088 606 περὶ
1110 555 1226 602 ἄλλο,
1255 553 1358 595 ὅτου
1378 557 1434 596 ἄν
1455 570 1516 604 τις
1535 556 1614 609 τὴν

281 613 444 668 ἡδονὴν
469 616 687 669 θεραπεύῃ
727 614 941 665 ἀσκέπτως
979 614 1085 670 ἔχων
1111 624 1188 659 τοῦ
1217 617 1440 671 α’μείνονός
1474 633 1517 660 τε
1543 620 1614 661 καὶ

282 686 358 720 τοῦ
393 679 605 733 χείρονος’
645 678 699 720 σὺ
739 678 784 721 δὲ
818 678 870 733 δὴ
909 680 1089 734 πότερον
1127 683 1479 734 συγκατατίθεσαι
1512 683 1615 737 ἡμῖν

281 742 376 795 περὶ
402 744 565 793 τούτων
592 741 671 797 τὴν
698 744 834 798 αὐτὴν
861 744 1010 795 δόξαν,
1049 742 1078 798 ἦ
1111 745 1315 799 ἅντίφῃςς
1354 748 1489 788 ΚΑΛ.
1522 748 1613 790 Οὐκ

283 804 436 860 ἔγωγε,
477 806 581 849 ἀλλὰ
618 804 845 862 συγχωρῶ,
883 808 954 849 ἵνα
992 819 1058 850 σοι
1086 808 1156 850 καὶ
1190 813 1385 864 περανθῇ
1424 810 1448 853 ό
1475 812 1613 866 λόγος,

282 870 352 912 καὶ
391 873 431 912 Γ
426 871 550 926 οργίᾳ
597 873 700 924 τῷδε
747 873 990 926 χαρίσωμαι.
1064 875 1160 914 ΣΩ.
1201 875 1394 927 Πότερον
1432 875 1476 917 δὲ
1520 877 1612 929 περὶ

282 934 359 988 μὲν
385 935 486 987 μίαν
522 937 665 990 ψυχήν
706 935 788 978 ἐστι
826 943 975 987 τοῦτο,
1019 937 1114 992 περὶ
1150 937 1195 978 δὲ
1234 939 1313 980 δύο
1351 939 1421 980 καὶ
1456 939 1615 989 πολλὰς

283 999 362 1039 οὐκ
401 997 532 1048 Eoum
583 1001 718 1041 KAA.
767 1002 882 1052 Οὔκ,
920 1001 1025 1043 ἀλλὰ
1061 1001 1131 1044 καὶ
1167 1001 1261 1054 περὶ
1298 1003 1377 1046 δύο
1412 1003 1483 1045 καὶ
1520 1005 1615 1057 περὶ

281 1064 449 1111 πολλάς.
521 1065 621 1106 ΣΩ.
675 1066 848 1107 Οὐκοῦν
901 1065 970 1107 καὶ
1016 1065 1197 1119 ἀθρόαις
1242 1066 1329 1120 ἅμα
1372 1068 1614 1122 χαρίζεσθαι

283 1199 367 1233 Ven.
394 1199 474 1232 ΞΣ.
505 1199 607 1233 vind.
633 1200 663 1233 1.
686 1199 717 1233 2.
742 1200 773 1236 7.
797 1201 893 1235 Bodl.
928 1202 1017 1235 Flor.
1042 1214 1074 1235 x.
1107 1203 1246 1237 Meerm.
1277 1209 1474 1240 correctum.
1506 1205 1614 1239 Hein-

282 1244 407 1277 dorfius
431 1246 518 1277 coni.
541 1244 635 1287 αὕτη.

350 1290 390 1320 D.
437 1288 577 1331 μηδὲν
614 1288 940 1335 σκοπούμενον]
973 1289 1017 1334 μὴ
1048 1290 1087 1324 δὲ
1117 1291 1232 1327 Clark.
1266 1293 1343 1326 Vat.
1368 1293 1454 1326 Ven.
1481 1293 1519 1326 Σ.
1552 1294 1612 1327 alii

282 1334 396 1374 multi,
419 1334 552 1366 vitiose.
596 1335 815 1367 Hermannus
837 1339 950 1369 tamen
983 1334 1069 1378 μηδὲ
1102 1347 1151 1369 σκ.
1185 1336 1280 1370 dedit
1310 1338 1374 1371 hoc
1405 1349 1523 1371 sensu:
1563 1350 1612 1372 ne

283 1378 639 1412 considerantem
663 1380 846 1421 quidem.

282 1487 445 1520 modum
465 1488 817 1524 dinumeraverit.
834 1490 912 1522 Vim

282 1543 356 1565 voc.
395 1532 694 1576 διαριθμησαμένη
730 1539 819 1567 recte
856 1546 912 1567 ex-

980 1489 1060 1523 οὕιε
1083 1490 1350 1532 ἐπιμελούμεναι.
1408 1494 1507 1527 Nune
1529 1504 1612 1527 casu

980 1535 1126 1568 subiecti
1148 1542 1277 1569 mutato
1310 1542 1388 1580 post
1411 1536 1489 1571 οὗτε
1510 1539 1613 1578 μέλον

282 1577 384 1618 plicat
415 1578 526 1610 Schol.
564 1589 623 1620 per
658 1578 863 1619 διακρίνασα
893 1577 913 1621 ἢ

282 1620 600 1665 διομολογησαμένη.
661 1623 766 1655 Ludit
801 1627 913 1656 autem

283 1666 318 1697 in
333 1667 554 1709 ambiguitate
569 1677 640 1699 voc.
658 1665 800 1711 ἀλόγως,
823 1668 913 1710 quod

283 1715 318 1742 et
346 1710 387 1742 de
417 1711 645 1754 computando
682 1716 716 1744 et
745 1712 786 1744 de
815 1713 913 1744 ratio-

282 1755 427 1788 cinando
458 1760 492 1787 et
523 1756 703 1798 cogitando
732 1757 841 1799 potuit
863 1757 913 1789 in-

282 1799 402 1842 telligi.
449 1800 503 1832 Sic
525 1798 667 1842 ἄπειρος
697 1800 822 1834 dicitur
845 1812 913 1834 am-

281 1843 384 1886 bigue
408 1844 540 1879 Phileb.
563 1855 596 1887 p.
621 1844 672 1879 17.
697 1845 736 1878 Ε.
766 1850 801 1878 et
824 1846 911 1881 Tim.

281 1898 312 1929 p.
336 1887 390 1923 55.
413 1890 473 1928 D.,
503 1889 564 1921 ubi
593 1900 624 1924 v.
655 1900 734 1924 ann.
758 1908 803 1915 -
831 1891 913 1923 For-

281 1933 407 1965 mulam
438 1931 484 1968 ιύς
508 1933 588 1967 ἔπος
617 1933 752 1973 εἰπεῖν,
781 1945 913 1978 prope

282 1976 480 2017 dixerim,
519 1988 604 2010 cave
645 1989 723 2011 cum
760 1980 912 2012 Ficino

281 2022 406 2054 referas
429 2022 472 2055 ad
491 2023 743 2063 antecedentia3
768 2025 914 2066 pertinet

282 2067 371 2098 enim
405 2066 447 2098 ad
477 2065 584 2099 οὐδὲν
606 2066 914 2111 διαριθμησαμένη.

282 2120 314 2142 v.
337 2111 381 2142 sd
404 2121 435 2153 p.
459 2110 534 2144 450.
550 2112 588 2146 Β.
623 2113 705 2144 Post
728 2111 911 2155 διαριθμη-

284 2155 411 2197 σαμένη
449 2156 552 2198 vulgo
588 2166 762 2199 perperam
797 2157 914 2189 deerat

282 2200 527 2241 interpunctio,
559 2210 662 2242 quam
684 2211 762 2233 cum
786 2202 911 2234 Astio

282 2244 368 2276 inter
393 2245 560 2284 osuimus,
599 2249 638 2277 ut
673 2245 778 2285 haec,
815 2246 912 2287 τριβῇ

282 2288 335 2319 καὶ
361 2254 528 2331 ἐμπειρίᾳ,
551 2299 628 2322 cum
651 2290 814 2332 proximis
836 2290 910 2322 iun—

280 2336 448 2374 gerentur.
466 2333 598 2365 Deinde
613 2345 655 2366 ex
671 2334 800 2377 aliquot
815 2334 912 2367 codd.

280 2386 341 2418 pro
372 2376 463 2419 vulg.
493 2376 606 2421 μνήμη
645 2379 758 2421 recepi
796 2378 911 2411 lectio-

281 2431 358 2452 nem
381 2422 481 2453 unice
503 2431 618 2454 veram
639 2421 783 2466 μνήμην,
808 2433 911 2465 quam

281 2465 383 2498 etiam
411 2465 499 2497 liber
522 2466 637 2499 Clark.
672 2467 911 2510 suppeditavit.

325 2509 363 2541 B.
394 2507 493 2542 οὔτε
521 2510 656 2549 μέλοι·
683 2509 838 2546 αὑταῖς
855 2511 910 2555 --]

281 2553 488 2586 Observsbis
505 2555 713 2598 singularem
726 2560 912 2589 structurae

280 2599 455 2631 rationem.
512 2599 599 2632 Nam
622 2610 682 2642 pro
706 2599 783 2633 οὔτε
805 2600 912 2640 μέλον

279 2639 396 2676 αὑταῖς
421 2655 449 2675 κ.
474 2655 497 2675 t.
523 2645 550 2676 λ.
580 2654 599 2676 e
622 2645 758 2687 vulgari
781 2646 911 2678 ratione

280 2686 365 2719 nihil
389 2687 610 2730 exspectabas
627 2690 692 2721 nisi
717 2689 785 2722 tale
809 2690 911 2731 quid:

980 1578 1097 1614 αὐταῖς
1126 1581 1334 1614 adiiciuntur
1371 1583 1471 1616 etiam
1508 1583 1612 1616 haecz

979 1622 1058 1656 ἄλλο
1083 1622 1104 1667 ἢ
1125 1627 1329 1667 χαρίζεσθαι
1351 1626 1471 1666 μόνον,
1494 1628 1564 1660 εἴτε
1578 1628 1611 1669 β.

980 1681 1008 1701 κ.
1023 1681 1048 1701 τ.
1061 1670 1089 1701 λ.
1113 1671 1202 1702 conf.
1226 1671 1379 1703 Matth.
1404 1672 1461 1705 Gr.
1487 1673 1517 1712 §.
1534 1672 1610 1707 564.

1025 1713 1064 1746 C.
1100 1712 1286 1747 δοκοῦσι’
1321 1727 1363 1748 te
1392 1711 1522 1760 εἶναι]
1555 1717 1612 1748 vi-

980 1757 1138 1791 dentur
1215 1759 1321 1792 mihi
1395 1760 1611 1793 eiusmodi

981 1807 1203 1845 πραγματεῖαι
1246 1805 1453 1846 reperiri,
1502 1815 1611 1848 quae

980 1857 1102 1879 unum
1123 1851 1289 1880 tantum
1307 1853 1507 1891 spectent
1525 1851 1613 1883 ani-

980 1892 1036 1924 mi
1059 1892 1337 1934 voluptatem.

1023 1932 1248 1971 ἀσκέπτως
1279 1938 1393 1979 ἔχων
1430 1941 1506 1970 τοῦ
1534 1935 1612 1982 ἀμ]

980 1980 1044 2013 its
1087 1985 1135 2013 ut
1179 1981 1345 2015 nnllam
1396 1983 1610 2015 rationem

981 2024 1145 2057 habeat
1187 2025 1287 2058 boni
1332 2029 1459 2068 atque
1497 2027 1611 2060 mali.

980 2069 1066 2102 Nam
1088 2066 1264 2104 ἀσκέπτως
1286 2070 1374 2111 ἔχειν
1404 2072 1611 2104 construitur

980 2123 1059 2146 cum
1074 2114 1238 2157 genitivo,
1254 2116 1336 2156 quia
1350 2114 1439 2148 idem
1455 2116 1610 2158 estquod

978 2155 1128 2197 ἀμελεῖν.
1158 2168 1191 2190 v,
1221 2159 1369 2193 Matth.
1401 2161 1430 2200 §-
1460 2158 1537 2193 348.
1568 2179 1611 2185 -

982 2203 1402 2244 συγκατατίθεσθαί
1430 2216 1513 2237 τινι
1544 2216 1609 2237 πε-

982 2249 1027 2288 ρί
1055 2258 1174 2280 τινος
1211 2245 1285 2289 τὴν
1315 2245 1450 2291 αὐτὴν
1480 2247 1611 2290 δόξαν

980 2295 1048 2323 est:
1101 2291 1278 2324 eandem
1325 2302 1414 2325 cum
1459 2293 1608 2335 aliquo

979 2336 1244 2368 sententiam
1269 2337 1488 2379 amplecti.
1532 2337 1609 2370 Ple·

979 2390 1120 2421 rumque
1138 2384 1250 2413 nutem
1266 2380 1391 2415 dicitur
1409 2381 1610 2424 simpliciter

982 2425 1307 2467 συγκατατίθεσθαί
1352 2437 1431 2463 un,
1483 2427 1608 2459 omisso

979 2470 1174 2502 accusativo
1199 2467 1260 2512 τὴν
1282 2467 1396 2511 δόξαν.

1025 2514 1097 2545 ἵνα
1130 2524 1196 2545 σοι
1226 2513 1294 2546 καὶ
1328 2515 1529 2556 κερανθῇ
1552 2514 1608 2568 -]

980 2557 1021 2589 V.
1044 2567 1075 2599 p.
1099 2556 1175 2591 497.
1195 2559 1245 2599 B..
1267 2558 1327 2590 ubi
1351 2558 1515 2601 Gorgias:
1538 2556 1599 2591 ᾰλλ

978 2599 1171 2642 ἀποκρίνου
1201 2602 1258 2635 καὶ
1282 2599 1379 2645 ἡμῶν
1402 2602 1520 2641 ἕνεκα,
1553 2604 1610 2636 rm

980 2647 1209 2686 πεῖραι-θῶσιν
1230 2646 1267 2679 οἱ
1287 2644 1389 2690 λόγοι.

1024 2691 1106 2733 Cap.
1131 2691 1238 2724 Lvn.
1267 2691 1308 2723 Ε.
1340 2690 1518 2733 tonatim
1551 2703 1610 2725 τις
