1722 2964
497 62 917 102 Pno'rAeouAS.
949 62 993 100 P.
1013 65 1096 100 344.
1129 62 1203 98 ετ.
1482 57 1574 101 135·

140 187 242 229 τίνα
279 173 362 227 οὖν
401 177 624 240 ἀμήχανος
661 176 871 237 συμφορὰ
911 185 1122 238 καθαιρεῖ
1154 179 1204 222 ἐν
1234 180 1395 222 πλοίου
1426 173 1566 236 ἀρχῇς

143 247 370 310 δῆλονὸτι
394 245 447 295 οὗ
470 245 549 294 τὸν
573 246 774 304 ἰδιώτην·
807 243 830 290 ὁ
855 264 938 304 μεν
960 244 1045 305 γὰρ
1072 242 1249 303 ἰδιώτης
1271 242 1343 290 ἀεὶ
1366 242 1567 303 καθήρη-

141 337 225 365 ται.
275 315 422 374 ὥσπερ
447 308 529 362 οὖν
558 312 612 361 οὐ
634 311 712 360 τὸν
742 311 949 372 κείμενόν
971 333 1036 367 τις
1060 310 1117 360 ἄν
1147 310 1412 371 καταβάλοι,
1453 310 1568 357 ἀλλὰ

142 385 222 432 τὸν
260 404 343 444 μεν
373 381 539 430 ἑστῶτα
570 399 675 428 ποτε
707 379 948 439 καταβάλοι
987 379 1044 428 ἅν
1075 400 1162 440 τις,
1207 380 1319 427 ὥστε
1359 384 1569 439 κείμενον

143 456 340 511 ποιῆσαι,
363 450 441 497 τὸν
466 451 515 497 δὲ
538 455 743 509 κείμενον
760 447 830 506 οὕ,
855 447 970 495 οὕτω
990 451 1064 496 καὶ
1087 448 1165 495 τὸν
1189 447 1442 508 εὐμήχανον
1459 446 1568 494 ὄντα
1591 462 1624 494 D

143 521 248 567 ποτε
271 518 494 578 ἀμήχανος
518 515 574 564 ἂν
597 515 803 576 συμφορὰ
827 519 1036 576 καθέλοι,
1068 515 1147 563 τὸν
1171 518 1222 564 δὲ
1245 515 1316 563 ἀεὶ
1340 515 1570 575 ἀμήχανον

142 587 251 635 ὄντα
275 586 348 634 οὔ·
374 589 449 633 καὶ
473 585 550 633 τὸν
572 584 853 645 κυβερνήτην
869 586 1005 644 μέγας
1029 584 1195 644 χειμὼν
1214 583 1438 631 ἐπιπεσών
1456 582 1572 643 ἀμή-

144 675 282 716 χανον
306 653 362 701 ἂν
393 653 614 714 ποιήσειε,
646 654 722 699 καὶ
753 651 952 713 γεωργὸν
984 652 1154 712 χαλεπὴ
1188 651 1281 714 ὥρα
1316 655 1572 699 ἐπελθοῦσα

144 723 374 783 ἀμήχανον
397 719 454 769 ἂν
476 727 605 781 θείη,
637 722 712 767 καὶ
738 720 890 781 ἰατρὸν
919 719 1058 767 ταύτὰ
1087 724 1238 768 ταῦτα.
1288 723 1350 782 τῷ
1381 721 1463 779 μὲν
1486 718 1571 779 γὰρ

146 794 294 853 ἐσθλῷ
329 794 516 850 ἐγχωρεῖ
543 792 664 852 κακῷ
701 790 937 848 γενέσθαι,
980 788 1129 849 ὥσπερ
1169 791 1242 835 καὶ
1283 787 1389 848 παρ’
1434 787 1573 834 ἄλλον

145 862 330 919 ποιητοῦ
353 868 639 918 μαρτυρεῖται
662 860 741 904 τοῦ
765 855 966 911 εἰπόντος

249 925 387 986 αὐτὰρ
412 924 525 985 ἀνὴρ
550 924 721 984 ἀγαθὸς
738 925 834 972 τοτὲ
857 925 940 984 μὲν
958 924 1106 982 κακός,
1132 923 1289 971 ἄλλοτε
1314 923 1358 971 δ’
1388 922 1572 979 ἐσθλός·

145 997 207 1056 τῷ
232 995 281 1041 δὲ
304 997 424 1056 κακῷ
449 992 531 1040 οὐκ
556 996 744 1053 ἐγχωρεῖ
764 995 994 1051 γενέσθαι,
1020 991 1115 1038 ἀλλ’
1146 993 1217 1039 ἀεὶ
1242 993 1360 1039 εἶναι
1383 991 1571 1051 ἀνάγκη.
1598 1005 1630 1037 E

149 1061 263 1110 ὥστε
294 1061 373 1109 τὸν
394 1061 478 1120 μὲν
510 1060 764 1120 εὐμήχανον
794 1063 869 1106 καὶ
902 1060 1046 1119 σοφὸν
1076 1062 1149 1107 καὶ
1181 1059 1360 1119 ἀγαθὸν
1392 1059 1578 1107 ἐπειδὰν

149 1228 230 1251 (tem
253 1228 275 1250 a
292 1216 487 1250 Simonidis
508 1216 619 1259 longe
642 1216 827 1249 diversam

150 1273 232 1295 esse
276 1262 451 1295 ostendit.
516 1261 828 1303 Quemadmodum

150 1310 277 1341 autem
299 1308 360 1340 hio
373 1309 486 1350 poeta
500 1307 635 1340 bonum
659 1317 739 1339 esse
763 1317 826 1339 ne-

148 1354 285 1386 minem
298 1352 371 1385 nisi
387 1352 493 1385 deum
510 1351 677 1385 defendit
702 1363 747 1386 ex
765 1362 827 1385 ea-

150 1409 221 1441 que
252 1409 291 1431 re
323 1398 553 1440 potissimum
586 1407 717 1438 causa,
764 1407 829 1429 eur

896 1227 1043 1260 χανον
1066 1227 1120 1249 αν
1137 1215 1268 1259 θειη
1294 1217 1319 1249 i
1339 1227 1371 1249 e.
1389 1210 1578 1259 ποιήσειε,

897 1262 1017 1304 Supra
1040 1273 1074 1304 p.
1099 1263 1166 1294 326
1188 1261 1230 1294 A.
1280 1261 1487 1314 Xeno-ph
1507 1261 1578 1303 Cy—

896 1318 974 1350 rop.
996 1308 1060 1347 IV,
1085 1307 1118 1360 6,
1136 1308 1174 1339 2:
1208 1316 1331 1350 ωσπερ
1364 1318 1412 1340 αν
1445 1300 1580 1340 ενδαί·

896 1363 997 1395 μονα
1013 1348 1173 1395 πατέρι»
1182 1354 1276 1391 παῖς
1293 1351 1415 1395 τιμῶν
1431 1351 1578 1394 τιθείη.

895 1398 1078 1440 Imprimis
1107 1398 1152 1430 ab
1175 1398 1336 1431 Homero
1367 1398 1578 1439 ceterisque

148 1444 258 1476 huius
277 1443 448 1475 carminis
470 1443 732 1485 interpretatio
748 1442 827 1475 dia-

149 1489 235 1531 logo
264 1488 406 1520 inserta
437 1488 501 1526 sit,
534 1487 738 1530 repetenda
762 1490 830 1527 est,

151 1534 206 1566 sie
229 1533 452 1585 sapientiam
478 1533 518 1565 in
540 1542 612 1565 uno
635 1532 703 1566 deo
726 1543 830 1575 repe-

148 1579 215 1611 riri
228 1578 348 1621 priore
371 1578 446 1610 iam
461 1579 625 1620 tempore
642 1577 830 1620 Pythago-

148 1634 211 1656 ras
233 1625 490 1666 perspexerat,
512 1633 548 1658 v.
571 1623 680 1666 Diog.
701 1623 828 1656 Laert.

150 1670 182 1706 Ι,
207 1669 263 1701 12:
300 1667 537 1719 φιλοσοφίαν
559 1667 718 1721 πρῶτος
735 1662 828 1702 ωνό-

151 1722 249 1764 μασε
267 1707 506 1765 Πυθαγόρας
523 1707 626 1746 καὶ”
607 1709 748 1747 εαυτὸν
765 1724 829 1755 φι-

153 1752 349 1810 λόσοφον.
369 1755 551 1811 ,μηδένα
563 1752 634 1810 γὰρ
652 1753 753 1792 εἶναι
771 1768 832 1791 σο-

153 1797 233 1845 φὸν
278 1795 488 1845 ἄνθρωπον
528 1797 614 1836 ἀλλ’
655 1795 682 1845 ἧ
720 1798 831 1838 θεόν.

152 1848 322 1882 Pertinet
357 1848 427 1880 huc
467 1848 580 1881 etiam
616 1848 721 1881 loeus
751 1848 832 1881 Ari-

153 1893 278 1926 stotel.
295 1892 397 1925 Meta
399 1893 460 1935 ph.
476 1894 506 1934 Ι,
524 1895 564 1934 2,
588 1893 654 1926 ubi
674 1904 764 1927 vera
787 1903 833 1926 ae

154 1904 835 1990 perfectaseiepntiaabiiominealiena

155 1983 310 2035 dicitur,
351 1992 446 2016 ωστε
476 1994 576 2016 κατα
609 1983 836 2037 Σιμωνίδην

154 2023 252 2067 θεὸς
276 2020 324 2061 ἂν
339 2023 454 2080 μόνος
471 2028 584 2080 τοῦτο
610 2025 689 2071 ἔχοι
706 2023 748 2062 τὸ
757 2026 835 2082 γε’-

155 2084 244 2115 ρας,
269 2066 395 2125 ανδρα
413 2067 452 2106 δ’
469 2067 540 2106 οὐκ
558 2066 696 2126 ἄξιον
718 2068 770 2117 μὴ
789 2068 835 2107 οὗ

156 2118 284 2161 ζητεῖν
312 2114 384 2161 τὴν
414 2113 513 2152 καθ’
537 2113 658 2153 αὑτὸν
681 2113 836 2162 ἐπιστή-

155 2175 244 2206 μην·

201 2209 248 2241 D.
274 2203 355 2242 τὸν
372 2205 422 2242 δὲ
439 2208 660 2252 κείμενον
677 2204 755 2254 οὔ]
782 2210 837 2242 Νο

157 2253 241 2295 quis
263 2253 358 2286 haee
380 2256 518 2287 temere
542 2255 742 2306 inculcata,
760 2256 837 2298 opi-

157 2301 283 2350 netur,
325 2308 435 2339 quum
460 2299 674 2352 praecedat
712 2293 835 2352 ὥσπερ

158 2354 204 2376 ου
227 2337 294 2377 τὸν
315 2338 494 2385 κείμενόν
515 2356 572 2383 τις
595 2356 645 2378 αν
667 2340 837 2389 καταβα-

158 2389 236 2430 λοι,
270 2388 398 2420 eodem
428 2388 532 2422 modo
566 2389 678 2443 Gorg.
709 2401 744 2432 p.
769 2392 835 2423 521

158 2433 206 2465 D.
223 2434 272 2465 Ε·
306 2427 353 2466 ου’
359 2428 465 2486 πρὸς
482 2428 595 2487 χάριν
613 2435 731 2478 λεγων
748 2430 836 2474 τοὺς

161 2474 297 2530 λόγους
320 2488 387 2516 ους
407 2475 499 2521 λέγω
516 2473 713 2532 εκάστοτε,
738 2475 835 2514 αλλὰ

159 2518 255 2575 πρὸς
280 2518 321 2556 τὸ
351 2521 564 2567 βέλτιστον,
598 2535 644 2558 ου
675 2519 770 2568 πρὸς
793 2520 836 2559 τὸ

160 2561 188 2611 ἥ
189 2566 332 2602 δ.ιστον

238 2608 384 2667 αλεπή
432 2606 521 2656 ω’ρα
570 2608 841 2649 ἐπελθοῦσα

161 2624 229 2700 —f
248 2652 522 2712 Ἐπέρχεσθαι,
556 2653 775 2695 ἐπιπίπτειν
803 2664 841 2695 et

164 2695 448 2746 ἐπιπέμπεσθαι
472 2704 644 2737 dicuntur
666 2705 710 2739 de
731 2706 839 2739 malis

165 2750 204 2779 et
221 2748 513 2787 calamitatibus,
534 2760 629 2792 quae
646 2750 794 2784 subito'
784 2762 840 2783 111-

164 2791 291 2826 cidunt
305 2795 366 2827 vel
385 2795 640 2830 immittuntur
660 2813 701 2819 —
725 2790 842 2839 οἰμή-

896 1444 1018 1486 poetis
1041 1443 1102 1475 hie
1125 1453 1213 1475 usus
1235 1443 1341 1476 verbi
1363 1443 1581 1484 frequenta-

898 1492 971 1522 tus.
988 1488 1095 1521 Unde
1112 1487 1379 1521 Athenaeus
1392 1489 1456 1522 XI.
1453 1499 1504 1539 p.
1513 1488 1577 1520 501

899 1532 944 1565 C:
969 1528 1011 1566 τὸ
1027 1531 1188 1588 ποιῆσαι
1205 1533 1372 1567 θεῖναι
1393 1527 1489 1575 πρὸς
1506 1531 1582 1583 τῷν

898 1573 1069 1631 αρχαίων
1085 1572 1246 1630 ἐλέγετο.
1254 1596 1301 1602 -
1316 1576 1396 1612 καὶ
1414 1571 1582 1621 ἰατρὸν

898 1618 1046 1657 ταῦτα
1100 1622 1267 1666 ταῦτα,
1321 1625 1581 1666 pariterque

897 1668 1131 1702 medicum.
1170 1679 1205 1702 v.
1241 1669 1288 1702 ad
1319 1680 1353 1712 p.
1383 1669 1450 1702 326
1481 1668 1515 1702 A
1547 1670 1585 1701 et

899 1714 1066 1768 Sympos.
1083 1725 1119 1768 p.
1138 1715 1203 1747 178
1219 1715 1262 1747 Ε.
1281 1714 1404 1748 Staleb.

946 1754 1052 1802 παρ’
1076 1755 1220 1792 αλλου
1243 1756 1469 1802 ποιητοῦ]
1494 1758 1585 1792 Ver-

902 1814 964 1837 sus
981 1805 1118 1837 incerti
1133 1805 1311 1847 guomiei,
1331 1804 1396 1846 qui
1410 1803 1588 1837 laudatur

904 1850 1017 1882 etiam
1040 1849 1238 1900 Xenoph.
1270 1849 1380 1884 Mem.
1403 1849 1440 1891 Ι,
1463 1850 1507 1891 2,
1530 1849 1587 1882 20.

902 1894 990 1927 Mox
1006 1887 1140 1927 ἄλλοτε
1158 1888 1199 1927 δ’
1211 1897 1296 1937 post
1312 1891 1395 1928 τοτὲ
1412 1874 1484 1937 μέν
1498 1874 1587 1927 ’illa-

904 1942 982 1972 tum
1019 1950 1089 1972 usu
1117 1939 1219 1972 haud
1254 1940 1495 1982 infrequenti.
1549 1949 1586 1972 v.

903 1985 1058 2027 Viger.
1082 1996 1118 2028 p.
1135 1986 1212 2018 792.
1247 1984 1422 2018 Ceterum
1444 1983 1490 2018 de
1511 1984 1588 2018 vir-

906 2034 985 2063 tute
1018 2030 1116 2063 idem
1142 2029 1331 2063 sentiebat
1357 2030 1587 2072 Protagoras

905 2086 942 2118 p.
956 2075 1073 2116 340E‚
1092 2086 1200 2118 quam
1215 2078 1363 2118 partam
1378 2075 1493 2108 facile
1511 2084 1588 2108 ser-

905 2121 988 2154 vari
1004 2130 1111 2163 posse
1127 2121 1313 2154 Hesiodus
1328 2120 1518 2173 voluerat;
1538 2119 1588 2171 ⁰f;

905 2166 1014 2218 Diog.
1032 2166 1159 2199 Laert.
1176 2166 1240 2199 VI.
1260 2166 1342 2199 105:
1368 2159 1521 2207 ἀρέσκει
1546 2158 1586 2197 δ’

907 2205 1040 2250 αὐτοῖς
1063 2209 1131 2244 καὶ
1147 2206 1220 2262 τὴν
1237 2205 1379 2264 αρεττὶν
1395 2177 1589 2263 διδακτὴν

909 2252 1028 2298 εἶναι,
1060 2251 1171 2289 καθά
1204 2264 1326 2311 φησιν
1352 2251 1588 2307 Αντισθένης

905 2297 947 2335 ἒν
963 2300 1019 2354 τῷ
1019 2282 1218 2353 ’”Ηρακλεῖ,
1235 2298 1303 2334 καὶ
1321 2295 1591 2344 ἄναπόβλη·

906 2341 1247 2445 τοῖῷῦπὸᾄὲχιειΐκῷ
1281 2401 1364 2424 ουκ
1398 2385 1415 2424 ἒ
1422 2402 1539 2434 γρχω
1519 2392 1594 2433 ρεῖ

906 2449 927 2480 γ
939 2447 956 2470 ε
966 2449 986 2470 ν
996 2434 1012 2469 ε’
1021 2446 1042 2469 σ
1051 2437 1114 2469 θα
1124 2434 1156 2478 ι]
1172 2425 1589 2481 Ιι110111ςο11ᾶ11111κακῷ,

906 2492 981 2515 11011
1018 2481 1269 2521 inferendum,
1309 2481 1407 2524 quod
1436 2470 1591 2515 volebat

908 2527 1174 2582 Stephanus
1209 2526 1357 2561 Menon.
1397 2538 1433 2569 p.
1466 2528 1510 2559 89
1539 2524 1590 2558 A:

912 2569 947 2605 εἰ
963 2566 1078 2614 φύσει
1096 2568 1136 2605 οἳ
1149 2566 1296 2615 ἁγαθοὶ
1310 2566 1519 2615 ἐγίγνοντο,
1537 2580 1590 2603 sc.

909 2612 1074 2669 ἀγαθοί.
1103 2617 1252 2669 Eurip.
1277 2617 1423 2650 Heeub.
1445 2626 1481 2649 v.
1506 2616 1587 2648 781:

910 2657 1013 2706 νόμῳ
1031 2656 1102 2715 γὰρ
1119 2656 1208 2701 τούς
1225 2658 1345 2701 θεοὺς
1370 2655 1590 2705 ἦγουμεθα,

911 2717 964 2740 se.
987 2702 1119 2746 θεους.
1156 2708 1250 2740 Nam
1277 2708 1333 2740 ita
1364 2706 1460 2740 haee
1487 2708 1591 2740 reete

908 2752 1016 2785 nobis
1032 2752 1198 2786 videmur
1222 2752 1433 2795 explicasse
1453 2751 1501 2786 ad
1516 2751 1594 2786 Eu·

909 2798 1105 2840 thyphron.
1123 2809 1158 2841 p.
1177 2800 1196 2831 3
1214 2797 1256 2832 B.
1274 2797 1395 2833 Stazlb.
