1748 2944
464 242 705 283 GORGIAS.
735 242 778 280 P.
811 244 903 280 489.
935 242 994 280 ed.
1026 241 1081 280 St.
1364 241 1443 277 219

101 358 296 403 λικοῦτος
335 355 420 401 ὤν,
471 352 659 407 ὀνόματα
697 352 923 405 θηρεύων,
972 350 1043 392 καὶ
1081 348 1155 391 ἐάν
1194 364 1257 398 τις
1294 348 1447 404 ῥήματι

103 419 288 475 ἁμάρτῃ,
328 419 502 474 ἕρμαιον
540 415 673 460 τοῦτο’
705 417 983 471 ποιούμενος;
1023 414 1093 470 ἐμὲ
1128 414 1211 469 γὰρ
1238 414 1317 456 οἴει
1343 415 1446 455 ἄλλο
1478 411 1514 456 C

101 501 139 528 τι
180 484 318 540 λέγειν
354 486 402 527 τὸ
439 483 657 539 κρείττους
693 479 802 524 εἶναι
837 482 864 536 ἢ
901 482 949 523 τὸ
984 481 1198 535 βελτίους;
1238 481 1292 522 οὐ
1319 479 1449 522 πάλαι

102 562 171 595 σοι
205 549 337 604 λέγω,
388 547 453 592 ὅτι
498 544 655 592 ταύτόν
705 564 815 603 φημι
861 543 971 589 εἶναι
1004 549 1053 589 τὸ
1090 544 1258 600 βέλτιον
1294 544 1365 588 καὶ
1399 545 1448 586 τὸ

101 620 315 671 κρεῖττον;
343 615 369 670 ἢ
389 616 467 658 οἴει
489 630 538 670 με
562 614 709 670 λέγειν,
740 613 816 656 ἐὰν
836 611 1050 668 συρφετὸς
1070 614 1251 666 συλλεγῆ
1280 611 1450 652 δούλων

103 682 174 726 καὶ
209 682 496 725 παντοδαπῶν
535 676 783 734 ανθρώπων
817 679 998 735 μηδενὸς
1036 678 1165 729 αξίων
1200 675 1312 732 πλὴν
1348 677 1451 726 ι’σως

101 752 161 807 τῷ
191 746 353 801 σώματι
380 747 694 802 ἰσχυρίσασθαι,
731 746 803 789 καὶ
830 747 950 788 οὑτοι
978 750 1140 798 φῶσιν,
1181 743 1289 785 αὐτὰ
1316 749 1450 784 ταῦτα

101 811 211 857 εἶναι
235 814 416 869 νόμιμα;
446 814 543 855 Σῼ.
574 809 694 861 Εἶεν
725 805 760 854 ὦ
784 811 1005 866 σοφώτατε
1037 810 1306 858 Καλλίκλεις”
1337 807 1449 850 οὕτω

102 878 258 935 λέγεις;
310 882 444 922 ΚΑΛ.
486 880 615 920 Πάνυ
642 879 720 933 μὲν
747 874 840 920 οὖν.
898 878 1000 918 Σῼ.
1039 876 1142 917 Ἀλλ’
1172 874 1255 928 ἐγὼ
1282 873 1385 928 μέν,
1417 867 1451 915 ὦ
1490 876 1532 918 D

102 947 307 1001 δαιμόνιε,
335 944 406 987 καὶ
434 945 563 994 αὐτὸς
589 945 718 986 πάλαι
745 943 914 995 τοπάζω
943 942 1144 985 τοιοῦτόν
1170 941 1211 982 τί
1240 950 1285 982 σε
1313 937 1451 994 λέγειν

102 1013 149 1054 τὸ
189 1014 395 1063 κρεῖττον,
435 1009 506 1052 καὶ
544 1010 742 1063 α’νερωτῶ
779 1009 1028 1063 γλιχόμενος
1064 1009 1213 1061 σαφῶς
1243 1004 1398 1048 εἰδέναι
1426 1002 1450 1047 ὅ

102 1092 142 1119 τι
168 1075 312 1131 λέγεις.
350 1077 404 1119 οὐ
444 1077 527 1131 γὰρ
565 1076 708 1130 δήπου
745 1075 799 1116 σύ
825 1089 874 1129 γε
901 1074 1002 1124 τοὺς
1030 1074 1110 1116 δύο
1139 1073 1332 1127 βελτίους
1358 1072 1454 1127 ἡγεῖ

104 1150 182 1185 τοῦ
220 1142 339 1193 ἑνός,
378 1141 477 1184 οὐδὲ
514 1141 616 1191 τοὺς
653 1141 756 1190 σοὺς
793 1140 978 1189 δούλους
1017 1140 1209 1192 βελτίους
1243 1142 1346 1187 σοῦ,
1388 1135 1452 1179 ὅτι

105 1208 370 1263 ἰσχυρότεροί
407 1208 512 1249 εἰσιν
548 1207 575 1261 ἢ
613 1207 677 1248 σύ.
719 1206 824 1248 ἀλλὰ
861 1207 989 1248 πάλιν
1024 1204 1065 1256 ἐξ
1104 1205 1234 1259 ἀρχῆς
1263 1203 1373 1255 εἶπέ,
1412 1204 1453 1245 τί

106 1288 208 1316 ποτε
235 1271 367 1327 λέγεις
391 1273 491 1322 τοὺς
518 1273 721 1327 βελτίους,
751 1271 893 1327 ἐπειδὴ
923 1272 976 1313 οὐ
1003 1270 1104 1320 τοὺς
1132 1267 1431 1325 ἰσχυροτέρους
1440 1287 1451 1320 3

106 1340 190 1391 καί,
223 1334 256 1381 ὦ
275 1339 499 1394 θαυμάσιε,
528 1338 765 1392 πραότερόν
786 1352 837 1392 με
863 1337 1134 1392 προδίδασκε,
1164 1336 1236 1378 ἵνα
1263 1335 1321 1391 μὴ
1349 1336 1451 1378 ἄπο-

172 1487 211 1520 Β.
259 1485 304 1519 δέ
328 1498 394 1521 τις
419 1484 521 1518 κατὰ
547 1483 618 1518 τὸν
644 1483 799 1528 νόμον]
825 1481 908 1517 κατὰ
934 1481 1043 1523 νόμον
1066 1483 1154 1516 coni.
1180 1483 1355 1527 Hirschig.

172 1577 215 1610 D.
262 1575 404 1620 λὲγεις
438 1573 540 1611 τοὺς
572 1574 800 1619 βελτίους]
832 1575 874 1607 V.
906 1569 985 1609 toti-s·
1008 1575 1225 1617 βελτίστους,
1259 1573 1350 1616 quod
1375 1584 1451 1607 sua-

106 1622 206 1655 dente
231 1622 400 1656 Cornario
424 1634 442 1656 e
465 1622 568 1656 vind.
594 1621 624 1655 1.
648 1621 680 1656 6.
704 1621 923 1654 mutavimus.
960 1621 1109 1654 Mutavit
1131 1620 1235 1653 etiam
1258 1620 1406 1652 Bekker.

105 1760 228 1803 poris
258 1760 415 1792 robore
445 1758 646 1799 valeant,
686 1757 744 1790 hi-

107 1815 189 1847 que
233 1805 387 1847 aliqua
432 1807 652 1844 statuant,
699 1814 744 1835 ea

107 1852 207 1893 ipsa.
237 1860 336 1882 esse
358 1849 590 1892 legitima?
626 1849 667 1881 In
690 1849 745 1880 his

813 1757 859 1800 (h.
882 1757 931 1799 l.).
973 1756 1048 1789 Der
1071 1760 1203 1788 ammte
1225 1755 1300 1788 und
1321 1755 1453 1788 schwei-

804 1803 912 1845 fende
937 1801 1116 1834 Gebmuck
1145 1801 1188 1834 ist
1213 1812 1303 1843 yanz
1333 1801 1370 1833 in
1393 1800 1456 1833 der

816 1849 883 1880 Art
905 1848 967 1880 der
989 1847 1065 1880 dore
1082 1845 1334 1889 Sprechenden.
1336 1847 1353 1860 ''
1388 1846 1455 1878 Ita

106 1896 228 1928 durum
252 1899 314 1935 est,
346 1894 435 1937 quod
462 1899 554 1935 φῶσι
578 1898 670 1927 caret
693 1905 746 1926 ac·

107 1941 260 1974 cusativo
306 1951 379 1973 suo.
447 1941 567 1982 Itaque
611 1940 745 1972 Hein-

105 1986 279 2019 dorfius
300 1985 466 2029 probante
482 1986 745 2018 Buttmanno

110 2035 226 2072 φῶσιν
265 2029 360 2070 ἄττα,
402 2034 504 2063 ταῦτα
542 2026 634 2063 εἶναι
671 2029 744 2070 νόμ.

104 2077 288 2120 legendum
329 2077 496 2117 coniecit,
552 2075 643 2118 quod
696 2087 747 2108 re-

107 2123 196 2165 cepit
218 2123 451 2154 Hermann.
482 2126 515 2154 et
543 2121 633 2164 quod
658 2126 746 2154 certe

108 2169 220 2200 lenius
244 2174 295 2200 est
323 2179 425 2210 quam
447 2167 635 2200 Heusdii
659 2178 747 2199 com—

109 2218 275 2253 mentum,
314 2214 373 2255 qui
410 2214 459 2245 F1
470 2223 562 2245 01111
600 2214 748 2256 vestigia

109 2259 227 2301 legens
257 2258 495 2311 corrigendum
526 2259 674 2291 censuit:

110 2304 372 2346 [oxvptcſtrctostac
396 2301 540 2359 unitovsr
555 2299 646 2337 εἶναι
667 2302 747 2338 τοὺς

108 2361 294 2390 κρὸίῖῖῠυέ,
320 2360 375 2381 καί
391 2346 413 2381 ἃ
434 2346 479 2380 ἂν
498 2361 593 2382 Ουῒθι
621 2348 746 2390 φῶσιν,

109 2408 136 2427 κ.
162 2407 186 2427 τ.
212 2397 238 2427 λ.
286 2395 363 2437 Ipse
393 2394 476 2426 olim
507 2406 561 2427 και
592 2395 628 2426 in
657 2393 679 2427 ἃ
707 2392 748 2427 ἂν

108 2440 307 2472 mutandum
322 2439 494 2482 putabam
518 2441 628 2480 Nunc,
641 2451 747 2482 quon-

109 2488 178 2518 iam
211 2485 310 2518 video
342 2484 479 2517 codices
513 2496 630 2518 omnes
660 2487 747 2518 tueri

109 2531 290 2564 lectionem
344 2530 538 2572 vulgatam,
598 2531 748 2563 Thier-

112 2588 128 2608 s
137 2587 155 2608 c
162 2577 205 2608 hi
214 2587 238 2608 u
245 2587 278 2608 m
331 2575 539 2608 audiendum
593 2575 748 2617 arbitror,

113 2622 172 2664 qui
204 2622 262 2654 Gr.
295 2622 352 2654 Gr.
385 2632 417 2663 p.
448 2620 526 2655 505.
555 2621 608 2653 ed.
638 2620 670 2654 3.
699 2622 749 2654 ita

111 2667 268 2709 scripsit:
291 2666 465 2708 „Manche
488 2666 618 2699 activen
642 2666 750 2699 Verba

112 2712 244 2745 werden
257 2712 304 2744 im
320 2711 553 2754 nachleiesiyen
568 2711 750 2745 Amdruck

112 2757 196 2790 ohne
236 2757 391 2790 Accusat.
438 2756 490 2789 als
533 2757 751 2790 intransitiva

110 2801 302 2845 qebraucht.
345 2801 392 2836 So
414 2802 500 2835 heim
523 2802 623 2836 Plato
647 2800 750 2847 Gorg.

814 1904 879 1936 que
912 1890 997 1925 αὐτὰ
1030 1904 1132 1925 ταυτα
1138 1892 1316 1946 ponitur,
1351 1902 1392 1924 ae
1424 1891 1455 1924 si

813 1938 1030 1994 praecederet
1071 1937 1092 1970 ἃ
1132 1934 1176 1969 ἄν
1216 1937 1342 1978 φῶσιν.
1399 1936 1455 1969 Ad

815 1982 904 2027 πλὴν
934 1984 1026 2018 ἴσως
1063 1983 1171 2016 intell.
1208 1980 1321 2024 α’ξίων
1353 1980 1454 2016 τινός.

815 2031 902 2062 Nam
948 2032 993 2073 τῷ
1038 2027 1164 2069 σώματι
1204 2028 1455 2070 ι”σχυρισασθαι

815 2080 944 2116 esteo‚
965 2075 1078 2117 quod
1098 2085 1277 2117 corpore
1291 2073 1454 2107 valent.

814 2121 925 2153 Pravo
955 2120 1182 2153 Heindorf.
1216 2123 1262 2164 τῷ
1295 2131 1324 2152 σ.
1357 2118 1453 2161 ἰσχυ-

818 2167 985 2207 ρίσασθαι
998 2167 1240 2209 interpretatur
1260 2177 1277 2198 c
1286 2176 1305 2198 ο
1314 2177 1331 2198 1·
1338 2176 1358 2208 p
1367 2176 1387 2197 o
1395 2166 1455 2197 ris

814 2211 989 2244 viribus
1026 2212 1188 2251 fidere,
1231 2222 1319 2253 quae
1358 2210 1456 2243 verbi

815 2258 1020 2301 significatio
1033 2258 1075 2290 ab
1089 2258 1155 2290 hoe
1169 2257 1247 2290 loco
1264 2257 1379 2289 aliena
1394 2260 1456 2288 est.

859 2305 902 2335 D.
968 2314 1066 2337 tots
1123 2301 1200 2335 δύο
1247 2302 1456 2344 βελτίους

817 2346 914 2392 ἡγεῖ
935 2352 1008 2380 τοῦ
1033 2347 1153 2391 ἑνός]
1182 2347 1290 2380 Plena
1314 2348 1344 2380 si
1367 2351 1458 2380 esset

815 2395 942 2433 oratio,
993 2393 1146 2426 additum
1180 2392 1368 2440 legeretur:
1407 2390 1455 2425 ὅτι

818 2438 1042 2482 ἰσχυρότεροι
1056 2438 1148 2471 elon
1172 2436 1192 2482 ἢ
1218 2436 1236 2471 ὁ
1262 2441 1324 2473 εἰς.
1354 2438 1456 2471 Nune

815 2485 901 2518 haee
935 2485 1010 2527 ipsa
1043 2486 1213 2517 sententia
1247 2495 1266 2517 e
1289 2484 1456 2527 proximis

817 2530 930 2563 verbis
955 2530 1106 2562 eruenda
1125 2533 1185 2562 est.

863 2577 903 2608 τί
943 2587 1046 2607 ποτε
1086 2574 1232 2618 λέγεις
1268 2572 1366 2608 τοὺς
1403 2573 1455 2616 ff]

817 2622 870 2654 Ne
908 2621 984 2662 quis
1025 2631 1101 2653 eum
1130 2620 1323 2653 Routhio
1363 2621 1457 2653 tiras

818 2666 986 2709 corrigat,
1040 2666 1187 2699 eontulit
1231 2665 1457 2698 Heindorh'

818 2713 993 2754 Protagor.
1010 2723 1042 2754 p.
1058 2710 1136 2745 311.
1152 2713 1196 2744 E:
1224 2708 1326 2744 ainis
1351 2709 1390 2742 δὲ
1415 2707 1457 2763 δη

819 2769 867 2791 ως
899 2759 939 2789 τί
969 2755 1204 2810 γειησόμενος
1241 2757 1331 2797 ἔρχει
1364 2766 1458 2796 παρα

821 2800 1082 2846 Πρωταγόραν,
1119 2803 1180 2835 ubi
1213 2805 1328 2835 tamen
1363 2811 1458 2834 nune
