1722 2964
190 96 273 140 134
735 99 1038 137 PLATONJS

187 213 370 271 λέγοντα
392 210 470 258 τὸν
492 210 712 258 Πιττακὸν
742 213 816 257 καὶ
841 217 1099 271 Σιμωνίδην
1121 211 1489 272 ἀποκρινομένου,
1522 218 1587 260 εἰ-

187 277 343 326 πόντοι·
354 272 409 325 Ω
431 276 676 336 ανθρωποι,
700 277 891 338 χαλεπὸν
913 279 1075 326 ἐσθλὸν
1093 283 1289 338 ἔμμεναι,
1311 279 1392 326 τὸν
1409 278 1498 326 δὲ’
1474 298 1587 327 απο-

109 359 175 391 344
187 344 462 407 κρινόμενον,
486 344 552 390 ὅτι
566 338 620 391 Ω
642 347 846 403 Πιττακέ,
870 344 951 392 οὐκ
974 343 1119 404 ἀληθῆ
1145 348 1305 404 λέγεις·
1338 345 1391 393 οὐ
1415 345 1498 405 γὰρ
1522 347 1586 394 εἶ-

186 432 281 470 ναι,
314 411 424 457 ἀλλὰ
447 413 657 469 γενέσθαι
680 414 763 470 μέν
787 414 905 458 ἐστιν
934 410 1077 471 ἄνδρα
1101 411 1275 471 ἀγαθὸν
1296 418 1424 472 χερσί
1443 431 1489 459 τε
1513 414 1587 459 καὶ

186 481 290 525 ποσὶ
313 479 387 523 καὶ
410 477 500 539 νόῳ
522 477 818 538 τετράγωνον,
849 477 958 525 ἄνευ
983 479 1124 537 ψόγου
1147 481 1433 538 τετυγμένον,
1457 486 1589 538 χαλε-

186 545 272 591 πὸν
294 543 506 597 ἀλαθέως.
533 543 650 591 οὕτω
674 550 876 604 φαίνεται
900 545 1008 605 πρὸς
1027 545 1158 603 λόγον
1180 545 1228 591 τὸ
1251 548 1348 604 μέν
1372 549 1588 605 ἐμβεβλη-

185 613 320 670 μένον
343 612 416 657 καὶ
439 610 496 657 τὸ
520 609 766 665 ἀλαθέως
789 611 935 671 ὀρθῶς
961 611 1028 658 ἐπ’
1058 611 1224 674 ἐσχάτῳ
1249 618 1465 671 κείμενον.
1513 614 1588 658 καὶ

184 677 237 724 τὰ
277 675 454 724 ἐπιόντα
493 676 636 725 πάντα
676 677 814 740 τούτῳ
853 690 1080 761 μαρτυρεῖ,
1121 678 1188 725 ὅτι
1227 678 1364 732 οὕτως
1381 687 1583 759 ‘domam

186 744 325 791 πολλὰ
355 745 436 803 μὲν
465 743 548 804 γὰρ
580 750 671 791 ἔστι
701 746 775 791 καὶ
805 747 906 804 περὶ
943 745 1127 792 ἑκάστου
1156 749 1245 791 τῶν
1269 765 1319 791 εν
1340 748 1401 807 τῷ
1425 744 1582 806 ᾅσματι

131 822 161 855 Β
188 813 432 872 εἰρημένων
455 810 697 869 ἀποδεῖξαι,
723 811 780 866 ὦς
805 806 854 858 εὖ
878 818 1128 870 πεποίηται
1161 811 1279 858 πάνυ
1303 831 1385 871 γαρ
1409 813 1585 871 χαριέν-

184 897 268 932 τως
291 880 366 924 καὶ
387 880 693 936 μεμελημένως
717 884 824 937 ἔχει·
849 877 960 924 ἀλλὰ
982 878 1150 937 μακρὸν
1171 898 1228 925 αν
1251 887 1318 937 εἴη
1342 877 1447 925 αὐτὸ
1470 876 1584 924 οὕτω

187 949 395 991 διελθεῖν.
422 944 532 990 ἀλλὰ
549 944 627 991 τὸν
648 944 788 991 τύπον
811 944 946 991 αὐτοῦ
968 945 1045 992 τὸν
1067 943 1172 992 ὅλον
1195 947 1489 1003 διεξέλθωμεν
1512 946 1586 990 καὶ

184 1011 265 1069 τὴν
288 1010 524 1069 βούλησιν,
548 1009 614 1056 ὅτι
641 1011 800 1064 παντὸς
824 1014 989 1069 μᾶλλον
1013 1010 1185 1070 ἔλεγχός
1210 1014 1299 1057 ἐστι
1321 1014 1399 1058 τοῦ
1422 1018 1587 1057 Πιττα-

183 1083 306 1124 κείου
330 1076 516 1138 ῥήματος
541 1077 614 1123 διὰ
638 1076 799 1131 παντὸς
822 1080 899 1123 τοῦ
923 1075 1123 1138 ᾅσματος.

284 1166 387 1225 Cap.
414 1166 554 1213 XXX
592 1168 725 1224 Λέγει
747 1165 830 1225 γὰρ
853 1165 960 1224 μετὰ
982 1169 1109 1212 τοῦτο
1132 1164 1259 1224 ὀλίγα
1284 1164 1492 1222 διελθών,
1528 1163 1588 1218 ὥς

181 1253 238 1279 αν
261 1239 304 1280 εἰ
324 1235 442 1292 λέγοι
467 1232 621 1292 λόγον,
661 1251 726 1278 οτι
750 1235 958 1291 γενέσθαι
982 1233 1064 1291 μὲν
1087 1231 1229 1292 ἄνδρα
1253 1231 1425 1290 αγαθὸν
1457 1237 1588 1291 χαλε-

182 1298 267 1348 πὸν
290 1300 507 1358 ἀλαθέως,
531 1298 627 1347 οἷόν
649 1319 696 1346 τε
718 1301 866 1358 μέντοι
891 1302 968 1346 ἐπί
986 1319 1036 1358 γε
1059 1298 1223 1359 χρόνον
1241 1299 1358 1345 τινά·
1406 1297 1588 1356 γενόμε-

129 1382 156 1416 0
180 1386 262 1414 νον
284 1368 332 1414 δὲ
357 1369 582 1426 διαμένειν
606 1370 655 1412 ἐν
677 1365 813 1426 ταύτῃ
831 1370 883 1426 τῇ
902 1369 988 1420 ἕξει
1012 1368 1086 1412 καὶ
1104 1366 1217 1412 εἶναι
1240 1364 1382 1424 ανδρα
1399 1363 1588 1423 ἀγαθόν,

182 1433 240 1488 ὡς
263 1434 319 1480 σὺ
343 1436 506 1492 λέγεις,
539 1428 573 1479 ὦ
597 1435 808 1490 Πιττακέ,
842 1432 1062 1479 ἀδύνατον
1085 1435 1158 1478 καὶ
1188 1431 1268 1478 οὐκ
1291 1431 1589 1490 ἀνθρώπειον,

180 1500 291 1547 ἀλλὰ
314 1499 422 1554 θεὸς
445 1498 501 1546 ἂν
523 1499 654 1559 μόνος
678 1503 804 1546 τοῦτο
830 1503 918 1558 ἔχοι
941 1499 990 1545 τὸ
1013 1502 1159 1558 γέρας,

398 1587 540 1647 ἄνδρα
558 1587 599 1634 δ’
628 1587 709 1635 οὐκ
733 1593 823 1634 ἔστι
846 1587 905 1646 μὴ
929 1586 982 1633 οὐ
1005 1587 1142 1633 κακὸν
1165 1592 1368 1645 ἔμμεναι,

396 1654 449 1701 ὃν
471 1654 528 1702 ἂν
550 1654 772 1714 ἀμήχανος
797 1653 1001 1714 συμφορὰ
1026 1656 1204 1712 καθέλῃ.

268 1786 310 1818 Ρ.
327 1787 404 1820 344.
430 1797 545 1819 ουτω
564 1785 786 1838 φαίνεται
803 1780 915 1827 πρὸς
934 1779 1088 1828 λόγον]
1115 1785 1205 1816 Post
1221 1782 1402 1826 φαίνεται
1419 1782 1457 1814 ἰιι
1472 1782 1588 1814 omni

180 1831 246 1864 bus
270 1831 375 1864 libris
398 1831 533 1873 legitur
550 1827 610 1872 τὸ,
636 1830 729 1873 quod
755 1839 834 1862 cum
858 1833 994 1862 recent.
1022 1829 1107 1861 edit.
1125 1828 1340 1862 delevimus.
1377 1827 1456 1860 Iam
1471 1826 1587 1860 Hein-

181 1876 272 1909 dorf.
290 1875 483 1909 delendum
500 1878 564 1907 aut
580 1876 618 1907 in
635 1885 692 1907 τοι
709 1874 917 1907 mutandum
936 1875 1091 1908 censuit

182 1986 256 2019 des
280 1986 565 2028 respondeat.
602 1986 761 2018 Verbum
779 1979 851 2018 ὑπ-

183 2033 304 2064 ειπεῖν
322 2030 505 2073 signiflcat
525 2031 579 2062 ita
602 2030 850 2071 interpretari,

182 2078 224 2108 ut
245 2075 289 2107 de
306 2078 369 2107 tuo
394 2074 534 2116 aliquid
551 2074 747 2116 subiicias,
772 2075 850 2107 sive

180 2119 362 2161 loquendo
379 2120 457 2152 sive
474 2119 682 2160 cogitando.
702 2136 743 2141 —
766 2118 851 2151 Mox

184 2167 270 2197 ante
301 2158 457 2197 εἰπόντα
479 2162 757 2205 intelligendum
786 2157 851 2195 τὸν

183 2205 270 2251 μέν,
298 2218 371 2241 ιιοιι
386 2219 466 2242 cum
483 2207 712 2249 Stephano
737 2207 849 2239 infor-

184 2251 363 2287 ciendum.
394 2263 428 2286 v.
447 2251 494 2285 ad
509 2263 542 2295 p.
561 2253 626 2285 330
641 2251 684 2285 A.

228 2297 269 2331 P.
302 2299 380 2331 344.
426 2292 591 2330 καὶτὰ
630 2289 750 2329 ἔπιθ’
764 2306 854 2328 ντα

183 2336 352 2392 wavra]
387 2342 426 2375 Ρ.
452 2342 518 2374 345
535 2340 581 2373 C:
613 2338 679 2373 καὶ
703 2335 748 2372 τὰ
775 2334 855 2372 ἐπι-

185 2395 299 2463 οόνὶα
293 2395 334 2427 γε
357 2385 424 2418 τοῦ
447 2379 615 2438 ᾄσματος
638 2381 692 2418 ἔτι
710 2383 855 2427 μᾶλλον

211 2441 234 2473 η
258 2431 309 2463 οῖ.

229 2473 271 2508 Β.
318 2467 432 2507 α’λλα
471 2469 550 2507 τὸν
588 2483 733 2507 τυπον
770 2466 853 2506 αὖ·

186 2517 264 2552 τοῦ
296 2513 376 2552 τὸν
403 2511 513 2551 ὅλον
544 2517 579 2551 δ,
611 2529 649 2551 κ.
681 2529 711 2551 τ.
745 2511 854 2560 βου-

187 2561 341 2606 λησιν]
371 2557 497 2601 Τύπος
515 2572 624 2603 quum
641 2562 784 2605 proprie
800 2561 854 2593 di-

185 2612 291 2640 catur
327 2607 372 2640 de
411 2606 686 2639 adumbratione
726 2606 854 2649 imagi-

185 2661 288 2692 num,
330 2663 352 2685 a
392 2651 619 2694 philosophis
658 2654 856 2693 usurpatur

182 2705 445 2738 saepenumero
461 2696 505 2729 de
528 2696 701 2728 universa
717 2694 855 2728 descri-

181 2741 305 2783 ptione
339 2751 381 2774 ac
412 2740 622 2774 definitione
662 2739 853 2780 orationis,

183 2784 464 2829 disputationis,
491 2785 663 2818 carminis
682 2784 852 2825 alicuius,

918 1995 1014 2026 quae
1053 1984 1277 2026 singulorum
1322 1983 1515 2015 verborum
1555 1981 1593 2013 et

919 2031 1212 2071 argumentorum
1236 2027 1408 2060 subtilius
1438 2034 1592 2058 examen

918 2077 1153 2116 aspernatur,
1195 2075 1231 2104 et
1263 2081 1386 2104 eorum
1417 2079 1591 2102 summam

918 2119 1047 2160 paucis
1078 2117 1342 2159 complectitur.
1390 2115 1506 2148 Plat.
1534 2115 1589 2146 De

918 2163 1007 2204 Rep.
1034 2162 1095 2194 VI.
1122 2171 1154 2203 p.
1178 2162 1242 2193 491
1267 2159 1311 2198 C,
1348 2159 1411 2192 ubi
1438 2168 1472 2192 v.
1505 2168 1590 2190 anu.

918 2205 1156 2239 Aristotel.
1180 2203 1458 2236 Ethic.Nicom.
1481 2202 1593 2242 1,11·

923 2244 1021 2284 καθ’
1046 2243 1135 2282 ολου
1166 2245 1208 2281 δὲ
1232 2246 1296 2281 καὶ
1323 2258 1426 2292 τυπῳ
1456 2227 1595 2289 λεχθὲν

923 2289 1011 2372 εάιξ
1110 2292 1302 2379 gem,
1251 2289 1291 2335 ³
1293 2257 1596 2385 (τιοὲηῗεῖῗεε

949 2349 967 2371 e
1036 2349 1057 2370 a
1166 2350 1177 2369 1
1195 2348 1214 2370 e

922 2384 1003 2417 vult
1020 2392 1194 2415 summam
1215 2385 1252 2414 et
1269 2380 1462 2414 consilium
1478 2378 1591 2411 totius

924 2428 1095 2460 carminis
1118 2426 1317 2459 Simonidei
1348 2424 1510 2457 breviter
1539 2422 1595 2454 in·

923 2472 1067 2513 dicare,
1098 2472 1136 2504 in
1158 2469 1381 2512 singulorum
1402 2468 1596 2500 verborum

922 2516 1226 2559 interpretatione
1256 2524 1328 2547 non
1358 2511 1493 2545 diutius
1517 2521 1593 2543 mo-

922 2562 1005 2594 rari.
1037 2561 1156 2593 Staltb.

945 2605 1032 2647 Cap
1043 2604 1156 2636 XXX.
1170 2603 1209 2636 C.
1223 2594 1596 2642 καὶοῦιιᾶνθρω-

921 2647 1072 2691 πειον]
1099 2649 1270 2682 Socraten
1292 2655 1405 2685 nunc,
1431 2654 1526 2685 quae
1544 2642 1597 2677 ad.

921 2695 1146 2736 Protagorae
1170 2670 1489 2741 reprehonei6ncm
1504 2688 1588 2720 reii-

924 2738 1090 2771 ciendam
1112 2747 1223 2780 supra
1246 2746 1280 2778 p.
1303 2736 1370 2768 340
1388 2734 1414 2765 B
1444 2733 1595 2766 inchoa·

923 2786 1047 2824 verat,
1071 2780 1302 2825 persequitur
1318 2782 1354 2812 et
1370 2778 1511 2811 Pittaci
1531 2786 1595 2811 vo·
