1702 2924
413 185 656 225 GORGIAS.
685 185 729 224 P.
761 187 855 223 480.
888 187 982 223 481.
1011 185 1071 224 ed.
1102 185 1159 224 St.
1184 179 1189 184 '
1388 187 1465 222 189

110 309 158 349 γε
198 290 253 336 αὖ
289 294 582 348 μεταβαλόντα
620 293 657 335 εἰ
691 296 776 347 α”ρα
803 293 870 335 δεῖ
896 308 994 335 τινα
1022 295 1162 342 κακῶς
1189 296 1350 344 ποιεῖν,
1393 293 1466 335 εἴτ’

115 359 275 414 ἐχθρὸν
296 360 378 401 εἴτε
404 360 618 411 ὁντινοῦν,
648 357 723 401 ἐὰν
751 359 888 413 μόνον
915 358 974 413 μὴ
1003 359 1132 408 αὐτὸς
1158 354 1354 413 ἀδικῆται
1380 358 1467 401 ὑπὸ

114 432 192 467 τοῦ
232 424 413 480 ἐχθροῦ·
451 431 579 466 τοῦτο
616 424 694 478 μὲν
728 423 812 477 γὰρ
841 422 1119 478 εὐλαβητέον·
1161 423 1237 467 ἐὰν
1264 424 1309 466 δὲ
1337 426 1469 466 ἄλλον

117 486 241 545 ἀδικῇ
271 489 295 532 ὁ
323 488 490 544 ἐχθρός,
518 489 646 532 παντὶ
672 490 817 545 τρόπῳ
844 489 1218 542 παρασκευαστέον
1243 489 1315 531 καὶ
1342 490 1469 543 πράτ-

114 571 243 597 τοντα
270 554 341 597 καὶ
369 553 556 609 λέγοντα,
600 551 716 604 ὅπως
743 553 799 609 μὴ
828 555 889 611 δῷ
919 555 1055 609 δίκην,
1084 555 1190 610 μηδὲ
1219 553 1325 609 ἔλθῃ
1353 554 1469 607 παρὰ
1499 556 1577 597 481

114 623 192 662 τὸν
225 621 451 675 δικαστήν·
492 618 567 662 ἐὰν
607 619 652 662 δὲ
679 618 799 674 ἔλθῃ,
838 619 1115 674 μηχανητέον,
1156 620 1272 669 ὅπως
1301 635 1356 662 αν
1382 621 1469 662 δια-

115 688 234 741 φύγῃ
272 685 343 728 καὶ
381 685 438 740 μὴ
477 686 538 743 δῷ
576 686 700 740 δίκην
728 685 752 726 ὁ
782 684 953 739 ἐχθρός,
994 683 1084 727 αλλ’
1115 685 1190 727 έοὶν
1217 701 1260 727 τε
1290 687 1470 740 χρυσίον

114 751 316 806 ἡρπακὼς
344 767 370 805 ῃ
399 753 531 800 πολύ,
571 749 628 805 μὴ
657 747 848 808 ἀποδιδῷ
877 755 1026 801 τοῦτο,
1068 747 1157 792 αλλ’
1188 749 1295 805 ἔχων
1324 753 1469 793 α’ναλί-

117 827 265 871 σκηται
300 817 372 857 καὶ
413 817 470 866 εἰς
506 814 662 858 ἑαυτὸν
698 816 768 857 καὶ
806 817 864 865 εἰς
901 816 1002 865 τοὺς
1029 815 1184 858 ἑαυτοῦ
1212 816 1372 866 α’δίκως
1398 817 1470 859 καὶ

117 876 274 930 ἀθέως,
304 880 379 922 ἐάν
406 896 449 922 τε
477 882 674 923 θανάτου
701 880 798 932 ἄξια
826 881 1039 935 ἠδικηκὼς
1066 879 1108 935 ᾖ.
1136 881 1252 931 ὅπως
1279 883 1336 937 μὴ
1367 881 1469 924 ἁπο-

116 949 335 997 θανεῖται,
376 948 555 999 μάλιστα
594 947 672 1000 μὲν
709 944 939 1001 μηδέποτε,
979 942 1070 987 ἀλλ’
1109 945 1330 996 ἀθάνατος
1358 946 1472 990 ἔσται

114 1011 304 1065 πονηρὸς
324 1012 397 1062 ὧν,
428 1010 526 1053 εἰδὲ
549 1013 620 1065 μή,
652 1008 768 1061 ὅπως
788 1012 844 1061 ὡς
867 1015 1065 1054 πλεῖστον
1084 1013 1244 1066 χρόνον
1272 1014 1471 1066 βιώσεται
1501 1015 1537 1057 Β

182 1150 219 1182 Ρ.
243 1148 320 1183 481.
367 1146 486 1185 ὅπως
517 1148 569 1194 μὴ
602 1149 659 1194 δῷ
692 1150 839 1194 δίκην]
873 1151 914 1183 V.
947 1150 1040 1194 διδῷ.
1090 1152 1266 1184 Aoi-istum
1290 1157 1473 1185 servarunt

117 1195 235 1228 Clark.
259 1196 338 1228 Vnt.
360 1196 447 1230 Ven.
474 1195 555 1228 ΞΣ.
587 1196 689 1228 Vind.
716 1197 747 1229 1.
770 1195 802 1229 2.
827 1196 858 1229 6.
884 1195 914 1229 7.
945 1197 1023 1230 Par.
1046 1197 1240 1230 BCFIW.
1271 1198 1364 1231 Flor.
1388 1209 1417 1230 a.
1437 1197 1470 1231 b.

117 1251 146 1274 c.
170 1240 201 1272 d.
224 1252 270 1273 m.
293 1252 324 1273 o.
346 1252 380 1272 Χ.
405 1241 502 1275 BodL
528 1241 617 1283 Aug.
641 1242 781 1273 Meerm.

185 1283 300 1319 ὅπως
332 1283 383 1316 ἂι
414 1285 610 1328 διαφύγῃ
644 1286 713 1318 καὶ
739 1283 792 1329 μὴ
819 1286 876 1330 δῷ
901 1286 950 1329 8.]
984 1287 1024 1320 V.
1051 1286 1134 1330 δῴη.
1182 1288 1287 1320 Recte
1311 1288 1413 1320 Vind.
1439 1288 1470 1321 6.

119 1330 210 1362 Flor.
235 1341 270 1362 Χ.
303 1330 353 1373 δῷ
386 1329 415 1362 δ.
462 1331 503 1362 Ιιι
527 1331 618 1363 Flor.
644 1330 674 1362 d.
707 1336 759 1363 est
789 1331 875 1375 διδῷ
906 1331 984 1374 δίκη
989 1345 1016 1363 1.
1049 1333 1136 1365 conf.
1170 1337 1287 1365 annot.
1335 1334 1420 1366 Mox
1451 1328 1472 1375 ᾖ

117 1379 195 1417 post
226 1372 390 1418 ἡρπακώς
414 1387 480 1407 om.
505 1375 621 1408 Clark.
646 1376 723 1408 Vat.
747 1377 850 1408 Vind.
876 1376 904 1409 1.
930 1377 962 1410 6.
995 1378 1070 1409 Par.
1096 1378 1294 1410 BCFIW.
1325 1379 1417 1411 Flor.
1442 1390 1471 1411 a.

117 1419 149 1452 b.
175 1430 205 1453 c.
228 1431 273 1452 m.
297 1430 329 1453 ο.
353 1431 387 1452 Χ.
411 1424 444 1453 et
466 1431 515 1463 pr.
540 1422 579 1454 E.
628 1421 729 1462 Quod
760 1422 790 1453 si
822 1432 942 1454 verum
974 1427 1036 1463 est,
1070 1434 1113 1455 ex
1137 1424 1294 1465 proximo
1319 1424 1471 1456 membro

116 1459 137 1507 ἦ
162 1465 425 1508 intelligendum
449 1466 523 1498 erit.
570 1466 637 1498 Sed
660 1476 798 1507 vereor,
827 1478 870 1500 ne
900 1473 1038 1520 propter
1061 1469 1299 1511 repetitionem
1322 1470 1380 1502 hic
1406 1470 1473 1502 eie-

117 1516 209 1543 ctum
232 1511 278 1543 sit
299 1521 320 1543 a
342 1512 575 1565 grammaticis
599 1522 700 1567 saepe
724 1512 814 1544 male
839 1513 996 1545 curiosis.

185 1553 354 1590 ἀδίκως
379 1555 446 1589 καὶ
471 1553 635 1600 ἀθέως]
660 1554 828 1597 α’θέσμως
851 1558 939 1590 Ven.
966 1557 1045 1591 ΞΣ.
1079 1558 1182 1590 Vind.
1207 1559 1239 1592 2.
1263 1558 1295 1592 6.
1329 1560 1404 1592 Par.
1431 1560 1472 1593 V.

118 1600 206 1644 Aug.
231 1602 373 1634 Meerm.

185 1644 259 1678 ἐάν
291 1657 331 1678 τε
366 1644 566 1678 θανάτου
598 1644 714 1690 ἄξια]
754 1645 818 1679 ἐάν
849 1658 882 1679 τε
914 1641 959 1680 αὖ
990 1648 1027 1680 θ.
1061 1648 1144 1680 Ven.
1172 1649 1213 1681 Σ.
1253 1649 1356 1684 Vind.
1381 1648 1413 1684 2.
1440 1648 1472 1682 7.

115 1690 207 1723 Flor.
231 1691 264 1723 d.
287 1702 321 1725 x.
352 1691 442 1734 Aug.
467 1692 608 1724 Meerm.
640 1697 674 1724 et
705 1692 784 1724 edit.
817 1693 895 1725 Bas.
926 1692 960 1726 2.
1007 1694 1096 1725 Dein
1130 1693 1225 1737 vulg.
1249 1691 1472 1738 α’ποθανῆται

115 1747 159 1768 ex
184 1736 301 1769 Clark.
324 1736 401 1769 Vat.
426 1736 513 1769 Ven.
539 1736 620 1770 ΞΣ.
657 1737 759 1769 Vind.
784 1737 816 1770 2.
839 1736 871 1771 6.
896 1736 927 1770 7.
958 1739 1035 1770 Par.
1062 1739 1291 1772 BCFIVW.
1322 1740 1414 1772 Flor.
1441 1751 1471 1775 a.

118 1780 148 1812 b.
173 1792 203 1814 e.
227 1781 259 1813 d.
284 1792 327 1814 m.
353 1793 382 1814 o.
409 1792 441 1813 x.
466 1782 555 1825 Aug.
580 1782 678 1815 Bodl.
703 1783 846 1816 Meerm.
871 1787 1071 1816 correctum.

116 1910 165 1942 ita
206 1914 246 1942 ut
286 1910 447 1953 apodosis
486 1912 668 1953 postremis
706 1922 761 1944 ac-

93 1975 100 1981 ·
119 1955 335 1988 commodata
359 1956 414 1988 sit.
459 1956 513 1988 De
540 1954 604 1988 ἐάν
626 1961 706 1998 post
728 1955 764 1989 εἰ

117 2000 216 2033 illato
246 2010 279 2034 v.
311 2011 390 2033 ann.
422 2000 467 2033 ad
497 2001 604 2044 Legg.
636 2002 696 2034 IX.
728 2012 760 2044 p.

117 2044 196 2078 872.
219 2046 259 2077 Ε.
282 2044 456 2078 Phaedon.
480 2057 511 2088 p.
537 2045 590 2079 93.
615 2047 654 2079 B.
694 2047 762 2079 No-

117 2090 223 2123 tanda
245 2101 326 2123 vero
350 2095 526 2133 praeterea
549 2095 602 2123 est
624 2091 762 2124 ubertas

118 2135 294 2177 orationis,
327 2146 396 2189 qna
417 2138 568 2179 graviter
590 2137 762 2170 indicatur

119 2181 292 2213 contraria
321 2181 372 2213 rei
394 2182 494 2215 ratio.
541 2182 627 2215 Nam
651 2183 762 2225 primo

118 2225 203 2257 dicit
234 2223 458 2281 τοῦναντιᾞον
497 2231 670 2268 eontra,
704 2227 763 2260 de-

119 2269 200 2302 inde
239 2264 301 2308 αὖ,
353 2281 403 2302 ex
442 2271 586 2304 altera
622 2277 761 2314 parte,

119 2315 268 2357 denique
292 2315 387 2348 addit
409 2314 653 2358 μεταβαλόντα,
683 2329 763 2350 ιιιιι-

121 2365 220 2393 tata
242 2361 436 2400 ratione,
461 2362 676 2395 vicissim.
710 2363 764 2395 Ita

119 2406 212 2438 enim
262 2403 464 2447 μεταβαλών
518 2417 762 2450 saepenumero

120 2454 305 2493 usurpatur
317 2450 407 2493 apud
421 2450 616 2484 Platonem.
629 2453 764 2486 Phileb.

120 2506 152 2537 p.
185 2494 241 2527 51.
271 2495 320 2528 A.
369 2493 437 2538 ἐγώ
478 2494 522 2538 δὴ
552 2495 764 2551 πειράσομαι

121 2539 324 2582 μεταβαλών
344 2542 469 2582 σημαιι
471 2552 525 2572 ειν
540 2538 623 2580 ὑμῖν
646 2540 753 2577 αὑτάς

122 2584 207 2617 [bid.
230 2596 263 2627 p.
287 2584 340 2617 21.
369 2587 420 2617 D:
456 2583 516 2617 τὸν
551 2586 591 2618 δὲ
616 2591 676 2619 τοῦ
701 2592 764 2620 νοῦ

121 2628 369 2671 μεταβαλόιτες
412 2624 457 2662 αὖ
500 2631 583 2672 βίοι
621 2630 765 2672 ἴδωμει.

122 2674 228 2706 Plura
266 2674 398 2707 dabunt
436 2676 679 2709 Markland.
722 2677 765 2710 ad

122 2719 290 2751 Maxim.
316 2721 416 2762 Tyr.
433 2731 464 2762 p.
481 2718 559 2753 677.
583 2726 617 2753 et
640 2722 765 2755 Hein-

830 1911 937 1944 dorf.
968 1911 1012 1944 ad
1042 1912 1077 1944 h.
1100 1912 1123 1944 l.
1154 1931 1200 1937 —-
1228 1912 1305 1945 ἐὰν
1329 1912 1475 1952 μόνον

830 1955 881 1999 μὴ
913 1954 1046 1991 αὐτὸς
1077 1955 1281 2001 ἀδικῆται
1313 1970 1341 1991 κ.
1376 1972 1401 1991 τ.
1435 1961 1473 1997 2„

831 2001 1057 2034 dummodo
1089 2003 1183 2045 ipse
1213 2014 1296 2036 non
1322 2004 1371 2036 ab
1397 2004 1473 2036 ini-

830 2048 939 2079 mico
999 2048 1242 2081 afficiatur
1291 2050 1473 2090 iniuria,

830 2093 994 2134 quoniam
1023 2093 1160 2126 scilicet
1189 2095 1255 2127 isto
1286 2099 1387 2137 pacto
1417 2105 1474 2128 ne-

830 2148 924 2170 cesse
943 2138 1055 2179 fuerit,
1079 2144 1117 2171 ut
1136 2139 1223 2172 alter
1245 2140 1280 2171 in
1304 2140 1473 2173 iudicium

830 2187 970 2215 vocetur
993 2188 1028 2216 et
1050 2185 1269 2226 iusta'poena
1291 2185 1474 2225 afficiatur,

830 2228 921 2270 quod
962 2228 1124 2262 beneficii
1160 2229 1238 2263 loco
1277 2230 1472 2263 habendum

830 2274 945 2306 fuerit.

875 2319 914 2350 P.
938 2316 1015 2351 481.
1063 2317 1248 2358 μάλιστα
1286 2319 1367 2359 μὲν
1405 2333 1474 2363 μη-

825 2361 1009 2407 δέποτε]
1057 2365 1155 2396 Haec
1202 2375 1244 2397 ne
1292 2376 1392 2406 quem
1438 2367 1473 2398 in

831 2408 987 2440 fraudem
1023 2409 1210 2450 inducant,
1250 2410 1474 2453 cogitandum

831 2458 883 2486 est
913 2454 1014 2507 plene
1046 2454 1229 2487 dicendum
1253 2455 1376 2488 fuisse·
1412 2455 1474 2495 μα’-

831 2500 926 2530 λιστα
949 2498 1015 2537 μὲν
1037 2499 1262 2541 μηχανητέον,
1294 2499 1389 2535 ὅπως
1413 2512 1475 2543 μη-

834 2542 955 2575 δέποτε
979 2541 1221 2576 ἀποθανεῖται.
1255 2545 1309 2577 De
1333 2544 1476 2584 μάλιστα

833 2587 912 2626 μέν,
949 2587 986 2619 εἰ
1006 2587 1046 2620 δὲ
1069 2587 1132 2631 μή,
1168 2600 1199 2621 v.
1226 2591 1414 2622 Boeekh.
1439 2592 1475 2622 in

834 2634 952 2674 Min.p
955 2631 1030 2667 .S7.
1052 2634 1254 2676 Krueger.
1273 2636 1314 2668 ad
1330 2636 1475 2677 Dionys.

833 2689 864 2719 p.
879 2676 934 2710 27.
962 2678 1184 2711 Hermann.
1202 2679 1245 2711 ad
1262 2680 1405 2714 Lueian
1422 2681 1475 2711 De

834 2724 951 2755 histor.
977 2724 1146 2756 conscrib.
1170 2735 1202 2767 p.
1226 2723 1303 2758 284.
