1702 2924
487 148 730 188 GORGIAS.
760 149 807 187 P.
836 147 931 186 470.
961 148 1020 187 ed.
1052 148 1110 187 St.
1403 150 1481 186 159

128 257 174 300 δὲ
210 257 281 300 καὶ
319 258 410 307 σοι’,
460 256 535 299 ἐάν
579 272 630 311 με
666 255 833 310 ἐλέγξῃς
868 256 939 298 καὶ
976 256 1217 311 ἀπαλλάξῃς
1257 256 1480 310 φλυαρίας.

129 322 236 365 ἀλλὰ
281 323 338 378 μὴ
386 324 524 377 κάμῃς
560 323 690 377 φίλον
726 323 865 375 ἄνδρα
904 323 1158 376 εὐεργετῶν,
1206 317 1291 362 ἀλλ’
1331 319 1481 376 ἔλεγχε.

132 390 281 430 ΠΩΛ.
303 384 428 431 Ἀλλὰ
450 390 548 443 μήν,
578 383 612 430 ὦ
634 383 878 441 Σώκρατες,
908 387 1037 429 οὐδέν
1058 385 1104 441 γέ
1124 399 1171 428 σε
1197 386 1265 428 δεῖ
1287 389 1486 436 παλαιοῖς
1514 393 1556 435 D

129 455 375 509 πράγμασιν
403 453 605 509 ἐλέγχειν·
642 453 694 495 τὰ
731 454 814 507 γὰρ
852 452 974 507 ἐχθὲς
1000 451 1072 494 καὶ
1100 453 1248 506 πρώην
1274 452 1484 506 γεγονότα

129 524 265 562 ταῦτα
304 520 430 562 ἱκανοί
458 530 504 561 σε
533 519 736 573 ἐξελέγξαι
762 518 848 560 ἐστὶ
874 518 947 560 καὶ
975 518 1211 569 ἀποδεῖξαι,
1252 518 1310 567 ὡς
1335 517 1485 560 πολλοὶ

130 585 379 634 ἀδικοῦντες
428 588 657 637 ἄνθρωποι
691 583 940 637 εὐδαίμονές
980 584 1069 625 εἰσι.
1126 585 1225 625 ΣΩ..
1284 584 1346 625 Τὰ
1380 587 1485 625 ποῖα

130 655 287 700 ταῦτας
340 651 484 691 ΠΩΛ.
518 646 746 704 Ἀρχέλαον
780 649 923 704 δήπου
950 651 1107 691 τοῦτον
1134 649 1211 691 τὸν
1241 649 1485 701 Περδίκκου

129 715 234 771 ὁρᾷς
260 718 448 769 ἄρχοντα
477 715 775 764 Μακεδονίαςς
826 716 924 756 ΣΩ.
963 715 1020 756 Εἰ
1047 714 1091 756 δὲ
1119 715 1192 769 μή,
1222 710 1309 755 ἀλλ’
1338 714 1485 756 ἀκούω

129 795 190 834 γε.
249 783 389 822 ΠΩΛ.
433 781 668 835 Εὐδαίμων
707 777 789 822 οὖν
826 784 895 823 σοι
932 780 1051 821 δοκεῖ
1084 775 1212 829 εἶναι,
1256 779 1282 832 ἢ
1311 782 1485 830 deltos,-

131 847 229 887 ΣΩ.
273 847 365 888 Οὐκ
403 842 525 897 οἶδα,
569 841 603 887 ὦ
635 848 781 887 Πῶλε·
823 846 876 887 οὐ
914 846 998 899 γάρ
1038 859 1105 886 πω
1142 842 1387 898 συγγέγονα
1425 847 1487 902 τῷ

199 1001 236 1035 C.
285 1000 366 1035 ἐάν
394 1013 442 1042 με
478 1001 678 1046 ἐλέγξῃς]
716 1002 775 1035 Sic
804 1012 881 1035 cum
905 1002 1021 1035 Clark.
1054 1006 1087 1034 et
1110 1001 1190 1035 Vat.
1219 1001 1310 1042 libri,
1330 1002 1486 1045 plerique

132 1057 262 1080 omnes.
293 1048 384 1080 Vett.
408 1047 500 1080 editt.
527 1047 715 1092 ἑξελέγξῃς.

132 1196 275 1235 emptus.
329 1193 487 1236 Regnum
525 1194 617 1226 enim
655 1194 771 1226 Mace-

841 1193 1008 1226 Aelian.
1026 1194 1067 1226 V.
1084 1194 1128 1226 H.
1143 1194 1240 1235 VIII,
1256 1192 1289 1226 9.
1313 1193 1485 1226 Diodor.

132 1238 295 1270 donicum
317 1242 403 1271 teste
423 1239 614 1281 Thucyd.
632 1239 678 1279 11,
695 1237 771 1272 100.

842 1238 979 1271 Sicul.
1015 1239 1117 1279 XIV,
1156 1238 1211 1272 37.
1252 1250 1285 1282 p.
1314 1238 1391 1272 671.
1434 1238 1486 1270 ed.

133 1284 288 1315 ornatius
301 1287 403 1325 atque
426 1285 599 1325 potentius
625 1283 774 1316 reddidit

134 1333 168 1360 et
197 1328 329 1361 litteras
358 1328 594 1371 litteratosque
616 1329 774 1362 homines

134 1377 229 1405 tanto
253 1373 370 1406 favore
395 1379 623 1416 prosequutus
648 1379 709 1415 est,
737 1378 776 1406 ut

131 1418 259 1451 multos
290 1419 382 1451 viros
413 1419 555 1461 ingenio
584 1423 685 1462 atque
716 1419 776 1452 do-

134 1464 245 1496 ctrina
273 1463 427 1508 insignes
457 1463 595 1497 liberali
625 1465 774 1507 hospitio

135 1509 325 1552 exciperet,
365 1510 402 1541 in
439 1510 566 1551 quibus
599 1514 672 1543 erat
700 1510 774 1553 ipse

133 1553 327 1597 Euripides.
347 1565 380 1586 v.
405 1554 532 1587 Aelia
543 1566 576 1588 n.
601 1556 641 1588 V.
661 1556 705 1587 Η.
730 1556 774 1596 11,

133 1598 188 1633 21.
214 1600 312 1640 XIII,
329 1598 382 1632 14.
399 1599 529 1642 (ibique
552 1601 774 1642 Perizon.),

135 1644 281 1678 Schol.
305 1645 527 1687 Aristophan.
545 1646 583 1678 in
606 1646 718 1679 Rann.
741 1657 773 1678 V.

134 1689 189 1723 85.
213 1694 246 1722 et
268 1690 425 1723 Suidas
442 1691 479 1722 in
504 1701 536 1723 v.
563 1689 773 1734 Εὐριπίδης.

132 1735 206 1768 Imo
238 1734 281 1767 ab
315 1735 493 1768 Athenaeo
527 1736 667 1769 Platoni
689 1737 775 1769 vitio

134 1780 247 1820 datur,
270 1780 361 1822 quod
385 1780 594 1814 Archelaum
616 1781 681 1814 hoc
705 1781 776 1814 dia-

133 1826 213 1868 logo
226 1825 476 1868 suggillaverit,
488 1827 570 1869 quia
584 1827 775 1870 Speusippo

134 1874 281 1904 testante
299 1872 458 1911 φιλτατος
475 1871 575 1905 Plato
599 1872 680 1904 huic
703 1872 777 1915 regi

377 1916 444 1958 XI,
475 1916 530 1949 15.
625 1915 704 1951 506.
736 1918 776 1950 Ε.

135 1961 293 1994 Socrates
323 1971 420 2001 vero,
454 1971 560 2004 quum
559 1928 777 1995 pArchelaus

136 2017 215 2038 eum
250 2005 292 2038 ad
329 2016 366 2038 se
401 2010 560 2047 vocaret,
597 2017 777 2040 recusasse

137 2051 272 2091 dicitur,
287 2061 328 2083 ea
341 2052 464 2094 gratia,
487 2055 526 2084 ut
539 2052 624 2084 mihi
640 2052 777 2095 quidem

135 2096 291 2136 videtur,
323 2097 405 2138 quia
434 2101 629 2130 vocatorem
652 2099 776 2141 ipsum,

136 2146 176 2174 ut
198 2152 242 2174 ex
266 2141 439 2174 Aelian.
463 2143 504 2174 V.
529 2143 574 2175 H.
598 2143 698 2184 XIV,
723 2141 778 2176 17.

137 2190 289 2227 constat,
334 2187 435 2229 parvi
473 2186 627 2221 haberet.
685 2189 778 2221 Huic

137 2232 327 2264 sententiae
342 2232 461 2264 favent
473 2232 503 2265 L
513 2234 648 2265 aertii
671 2233 778 2266 verba

137 2278 174 2308 in
187 2277 257 2309 Vit.
269 2276 364 2308 Socr.
380 2276 426 2316 ΙΙ,
440 2276 512 2318 25.;
534 2278 622 2311 alias
635 2288 778 2312 caussas

137 2322 286 2354 afferunt
308 2321 490 2355 Aristot.
505 2323 643 2356 Rhetor.
660 2324 707 2365 11,
723 2323 777 2357 14.

138 2367 307 2399 Seneca
338 2366 392 2399 De
415 2367 535 2401 Benef.
558 2369 608 2410 V,
638 2368 670 2402 6.
700 2369 778 2402 An-

138 2412 276 2446 tonin.
308 2412 361 2443 De
377 2411 421 2443 Se
440 2412 519 2455 Ipso
542 2413 606 2455 XI,
628 2412 694 2455 22„
718 2414 777 2456 qui

138 2456 325 2490 Perdiccae
362 2460 477 2489 tamen
517 2468 662 2500 nomen,
707 2469 777 2491 non

138 2501 314 2542 Archelai,
336 2501 452 2534 habet.
498 2503 651 2536 Tandem
671 2503 779 2536 scele-

138 2557 216 2580 rum
251 2547 403 2590 priorum
440 2546 534 2580 dedit
569 2558 714 2591 poenas,
757 2559 779 2582 a

140 2591 282 2624 cinaedo
320 2602 382 2624 suo
423 2593 571 2626 occisus.
602 2604 635 2626 v,
668 2594 776 2626 Plat.

138 2637 252 2670 Aleib.
277 2646 347 2670 see.
367 2637 398 2677 ᾖ.
413 2636 444 2670 5.
471 2638 652 2670 Aristot-
675 2638 776 2672 Polit.

140 2682 181 2713 V.
219 2691 246 2713 c.
280 2680 333 2714 10.
373 2693 406 2724 p.
436 2681 512 2716 404.
561 2683 612 2716 ed.
650 2683 779 2716 Duval.

135 1919 226 1957 erat,
267 1915 345 1948 libr.

842 1284 989 1317 Wessel.
1032 1288 1144 1326 (quem
1181 1284 1231 1316 ibi
1263 1283 1342 1316 vide
1373 1284 1489 1327 dispu-

842 1329 1006 1370 tantem),
1036 1330 1096 1371 qui
1119 1330 1336 1362 interfectum
1361 1330 1474 1362 Arche

842 1374 936 1406 laum
973 1379 1091 1407 narrat
1130 1375 1294 1408 archonte
1324 1375 1489 1415 Lachete,

842 1419 908 1452 hoc
932 1424 984 1452 est
1007 1419 1146 1463 Olymp.
1168 1419 1222 1454 95.
1247 1431 1327 1453 ann.
1353 1420 1396 1461 1.‚
1420 1430 1488 1462 quo

843 1469 997 1497 mortuus
1044 1469 1096 1497 est
1141 1467 1246 1498 etiam
1297 1465 1488 1498 Socrates.”

842 1510 1018 1543 ROUTH.
1049 1512 1222 1554 Regnavit
1252 1521 1282 1543 a.
1306 1509 1488 1544 413-399

843 1559 923 1588 ante
948 1555 1028 1588 Chr.
1045 1567 1080 1588 n.

888 1600 949 1633 Εἰ
972 1599 1018 1633 δὲ
1042 1598 1111 1645 μή,
1138 1598 1219 1633 ἀλλ’
1245 1598 1392 1634 ἀκούω
1415 1600 1484 1645 γε]

844 1645 1016 1686 „Videtur
1061 1645 1197 1678 irrideri
1241 1646 1369 1687 Polus,
1428 1648 1487 1689 qui

842 1691 1025 1734 magnifice
1086 1702 1231 1733 cumque
1288 1692 1489 1734 metaphora

843 1737 1075 1768 narrationem
1136 1737 1336 1778 auspicatus
1395 1742 1456 1769 est.
1470 1737 1488 1751 '’

843 1781 1020 1814 ROUrH.
1066 1782 1119 1814 De
1160 1781 1325 1824 loquendi
1362 1793 1488 1837 genere

845 1827 935 1859 conf.
960 1826 1114 1868 Sophist
1144 1837 1176 1869 p.
1200 1825 1278 1860 254.
1304 1827 1350 1859 O:
1387 1827 1422 1859 εἰ
1444 1838 1488 1871 μη

846 1869 937 1926 mim]
955 1874 1131 1926 σαφηιείᾳ
1146 1870 1332 1911 δυιάμεθα
1354 1841 1488 1915 λαβεῐιῖ

846 1914 915 1949 ἀλλ’
941 1910 1008 1948 οὖν
1031 1915 1135 1959 λόγου
1159 1928 1198 1960 γε
1222 1916 1263 1949 εἰ·
1257 1915 1356 1951 fissis·
1379 1917 1490 1960 μηδὲν

844 1973 902 2018 γιγ
882 1960 1062 2004 γιωμεθα.
1114 1962 1243 2039 Ρὲιειοᾱ.
1283 1973 1317 2005 p.
1351 1961 1408 1996 91.
1442 1964 1487 1996 Β·

846 2006 914 2084 Ξίιι
918 1991 1491 2110 ⁸{v{5⁷²{32m27⁷²;.²⁶.²53²322⁵}233

847 2109 875 2129 κ.
901 2109 926 2129 τ.
950 2098 978 2129 λ.
1010 2097 1194 2141 Lachetp
1231 2096 1307 2131 183.
1327 2098 1376 2131 A:
1402 2098 1438 2131 εἰ
1459 2097 1488 2131 δ’

847 2141 1008 2176 ἑκείιους
1042 2108 1214 2186 ἐλελήθεΡι,
1250 2140 1319 2176 ἀλλ’
1345 2155 1389 2176 ου
1413 2142 1489 2176 ror'-

847 2199 926 2222 τους
951 2198 999 2231 γε.
1035 2188 1088 2221 De
1112 2187 1258 2230 Republ.
1282 2189 1324 2221 V.
1355 2199 1388 2231 p.
1412 2188 1489 2223 479.

847 2233 886 2266 C.
918 2233 1058 2266 Menon.
1082 2232 1193 2276 p.84
1216 2234 1259 2266 A.
1303 2235 1489 2267 Isocrat.

846 2276 980 2321 p.390
1010 2278 1061 2311 ed.
1086 2279 1197 2322 Lang.
1233 2279 1490 2313 Athenaeus

847 2348 874 2410 I.
846 2289 1017 2409 Ιὲ.ἕ2.
1041 2323 1084 2356 A.
1132 2324 1328 2367 Xenoph.
1363 2324 1489 2368 Cyrop.

899 2393 987 2446 O'fix
1018 2410 1141 2451 οἶδα,
1176 2408 1206 2446 al
1235 2412 1305 2469 Π.]
1362 2414 1490 2455 „Haec

846 2468 987 2546 usqul·
999 2458 1060 2535 a}
1080 2455 1317 2537 vpoegicgpffize
1342 2439 1492 2537 &dagli

847 2549 944 2590 Disp.
969 2548 1012 2588 V,
1036 2547 1090 2580 12.
1112 2548 1284 2582 latinitate
1307 2549 1490 2582 donantur.

846 2593 1106 2635 Respiciuntur,
1146 2597 1185 2626 ut
1218 2598 1314 2628 notat
1343 2595 1392 2628 ibi
1416 2596 1491 2627 Da-

847 2638 1011 2678 visius,
1042 2649 1063 2670 a
1086 2638 1332 2672 Plutarcho
1356 2641 1409 2672 De
1434 2640 1490 2673 Li-

847 2682 957 2716 beror.
980 2682 1088 2716 Educ.
1113 2695 1144 2726 p.
1170 2683 1222 2724 6.‚
1257 2686 1287 2717 si
1311 2684 1490 2718 Plutarchi
