1696 2976
463 65 874 139 PROLPAGORAS.
902 101 944 138 P.
972 93 1042 136 312
1071 99 1152 134 ST.
1458 95 1510 136 41

97 227 205 280 ἔφη,
231 221 410 267 εἰδέναι.
455 219 568 277 Λέγε
592 215 648 275 δή
662 252 674 274 ,
705 220 753 262 τί
771 214 872 274 ἡγεῖ
895 214 1010 262 εἶναι
1032 212 1113 261 τὸν
1136 211 1376 272 σοφιστήν;
1404 211 1514 272 Ἐγῶ

95 292 200 349 μέν,
225 283 252 348 ἦ
280 286 326 335 δ’
352 287 416 345 ὅς,
441 285 589 346 ῶσπερ
612 282 806 343 τοῦνομα
831 286 972 342 λέγει,
1003 285 1162 330 τοῦτον
1186 281 1300 329 εἶναι
1324 281 1402 328 τὸν
1424 285 1515 329 τῶν

96 360 250 416 σοφῶν
275 354 555 415 ἐπιστήμονα.
603 351 795 410 Οὐκοῦν,
821 353 878 410 ἠν
903 351 943 398 δ’
975 350 1084 410 ε’γω,
1116 353 1245 397 τοῦτο
1268 350 1351 410 μὲν
1375 352 1514 405 ἔξεστι

96 428 243 485 λέγειν
275 427 349 471 καὶ
380 425 482 482 περὶ
514 420 757 482 ζωγράφων
789 422 863 466 καὶ
895 422 998 479 περὶ
1027 418 1270 477 τεκτόνων,
1303 417 1370 464 ὅτι
1394 411 1521 465 οὗτοί

98 499 213 540 εἰσιν
236 497 282 539 οἱ
302 495 391 539 τῶν
416 507 570 551 σοφων
595 488 882 548 ἐπιστήμονες
894 501 902 508 ·
937 487 1036 534 ἀλλ’
1067 496 1112 534 εἴ
1129 507 1194 541 τις
1219 492 1363 547 ἔροιτο
1387 485 1515 546 ἡμᾶς,

95 564 184 608 τῶν
207 568 252 608 τί
274 564 428 620 σοφῶν
455 564 569 606 εἰσιν
592 561 638 605 οἰ
659 556 880 617 ζωγράφοι
906 555 1208 615 ἐπιστήμονες,
1235 563 1436 615 εἴποιμεν
1459 554 1516 602 ἄν

96 648 184 677 που
208 628 344 691 αὐτῷ,
369 628 436 675 ὅτι
458 631 548 674 τῶν
565 626 674 686 πρὸς
697 625 778 684 τὴν
797 624 1076 684 ἀπεργασίαν
1098 624 1180 683 τὴν
1203 627 1294 670 τῶν
1313 623 1515 683 εἰκόνων,

95 700 168 744 καὶ
191 692 328 744 τᾶλλα
353 696 504 751 οὕτως.
561 700 603 742 εἰ
625 697 677 741 δέ
697 713 762 749 τις
787 696 930 740 ἐκεῖνο
956 698 1116 751 ἔροιτο
1151 691 1199 739 ‘0
1230 693 1279 739 δε
1303 692 1515 752 σοφιστὴς

94 770 184 813 τῶν
206 772 254 812 τί
273 768 428 824 σοφῶν
451 767 568 820 ἐστι;
592 769 639 811 τί
659 761 715 809 ἂν
738 761 1096 821 ἀποκριναίμεθα
1120 760 1261 822 αὐτοῖς
1287 766 1416 815 ποίας
1443 764 1515 819 ε’ρ-

95 840 252 893 γασίας
285 832 537 892 ἐπιστατης,
569 837 626 879 Τί
645 829 702 878 ἂν
726 839 925 890 εἴποιμεν
949 829 1085 876 αὐτὸν
1109 830 1240 887 εἶναι,
1266 822 1300 875 ῶ
1325 829 1515 890 Σωκρα-

94 922 188 960 τες,
213 900 241 961 3}
266 901 503 960 ἐπιστάτην
527 903 606 947 τοῦ
639 903 820 958 ποιῆσαι
845 898 996 945 δεινὸν
1021 900 1188 957 λέγειν;
1209 895 1337 952 Ἰσως
1362 918 1434 957 αν,
1459 899 1516 957 ἠν

93 969 135 1017 δ’
165 969 274 1029 ἐγώ,
299 969 447 1028 ἀληθῆ
473 971 696 1028 λέγοιμεν,
721 967 774 1014 οὐ
798 969 948 1027 μέντοι
974 970 1136 1020 ἱκανῶς
1161 986 1211 1025 γε
1262 965 1515 1026 ἐρωτήσεως

93 1038 177 1099 γὰρ
211 1044 273 1085 ἔτι
306 1037 334 1097 ἡ
361 1037 593 1097 ἀπόκρισις
624 1035 733 1095 ἡμῖν
773 1039 938 1094 δεῖται,
981 1037 1083 1094 περὶ
1114 1034 1219 1080 ὅτου
1249 1033 1272 1079 ὁ
1306 1033 1518 1094 σοφιστὴς

95 1106 246 1154 δεινὸν
287 1118 405 1153 ποιεῖ
443 1108 608 1164 λέγειν·
652 1103 801 1165 ῶσπερ
837 1103 860 1150 ὁ
893 1102 1154 1163 κιθαριστὴς
1189 1101 1338 1149 δεινὸν
1371 1101 1518 1162 δήπου

94 1187 216 1222 ποιεῖ
236 1177 382 1234 λέγειν
406 1175 508 1233 περὶ
533 1168 671 1233 οὗπερ
697 1175 771 1219 καὶ
797 1171 1081 1232 ἐπιστήμονα,
1106 1173 1210 1231 περὶ
1233 1177 1514 1231 κιθαρίσει-ος.

186 1307 277 1352 Cap.
294 1309 355 1341 IV.
373 1309 419 1341 D.
445 1307 492 1340 τί
505 1319 560 1341 αν
559 1301 968 1349 αποκριναίμεθα
986 1299 1132 1350 αυτῷ]
1153 1306 1251 1339 Vett
1271 1305 1357 1339 edit.
1376 1309 1414 1339 et
1428 1306 1517 1339 libri

95 1355 226 1397 scripti
243 1365 367 1387 omnes
384 1348 706 1396 αποκρινοίμεθα.
739 1362 832 1385 cori.
865 1352 1028 1385 Bekker.
1061 1351 1110 1384 Pr
1113 1352 1236 1384 oxima
1258 1352 1347 1385 olim
1379 1352 1515 1386 vitiose

94 1401 235 1442 scripta
259 1403 296 1432 et
311 1400 549 1441 interpuncta
566 1400 715 1431 sanavit
731 1397 952 1438 Staffloaum,
971 1398 1074 1429 cuius
1090 1407 1125 1430 v.
1144 1400 1269 1430 annot.

185 1445 264 1478 τοῦ
287 1441 506 1497 ποιῆσαι]
528 1443 596 1476 τοῦ
619 1439 661 1476 τό
684 1442 845 1499 ποιῆσαι
880 1442 986 1477 Bodl.
1003 1443 1088 1475 vat.
1113 1443 1198 1475 Par.
1223 1442 1342 1476 BCE.
1367 1444 1513 1479 vitiose.

97 1491 196 1523 Dein
213 1484 482 1523 Bod1.Vat.023
499 1486 628 1532 μέντοι
652 1499 700 1542 γε
712 1485 764 1523 ἷκ.

181 1536 225 1570 E.
243 1530 475 1588 ἐπιστήμονα
491 1553 537 1558 —
551 1533 640 1577 περὶ
656 1525 774 1577 οὗπερ
790 1532 858 1567 καὶ
878 1543 946 1567 om.
971 1532 1077 1569 Bodl
1095 1534 1181 1566 Vat.

1208 1525 1418 1577 ἧὸἧλον,
1443 1545 1516 1568 οτι

93 1579 196 1623 περὶ
212 1574 321 1625 ——]’'
294 1593 339 1624 η,
364 1580 488 1623 quod
478 1591 515 1612 1n
539 1580 644 1613 libris
668 1579 910 1620 desideratur,
928 1578 1142 1612 Heindorfio
1161 1582 1312 1613 auctore
1330 1580 1515 1614 adiectum

99 1630 167 1659 est.

91 1739 248 1795 πρᾶγμα
261 1730 331 1773 οὖν
341 1740 495 1790 γελοῖον
503 1739 690 1781 ποιοῦμεν
698 1733 769 1782 ἐγώ

94 1796 134 1818 τε
150 1782 218 1817 καὶ
234 1779 280 1817 σὺ
300 1779 341 1818 ἐν
356 1786 436 1822 τοῖς
454 1779 591 1827 λόγοις.

141 1823 291 1872 ῶσπερ
352 1823 558 1872 τοῦνομα
595 1826 765 1885 λέγει]

93 1875 246 1909 Aristot.
262 1875 374 1908 Polit.
399 1875 467 1906 111.
490 1877 529 1907 4·
563 1886 637 1908 των
659 1886 769 1929 εργα-

94 1920 188 1954 σιῶν
200 1916 246 1954 ἓν
261 1917 372 1973 μέρος
389 1917 618 1972 κατέχουσιν
634 1916 673 1953 οἷ
687 1931 769 1963 χερ-

95 1965 219 2008 νῆτες.
245 1957 352 1998 οὗτοι
370 1959 409 1998 δ’
405 1962 538 2017 εἰσίν,
563 1959 687 2017 ῶσπερ
705 1975 772 2021 ση-

92 2011 223 2054 μαίνει
255 2008 322 2044 καὶ
353 2003 505 2053 τουνομ’
538 2004 698 2052 αὐτούς,
733 2007 772 2044 οἱ

94 2056 229 2107 ζῶντες
247 2050 322 2089 ἀπὸ
340 2055 416 2089 τῶν
433 2055 579 2106 χειρῶν.

140 2097 217 2134 τὸν
256 2100 342 2134 τῶν
387 2100 541 2143 σοφῶν
583 2095 767 2153 ἐπιστή-

93 2144 230 2190 μονα]
250 2146 427 2179 Nimirum
452 2141 636 2190 σοφιστής
661 2148 706 2179 ab
726 2158 767 2180 eo

94 2187 438 2245 deducituraaoepdg
448 2195 484 2224 et
493 2189 653 2234 εἰδέναι,
670 2195 711 2224 ut
720 2194 768 2225 sit

94 2248 113 2270 ο
151 2236 226 2270 τῶν
249 2236 380 2280 σοφῶν
408 2236 538 2280 ἴστωρ,
565 2237 765 2280 eademque

90 2283 194 2315 vocis
211 2283 410 2325 origin-atio
426 2282 575 2315 Platoni
590 2284 779 2326 probatur

92 2329 129 2361 in
147 2327 308 2370 Sophist.
325 2338 360 2369 p.
379 2328 498 2361 2211).
516 2328 629 2363 sedV.
647 2330 765 2371 praef.

136 2419 182 2451 D
209 2417 295 2451 τῶν
327 2417 373 2450 τί
398 2417 553 2459 σοφῶν
577 2415 698 2453 εἰσιν
722 2416 768 2453 οἷ

93 2463 218 2507 ζωγρ.
227 2462 241 2507 ]
261 2463 377 2496 Recte
394 2463 664 2515 Stephanus:
683 2474 765 2506 quo

93 2510 354 2552 pertineant
375 2508 488 2540 haec
506 2503 650 2551 σοφοί,
665 2519 764 2551 quo-

92 2564 181 2586 rum
221 2555 424 2596 pictores
465 2557 567 2585 sunt
605 2555 764 2596 periti;

90 2599 152 2631 vel
175 2599 300 2631 circa
325 2609 460 2650 quam
475 2609 562 2630 rem
586 2609 762 2633 versen

92 2645 163 2676 tur
195 2644 306 2677 haec
339 2639 473 2686 σοφοί.
506 2644 647 2676 Pendet
669 2647 764 2678 enim

94 2690 328 2722 aecusativus
352 2689 391 2722 τί
411 2700 483 2722 non
501 2700 546 2721 ex
563 2683 764 2740 επιστήμο-

92 2744 175 2775 νες,
193 2734 257 2767 sed
274 2745 317 2767 ex
340 2734 482 2776 σοφῶν,
508 2737 545 2767 et
560 2733 635 2767 τῶν
650 2735 691 2768 τί
703 2746 764 2769 σο-

93 2779 180 2821 φῶν
195 2779 288 2811 idem
307 2784 364 2812 est
386 2791 430 2813 ac
449 2779 523 2812 τῶν
539 2774 633 2831 πρὸς
650 2781 690 2814 τί
702 2791 763 2814 σο-

94 2824 198 2867 φῶν,
220 2827 261 2856 ut
276 2825 391 2858 verba
410 2825 484 2858 τῶν
507 2820 600 2867 πρὸς
618 2820 689 2868 τὴν
706 2821 762 2870 ἔρ-

837 1739 978 1782 γασίαν
991 1737 1151 1781 (σοφῶν)
1166 1738 1312 1780 docent,
1326 1750 1361 1772 v.
1377 1740 1517 1784 Theag.

867 1810 962 1863 'nal
979 1820 1120 1863 ταλλα
1137 1822 1294 1873 οὕτως]
1317 1833 1516 1882 ceteraque

838 1875 1020 1914 similiter,
1043 1876 1109 1910 int.
1143 1874 1317 1918 ειποιμεν
1334 1887 1396 1910 αν.
1421 1878 1516 1910 utin

837 1921 1059 1963 pic-toribus,
1087 1920 1134 1953 ad
1157 1931 1267 1963 quam
1291 1931 1366 1954 rem
1391 1932 1515 1955 eorum

839 1966 1024 2008 sapientia
1040 1966 1237 2009 pertineat,
1261 1966 1436 2008 diximus,
1459 1968 1515 2001 ita

837 2012 876 2043 in
900 2012 1034 2044 ceteris
1057 2011 1094 2043 id
1121 2012 1340 2045 faceremus.
1380 2013 1514 2055 Locoe,

838 2057 972 2099 quibus
1017 2057 1128 2090 Plato
1174 2058 1288 2090 simili
1334 2059 1514 2092 orationis

836 2103 957 2135 forma
978 2113 1065 2134 usus
1094 2106 1164 2145 est,
1197 2102 1418 2138 Stallbaum.
1446 2105 1513 2137 hos

838 2147 983 2180 attulit:
1001 2148 1151 2199 infrap.
1170 2148 1292 2181 319Β;
1309 2146 1377 2181 καὶ
1393 2140 1513 2183 τᾶλλα

836 2188 966 2227 πάντα
998 2203 1132 2232 ουτως.
1158 2194 1306 2226 Menon.
1332 2205 1367 2235 p.
1395 2196 1451 2227 72-
1460 2195 1511 2227 A:

835 2233 1013 2276 ὡσαύτως
1037 2236 1099 2281 δέ,
1123 2234 1250 2282 οἶμαι,
1273 2230 1302 2272 ῶ
1320 2240 1381 2291 Σὲ,
1405 2238 1471 2274 καὶ

834 2284 966 2318 κακία.
992 2284 1086 2318 Ibid.
1110 2295 1146 2336 p.
1170 2286 1212 2317 72
1237 2283 1283 2316 C:
1329 2295 1429 2318 ουτω
1461 2285 1510 2329 δη

834 2327 901 2363 καὶ
917 2328 1004 2372 περι
1022 2329 1098 2363 τῶν
1115 2323 1272 2371 αρετῶν.
1290 2298 1511 2387 ΒοΙῖεΡιὼΙη,

833 2376 897 2408 VI.
931 2386 965 2418 p.
999 2377 1063 2407 507
1096 2375 1143 2407 B:
1193 2372 1260 2407 καὶ
1293 2368 1392 2409 οὕτω
1424 2374 1513 2419 περὶ

832 2432 999 2454 παντων.

884 2466 942 2499 Τί
963 2458 1017 2498 ὂίν
1043 2464 1257 2508 εἴποιμεν
1271 2460 1429 2500 αυτὸν
1452 2463 1511 2500 εἷ·

834 2508 955 2554 ναις]
991 2510 1111 2554 Vulgo
1143 2511 1238 2544 haec
1268 2511 1512 2544 trahebantur

834 2556 880 2588 ad
898 2556 1064 2588 Socratis
1087 2556 1308 2597 orationem,
1333 2556 1510 2589 intolera-

833 2602 1509 2643 biliprorsussermonisredundantia.

835 2647 926 2687 Quis
959 2646 1055 2678 enim
1077 2647 1116 2678 in
1140 2649 1239 2679 terso
1270 2647 1509 2689 elegantique

833 2693 1013 2733 scriptore
1045 2692 1143 2724 ferat
1179 2692 1510 2744 interrogationem

832 2738 943 2769 istam
965 2739 1022 2769 ter
1037 2738 1252 2789 repetitam·
1281 2737 1332 2769 Τί
1350 2728 1399 2770 ἂν
1414 2731 1509 2771 (ἕπο-

833 2777 1199 2833 κριναίμεθααῦτῷς
1210 2776 1509 2837 ποίαςέργασίᾳς

834 2822 1059 2870 ἔπιστοῖτης;
1078 2828 1118 2860 τί
1131 2820 1179 2860 ἂν
1197 2826 1370 2870 εἴποιμεν
1387 2823 1508 2863 αὐτὸν

1543 1184 1574 1217 Ε
