1690 2892
217 150 296 188 276
760 150 1017 190 PLATONIS

219 256 330 309 ἐμοί,
368 257 472 297 ἀλλὰ
506 253 698 309 μέγιστος
733 255 949 312 εὐεργέτης
985 253 1079 311 παρ’
1117 256 1210 311 έμοὶ
1246 258 1542 314 άναγεγράψει.

221 322 354 361 ΚΑΛ.
385 319 502 373 Λέγε,
535 315 568 360 ὦ
591 316 723 373 ’γαθέ,
753 323 880 370 αὐτὸς
906 322 976 364 καὶ
1002 320 1186 374 πέραινε.

303 385 406 443 Cap.
437 385 581 428 LXII.
640 386 736 428 ΣΩ.
769 381 933 427 ’Ἄκουε
969 385 1022 440 δὴ
1061 385 1102 437 ἐξ
1141 387 1270 440 ἀρχῆς
1306 385 1411 440 ἐμοῦ
1446 387 1545 429 oiva-

219 452 423 503 λαβόντος
458 451 534 491 τὸν
571 451 712 504 λόγον.
760 443 872 504 Ἀροι
909 454 957 494 τὸ
994 452 1076 507 ἡδὺ
1114 451 1184 494 καὶ
1219 453 1268 495 τὸ
1303 453 1472 507 α’γαθὸν
1497 455 1546 495 τὸ

220 515 323 555 αὐτό
362 514 492 563 έστινς
534 515 598 555 Οὐ
634 516 813 565 ταύτόν,
852 515 909 565 ὠς
949 515 1030 570 ἐγὼ
1068 516 1139 558 καὶ
1168 518 1402 572 Καλλικλῆς
1439 518 1546 572 ὠμο-

218 579 467 631 λογήσαμεν.
533 581 727 631 Πότερον
775 580 819 622 δὲ
865 580 913 622 τὸ
958 581 1041 635 ἡδὺ
1087 581 1210 623 ἕνεκα
1255 588 1333 623 τοῦ
1374 582 1546 636 ἀγαθοῦ

219 641 438 694 πρακτέον,
467 642 493 695 ἢ
527 643 574 684 τὸ
603 644 772 697 άγαθὸν
799 644 921 686 ἕνεκα
946 652 1024 687 τοῦ
1049 644 1195 699 ήδὲος;
1232 645 1290 687 Τὸ
1316 645 1399 700 ἡδὺ
1425 645 1546 688 ἕνεκα

218 713 294 747 τοῦ
319 707 499 759 ἀγαθοῦ.
523 702 631 749 Ἡδὺ
650 706 695 749 δέ
716 707 800 750 ἐστι
827 716 967 759 τοῦτο,
995 703 1049 752 οὗ
1075 709 1423 764 παραγενομένου
1450 710 1547 765 ἠδό-

148 778 188 819 D
218 775 350 824 μέθας
379 770 548 823 α’γαθὸν
575 769 631 822 δέ,
661 766 715 814 οὗ
742 774 952 826 παρόντος
978 774 1138 827 α’γαθοί
1158 773 1300 828 ἐσμεν;
1334 775 1459 816 Πάνυ
1485 788 1544 828 γε.

214 831 344 876 Ἀλλὰ
381 833 466 889 μὴν
504 836 664 889 α’γαθοί
695 835 742 890 γέ
771 836 894 891 ἐσμεν
919 838 989 879 καὶ
1015 839 1134 892 ἡμεῖς
1159 838 1231 880 καὶ
1256 834 1386 880 τᾶλλα
1410 839 1547 880 πάντα

218 899 296 941 ὅσα
324 896 468 953 ἀγαθά
495 898 620 950 ἐστιν,
662 896 810 956 ἀρετῆς
835 917 950 951 τινος
976 900 1342 956 παραγενομένης,·
1368 898 1547 958 Ἔμοιγε

218 963 334 1003 δοκεῖ
369 959 604 1017 ἀναγκαῖον
642 962 772 1015 εἶναι,
814 961 848 1007 ὦ
877 968 1130 1016 Καλλίκλεις.
1179 963 1311 1009 Ἀλλὰ
1338 967 1415 1022 μὲν
1441 966 1493 1022 δὴ
1523 967 1547 1021 ἦ

218 1042 263 1080 γε
292 1024 415 1082 ἀρετὴ
445 1026 645 1080 ἑκάστου,
682 1029 751 1072 καὶ
787 1031 966 1080 σκεύους
996 1032 1062 1074 καὶ
1092 1034 1286 1085 σώματος
1311 1031 1381 1073 καὶ
1411 1037 1549 1086 ψυχῆς

219 1088 273 1132 αὖ
301 1092 370 1133 καὶ
399 1090 510 1143 ζώου
529 1094 698 1143 παντός,
728 1095 780 1136 οὐ
801 1098 860 1151 τῷ
889 1096 978 1149 εἰκῇ
1006 1097 1205 1138 κάλλιστα
1231 1097 1546 1150 παραγίγνεται,

218 1153 322 1196 ἀλλὰ
350 1156 459 1207 τάξει
487 1158 557 1199 καὶ
583 1158 783 1213 ὀρθότητι
809 1160 879 1201 καὶ
905 1160 1050 1214 τέχνῃ,
1088 1159 1177 1214 ἥτις
1212 1157 1371 1214 ἑκάστῳ
1398 1155 1546 1202 ἀποδέ-

219 1221 337 1261 δοται
381 1221 532 1263 αὐτῶν.
585 1215 667 1276 ἆρα
714 1222 798 1265 ἔστι
845 1227 999 1274 ταῦτα,·
1039 1219 1146 1277 Ἐγὼ
1192 1223 1269 1277 μὲν
1307 1224 1389 1277 γάρ
1427 1239 1547 1278 φημι.

151 1290 188 1331 Ε
228 1285 348 1334 Τάξει
381 1288 465 1337 ἄρα
499 1287 753 1341 τεταγμένον
788 1288 858 1329 καὶ
886 1286 1200 1342 κεκοσμημένον
1229 1287 1341 1330 ἐστὶν
1366 1288 1395 1342 ἦ
1421 1283 1546 1343 ἀρετὴ

219 1348 419 1399 ἑκάστους
451 1351 589 1405 Φαίην
610 1351 664 1393 ἂν
683 1350 826 1406 ἔγωγε.
885 1353 1056 1406 Κόσμος
1077 1367 1138 1402 τις
1164 1355 1247 1406 ἄρα
1275 1352 1547 1407 ἐγγενόμενος

218 1413 264 1455 έν
303 1413 462 1468 ἑκάστῳ
503 1415 527 1457 ὁ
567 1415 744 1459 ἑκάστου
781 1417 934 1466 οἰκεῖος
973 1413 1143 1471 ἀγαθὸν
1178 1416 1345 1471 παρέχει
1371 1417 1548 1460 ἕκαστον

283 1547 321 1580 C.
367 1546 494 1582 αὐτὸς
518 1549 585 1581 καὶ
603 1548 817 1602 πέραινε]
842 1549 956 1592 Steph.
982 1547 1064 1582 αὐτὸ
1089 1550 1207 1582 invitis
1231 1549 1415 1583 codicibus.

283 1593 325 1624 D.
372 1590 421 1625 οὐ
446 1596 498 1636 τῷ
520 1593 616 1635 εἰκῆ
641 1592 861 1637 κάλλιστα]
885 1594 989 1627 Editt.
1007 1605 1124 1627 omnes
1139 1592 1202 1636 01'1
1224 1593 1334 1629 οὕτως
1357 1593 1442 1638 εἰκῇ.
1464 1594 1545 1649 ‘Sed

218 1634 278 1678 οὐχ
301 1647 365 1669 οιιι.
390 1637 505 1670 Clark.
529 1606 615 1670 Vatf'
631 1639 734 1671 Coisl.
759 1639 860 1671 vind.
885 1638 915 1671 1.
938 1639 969 1672 6.
999 1640 1075 1671 Par.
1093 1639 1230 1672 BCEF
1243 1639 1306 1671 IV
1344 1640 1411 1673 Pro
1433 1638 1545 1673 οὕτως

217 1686 327 1714 autem
360 1679 402 1713 οὐ
436 1681 504 1714 τῶν
532 1682 694 1715 exhibent
717 1683 821 1715 Coisl.
843 1685 919 1716 Par.
943 1684 1156 1716 BCEFIV.
1188 1683 1280 1717 Flor.
1302 1694 1332 1716 a.
1357 1685 1389 1717 b.
1412 1694 1442 1716 ο.
1466 1684 1498 1716 d.
1522 1684 1545 1716 f.

217 1736 259 1757 m.
292 1737 321 1758 ο.
353 1737 377 1758 s.
420 1727 597 1759 Iamblich.
627 1728 792 1770 Protrept.
822 1737 851 1760 ο.
879 1727 931 1761 19.
973 1728 1072 1760 vind.
1105 1728 1138 1761 6.
1168 1726 1212 1760 οὗ
1242 1739 1290 1761 τοι
1319 1727 1405 1771 εἰκῇ.

1451 1728 1544 1761 Hinc

217 1775 336 1812 sponte
359 1771 471 1812 prodit
494 1769 537 1804 οὐ
563 1771 609 1815 τῷ
630 1771 717 1815 εἰκῇ,
742 1772 831 1814 quod
846 1773 1003 1827 amplexi
1026 1777 1107 1805 sunt
1128 1773 1231 1805 etiam
1254 1774 1352 1805 Turr.
1376 1773 1492 1806 Herm.

283 1813 378 1857 Ἐγώ
402 1815 479 1854 μὲν
502 1814 579 1859 γάρ
606 1815 733 1860 φημι]
759 1817 797 1849 V.
814 1815 879 1860 γὰρ
905 1815 948 1860 δή
967 1828 1063 1860 φημι.
1103 1817 1169 1850 Sed
1189 1815 1232 1860 δή
1253 1828 1318 1850 οιιι.
1338 1817 1453 1851 Clark.
1469 1818 1545 1850 Vnt.

217 1859 303 1891 Ven.
320 1859 358 1891 Σ.
384 1860 487 1892 de.
505 1861 535 1893 1.
551 1860 582 1894 2.
599 1861 630 1895 6.
651 1860 681 1894 7.
711 1862 788 1894 Par.
810 1862 875 1894 IV.
906 1862 998 1895 Flor.
1020 1861 1054 1894 b.
1077 1873 1110 1894 x.
1140 1862 1236 1894 Bodl.
1259 1862 1399 1897 Meet-m.
1423 1861 1544 1895 lambl.

218 1980 316 2012 Zethi
340 1991 484 2023 persona
507 1982 679 2015 Socratem
705 1993 725 2015 a
740 1983 847 2025 philo-

218 2025 356 2067 sophiae
393 2026 503 2059 studio
538 2027 735 2060 dehortatus
764 2031 848 2068 erat,

216 2069 498 2110 quemadmodum
549 2072 608 2104 ille
654 2072 848 2114 Amphiona

217 2114 351 2146 fratrem
397 2125 417 2147 a
454 2116 600 2149 musices
636 2117 846 2151 tractatione.

216 2158 334 2199 Itaque
358 2159 513 2192 Socrates
536 2171 571 2193 se
596 2171 686 2193 nunc
705 2162 754 2193 ait
768 2162 847 2194 Am-

216 2202 352 2244 phionis
368 2208 479 2245 partes
502 2215 602 2247 agere
625 2205 774 2238 voluisse
799 2210 846 2238 at—

216 2257 281 2288 que
301 2248 450 2280 vicissim
471 2249 648 2282 Calliclem
672 2250 715 2282 ad
738 2250 847 2293 philo·

215 2292 356 2333 sophiae
387 2293 536 2325 studium
568 2294 747 2327 cohortari.
794 2296 845 2327 De

217 2335 282 2369 ἕως
311 2338 531 2378 praecedente
557 2338 742 2371 indicativo
765 2349 844 2372 cum

217 2377 260 2411 ἂι
289 2381 448 2422 copulato
478 2392 594 2415 rursus
617 2393 695 2416 cum
719 2383 845 2416 indica·

217 2425 287 2456 tivo
306 2426 422 2456 aot-isti
438 2427 617 2460 coniuncto
641 2438 673 2460 V.
695 2429 843 2461 Matth.

217 2468 274 2500 Gr.
299 2469 400 2511 ampl.
425 2471 454 2509 5.
477 2469 554 2503 522.

262 2513 299 2545 C.
332 2512 530 2568 μέγιστος
555 2513 785 2572 ευεργέιηε
801 2534 843 2541 -

217 2554 267 2609 olf-
275 2556 529 2602 αγεγράψει]
574 2560 704 2593 Nomen
742 2558 842 2601 eveo-

214 2600 313 2643 γὲιοι
307 2606 395 2634 tam
412 2607 485 2635 erat
506 2603 728 2637 honorificum
752 2605 843 2647 apud

216 2646 372 2688 Graecos,
395 2651 433 2680 ut
454 2646 539 2680 illud
563 2658 630 2680 non
654 2660 729 2682 raro
752 2650 843 2692 prin-

915 1984 1008 2026 cipes
1037 1983 1182 2016 aliarum
1211 1984 1388 2016 civitatum
1412 1994 1477 2026 exp
1478 1988 1545 2016 ete-

914 2032 998 2060 rent.
1035 2039 1066 2060 V.
1097 2029 1150 2060 De
1179 2029 1261 2071 Rep.
1292 2028 1318 2059 1.
1347 1994 1479 2071 p.344.
1503 2028 1544 2061 Ε.

915 2072 1059 2113 Quando
1089 2076 1202 2106 eutem
1230 2073 1456 2105 Athenienses
1484 2072 1544 2105 sli-

913 2127 1013 2159 quem
1036 2128 1076 2150 eo
1099 2117 1227 2150 honore
1249 2116 1461 2158 mactabant,
1495 2117 1543 2149 di-

913 2161 1055 2194 uebatur
1069 2161 1155 2194 illud
1164 2159 1390 2217 ἀναγράφειν
1403 2166 1437 2194 et
1458 2158 1542 2194 dva-

913 2206 1091 2249 κηρύττειν
1105 2204 1176 2239 τινὰ
1192 2203 1377 2249 εὐεργέτην
1400 2209 1457 2249 τῆς
1481 2204 1542 2239 πό·-

912 2252 1006 2285 ieme.
1047 2251 1139 2283 Hinc
1167 2251 1272 2283 dictio
1301 2250 1387 2283 abiit
1409 2251 1444 2283 iu
1467 2260 1542 2293 pro-

913 2295 1083 2327 verbium:
1123 2294 1165 2328 de
1201 2305 1269 2338 qun
1297 2305 1334 2327 re
1364 2305 1397 2327 V.
1427 2295 1541 2327 Hem—

911 2339 1093 2373 stethus.
1115 2340 1159 2372 ad
1175 2339 1318 2372 Lucian.
1333 2339 1425 2372 Disl.
1441 2340 1541 2372 nort.

976 2382 1053 2417 367.
1086 2383 1129 2425 ad
1161 2383 1384 2427 Contemplst.
1422 2385 1454 2423 5.
1486 2381 1540 2416 24.

911 2428 1035 2461 Wolf.
1065 2428 1108 2461 sd
1131 2429 1228 2463 Dem.
1251 2429 1430 2471 Leptin-p
1408 2438 1441 2470 p.
1463 2426 1540 2461 283.

911 2473 1098 2506 Dorvill.
1117 2473 1161 2508 sd
1177 2473 1348 2515 Chmtp
1350 2470 1449 2505 .317.
1464 2470 1540 2505 624.

911 2522 945 2549 et
967 2518 1110 2560 interpp.
1133 2517 1177 2550 ad
1200 2516 1407 2559 Thucyd.1,
1432 2515 1508 2549 129.

956 2561 1177 2604 Cap.1.xn.
1236 2560 1282 2601 ἐμ
1289 2564 1341 2594 οῦ
1387 2558 1539 2593 ἀναλα-

910 2603 1073 2646 βόντος
1104 2604 1178 2639 τὸν
1199 2603 1361 2649 λόγον]
1396 2605 1473 2637 Vid.
1496 2605 1539 2638 nd

910 2650 1038 2684 Criton.
1061 2661 1134 2694 cap.
1160 2651 1216 2686 VI.
1263 2649 1419 2682 Ceterum
1450 2655 1540 2683 recte
