1676 2938
505 94 749 135 GORGIAS.
777 94 821 133 P.
854 97 946 132 509.
976 94 1037 132 ed.
1068 93 1125 132 St.
1400 93 1479 128 285
1602 116 1625 154 ὁ

132 206 313 260 βοηθεῖν
349 204 420 248 καὶ
460 206 638 260 αἰσχύνη
675 209 753 245 τοῦ
792 203 862 257 μή.
894 194 979 255 ἀρα
1006 204 1142 251 ἄλλως
1168 200 1196 255 ἢ
1225 199 1361 249 οὕτως
1386 197 1483 253 ἔχει,

133 266 168 312 ὦ
198 271 468 321 Καλλίκλειςς
519 271 654 312 ΚΑΛ.
686 269 778 311 Οὐκ
806 270 957 317 ἄλλως.

217 337 322 395 Cap.
354 338 494 381 LXV.
553 336 653 377 ΣΩ.
698 337 843 375 Λυοῖν
880 329 961 375 οὖν
1000 335 1172 382 ὄντοιν,
1211 335 1291 373 τοῦ
1321 330 1484 372 ἀδικεῖν

131 418 175 446 τε
203 404 274 446 καὶ
301 405 566 451 ἀδικεῖσθαι,
602 404 748 456 μεῖζον
783 400 862 456 μέν
899 416 1041 456 φαμεν
1068 400 1204 443 κακὸν
1231 400 1280 441 τὸ
1308 400 1485 449 ἀδικεῖν,

134 467 310 511 ἔλαττον
345 470 390 512 δὲ
430 468 478 512 τὸ
507 469 759 511 ἀδικεῖσθαι.
789 468 829 509 τί
857 463 940 510 οὖν
967 467 1022 509 ἂν
1050 466 1486 519 παρασκευασάμενος

132 537 366 588 ἄνθρωπος
403 536 657 590 βοηθήσειεν
697 533 835 588 αὐτῷ,
875 529 975 582 ὥςτε
1003 531 1248 587 ἀμφοτέρας
1275 531 1350 580 τὰς
1378 531 1485 582 ὠφε-

132 600 246 649 λείας
281 601 438 650 ταύτας
465 598 594 655 ἔχειν,
631 600 711 653 τήν
738 613 780 639 τε
809 595 895 639 ἀπὸ
923 604 1002 640 τοῦ
1029 597 1087 652 μὴ
1118 593 1280 639 ἀδικεῖν
1308 595 1379 639 καὶ
1407 596 1487 651 τὴν
1517 601 1560 643 D

134 660 219 706 ἀπὸ
257 667 336 707 τοῦ
375 666 432 721 μὴ
461 664 723 714 ἀδικεῖσθαι;
759 665 919 717 πότερα
947 664 1158 717 δύναμιν,
1199 662 1226 716 ἢ
1256 663 1486 716 βούλησιν;

135 722 216 772 ὧδε
244 730 289 772 δὲ
317 731 444 785 λέγω·
487 731 670 783 πότερον
697 729 774 772 ἐὰν
801 729 858 784 μὴ
888 730 1094 783 βούληται
1122 727 1378 779 ἀδικεῖσθαι,
1408 729 1488 769 οὐκ

134 793 397 850 ἀδικήσεται,
449 796 476 850 ἢ
525 795 601 837 ἐὰν
646 796 832 850 δύναμιν
883 795 1256 848 παρασκευάσηται
1303 796 1383 836 τοῦ
1428 792 1487 848 μὴ

135 858 388 911 ἀδικεῖσθαι,
428 862 509 904 οὐκ
536 859 802 916 ἀδικήσεται;
844 862 982 902 ΚΑΛ.
1012 862 1162 914 Δῆλον
1190 859 1243 914 δὴ
1270 861 1400 902 τοῦτό
1427 874 1488 914 γε,

137 926 201 968 ὅτι
240 926 315 969 ἐὰν
342 928 538 980 δύναμιν.
594 928 698 968 ΣΩ..
748 927 799 968 Τί
823 925 868 968 δὲ
895 925 948 981 δὴ
975 929 1055 968 τοῦ
1082 922 1268 976 ἀδικεῖν,·
1305 927 1489 977 πότερον

136 991 212 1034 ἐὰν
238 991 296 1047 μὴ
325 993 531 1047 βούληται
559 989 735 1043 ἀδικεῖν,
776 990 929 1034 ἰκανὸν
956 992 1071 1033 τοῦτ’
1101 989 1215 1033 ἔστιν
1246 1016 1293 1021 —
1324 992 1378 1033 οὐ
1406 991 1488 1045 γὰρ

135 1054 326 1112 ἀδικήσει
348 1082 412 1107 —,
441 1058 468 1111 ἢ
488 1056 558 1100 καὶ
577 1055 647 1098 ἐπὶ
666 1060 795 1100 τοῦτο
814 1058 880 1099 δεῖ
905 1057 1091 1111 δύναμίν
1117 1072 1212 1098 τινα
1238 1055 1309 1098 καὶ
1336 1055 1488 1111 τέχνην
1518 1057 1556 1100 Ε

135 1123 566 1175 παρασκευάσασθαι,
606 1122 685 1172 ὡς,
724 1122 800 1164 ἐὰν
836 1121 894 1177 μὴ
922 1125 1044 1177 μα’θῃ
1073 1122 1182 1164 αὐτὰ
1210 1123 1282 1163 καὶ
1310 1123 1487 1177 ἀσκήσῃ,

136 1189 347 1242 ἀδικήσεις
385 1190 435 1229 Τί
464 1189 543 1230 οὐκ
573 1189 677 1230 αὐτό
705 1187 752 1241 γέ
780 1203 854 1242 μοι
880 1195 1008 1230 τοῦτο
1038 1189 1266 1240 ἀπεκρίνω,
1309 1183 1342 1229 ὦ
1374 1190 1487 1230 Καλ-

136 1254 310 1303 λίκλεις,
361 1254 544 1308 πότερόν
591 1264 661 1296 σοι
707 1253 920 1307 δοκοῦμεν
967 1254 1111 1308 ὀρθῶς
1159 1254 1490 1309 ἀναγκασθῆναι

206 1386 279 1420 τοῦ
309 1385 483 1420 ἀδικεῖν
513 1399 555 1420 τε
585 1389 655 1420 καὶ
686 1385 962 1433 ἀδικεῖσθαι]
995 1389 1111 1432 Vulgo
1141 1400 1181 1432 γε
1211 1399 1273 1432 pro
1306 1401 1340 1421 τε
1363 1388 1491 1421 scribe-

137 1433 238 1466 batur
259 1433 379 1466 invitis
402 1433 501 1466 codd.
524 1433 696 1476 plerisque
718 1435 888 1467 omnibus.
935 1434 1002 1467 Sed
1026 1435 1104 1467 Par.
1127 1435 1168 1467 E.
1192 1434 1298 1467 habet
1319 1446 1368 1478 γε.
1404 1435 1488 1467 Mox

137 1478 219 1510 ordo
249 1478 434 1511 verborum
460 1479 566 1522 vulgo
593 1479 660 1511 fuit
688 1479 765 1512 hic:
806 1478 915 1513 κακόν
946 1491 1062 1521 φαμεν
1095 1477 1130 1512 τὸ
1164 1477 1317 1517 ἀδικεῖν,
1355 1486 1491 1522 praeter

137 1523 239 1556 fidem
262 1524 360 1557 codd.
384 1524 454 1556 fere
478 1525 640 1557 omnium.

137 1614 179 1646 V·
203 1569 242 1646 Ῑέ.
261 1580 311 1648 6μ
323 1581 361 1602 οι
387 1569 512 1602 τοῦτο
537 1567 784 1613 ἀπεκρίνω]
814 1570 856 1603 V.
879 1567 1085 1612 ἀπεκρίνου.
1120 1570 1297 1604 on-istum
1321 1570 1488 1604 debemus

170 1625 238 1646 ιιι.
286 1639 294 1647 .

137 1737 256 1770 multis
299 1738 388 1771 loeis
434 1743 638 1781 usurpatus,
692 1749 778 1782 quos
847 1750 879 1782 p.
911 1738 988 1772 262.
1029 1739 1081 1772 ed.
1122 1740 1241 1772 Reisk.
1285 1744 1319 1773 et
1362 1742 1490 1774 Hein-

137 1785 262 1826 partim
295 1783 452 1816 iistlieant
482 1784 701 1817 Schaefer.
735 1784 779 1816 ad
849 1785 954 1817 dors.
980 1784 1023 1817 ad
1046 1785 1080 1817 h.
1105 1785 1129 1817 1.

137 1830 236 1861 Dem.
260 1829 348 1871 App.
368 1829 430 1861 ΠΙ.
454 1839 487 1871 p.
508 1827 586 1862 295.
607 1828 685 1863 337.
699 1828 778 1862 491.
892 1831 932 1862 Ε.

138 1874 344 1917 Krueger.
369 1873 413 1906 ad
430 1873 589 1916 Thucyd.
612 1875 654 1907 V.
677 1874 733 1915 56,
747 1874 779 1907 2.

138 1919 332 1952 Discrimen
378 1920 537 1961 passivae
577 1924 612 1952 et
649 1920 779 1952 mediae

980 1827 1054 1868 ὥς,
1087 1829 1165 1862 ἐὰν
1196 1830 1248 1874 μὴ
1284 1828 1402 1873 μάθῃ
1434 1850 1489 1868 -,

848 1872 1070 1919 ἀδικήσει]
1111 1876 1288 1918 quippe,
1324 1877 1415 1909 nisi
1444 1878 1491 1910 il-

848 1920 931 1952 lam
962 1920 1178 1953 didicerit
1207 1926 1251 1954 et
1286 1932 1492 1956 exercue-

139 1964 267 1996 formne
321 1965 440 2006 utique
488 1969 653 2007 apertum.
710 1965 778 1998 vid.

139 2010 369 2042 Matthiae.
405 2011 434 2049 ἓ.
464 2008 543 2045 494.
574 2010 618 2042 11.
665 2011 779 2043 Rost-

140 2056 170 2094 §-
189 2053 265 2087 114.
284 2054 313 2089 1.
338 2055 586 2088 Buttmann.
607 2056 639 2095 §-
657 2054 732 2089 123.
747 2055 780 2090 3.

140 2118 184 2123 -
222 2102 296 2132 τοῦ
319 2100 388 2142 ,μὴ
429 2097 697 2133 ἀδικεῖσθαι.
740 2103 780 2134 Ρ.

140 2143 219 2178 457.
233 2145 280 2176 E:
306 2148 365 2177 τοῦ
387 2146 583 2185 καταφανὲς
600 2146 779 2190 γενέσθαι,

140 2190 201 2222 ubi
231 2201 264 2222 v.
295 2194 412 2223 annot.
458 2190 616 2224 Ceterum
644 2193 780 2225 notabis

141 2235 378 2277 repetitionem
408 2236 590 2269 verborum
621 2235 686 2270 οὐκ
708 2235 781 2270 ἀδι-

141 2279 288 2323 κήσεται,
312 2291 401 2322 quae
417 2285 532 2314 tamen
554 2283 591 2314 in
614 2282 682 2315 hae
705 2294 780 2315 sen-

140 2326 324 2358 tentiarum
355 2326 568 2368 oppositione
595 2338 667 2360 non
689 2333 782 2361 caret

141 2371 177 2403 vi
206 2381 278 2403 sua.
314 2381 346 2403 v,
376 2371 420 2403 ad
442 2371 561 2413 Lysid.
584 2383 616 2415 p.
639 2372 716 2406 209.
742 2374 781 2407 C.

141 2416 272 2494 Critgn.
289 2427 322 2458 p.
336 2415 390 2449 54.
407 2417 448 2449 A.
472 2417 563 2449 infra
584 2428 618 2460 p.
641 2417 717 2452 516.
741 2420 780 2452 Ε.

141 2472 162 2504 p
189 2506 240 2539 Τι’
261 2506 310 2539 δὲ
329 2504 473 2549 δήτοῦ
494 2504 703 2552 ἀδικεῖι·;]
728 2509 781 2541 De

141 2551 205 2583 hoc
236 2553 390 2594 genitivo
413 2563 446 2583 v.
470 2552 647 2585 Phaedon.
668 2564 702 2596 p.
727 2553 781 2587 78.

142 2597 185 2628 D.
215 2597 268 2629 De
292 2598 375 2639 Rep.
399 2597 476 2629 VII.
499 2607 531 2639 p.
555 2596 633 2630 515.
648 2599 688 2630 Β.
720 2600 780 2631 ΙΧ.

140 2652 172 2683 p.
188 2639 265 2674 582.
282 2641 320 2674 C.
346 2642 567 2675 Demosth.
586 2643 640 2676 De
655 2643 779 2677 Coron.

848 1966 926 2006 rit,
961 1966 1125 1999 iniuste
1158 1967 1308 1999 faciet.
1362 1969 1490 2000 Prono-

848 2022 926 2043 men
963 2009 1049 2043 αὐτά
1084 2013 1229 2044 refertur
1264 2012 1307 2045 ad
1340 2012 1491 2053 δύναμιν

850 2056 904 2088 καὶ
921 2055 1052 2099 τέχνην.
1077 2068 1107 2089 v.
1126 2057 1170 2089 ad
1184 2057 1312 2090 Phaed.
1327 2069 1360 2101 p.
1378 2058 1432 2092 88.
1448 2060 1490 2092 A.

849 2102 927 2134 coll.
951 2103 1106 2135 Matth.
1133 2104 1162 2142 ἓ.
1187 2101 1264 2136 439.

900 2148 950 2181 Τι’
976 2144 1056 2179 οὐκ
1089 2146 1194 2181 αὐτό
1224 2147 1272 2191 γε’
1302 2159 1374 2188 μοι
1400 2153 1489 2181 τοῦ-

850 2204 892 2225 το
908 2192 967 2234 ·—]
994 2194 1101 2236 Age,
1126 2193 1204 2225 hoc
1224 2196 1364 2236 ipsum
1385 2195 1490 2226 mihi

849 2239 1081 2280 responde,
1106 2250 1125 2271 o
1147 2239 1352 2271 Callicle.
1374 2240 1490 2272 Etiam

848 2283 904 2315 hic
938 2281 1022 2316 αὐτὸ
1053 2287 1152 2316 τοῦτο
1175 2284 1308 2316 indicat
1330 2295 1420 2326 rem,
1453 2286 1490 2318 in

849 2330 949 2361 euius
983 2330 1252 2372 investigatione
1286 2330 1393 2362 totius
1424 2330 1491 2363 dis-

848 2375 1038 2417 putationis
1065 2375 1174 2407 veluti
1197 2374 1300 2407 cardo
1324 2381 1490 2417 versatur,

849 2423 888 2452 ut
900 2419 1077 2452 commode
1091 2420 1259 2462 explicari
1272 2425 1391 2462 queat:
1410 2422 1432 2454 h
1441 2433 1461 2454 o
1470 2432 1489 2454 c

851 2466 1052 2505 maxime,
1090 2465 1166 2497 hoe
1199 2467 1490 2507 potissimum,

850 2509 892 2541 de
916 2521 983 2552 quo
1006 2521 1073 2542 usu
1096 2511 1215 2543 monui
1237 2510 1282 2543 ad
1304 2522 1336 2554 p.
1353 2511 1430 2545 488.
1446 2513 1489 2544 D.

851 2559 885 2587 et
906 2554 983 2588 482.
1006 2556 1049 2588 D.
1084 2555 1396 2589 Heindorfium
1420 2568 1491 2591 non

849 2600 957 2642 probo
993 2600 1078 2633 haee
1110 2602 1159 2634 sic
1189 2602 1488 2644 interpretantem:

850 2646 931 2677 hoc
964 2656 1091 2678 unum
1120 2647 1228 2679 mihi
1261 2647 1489 2689 responde.
