<?xml version="1.0" encoding="UTF-8"?>
<!DOCTYPE html PUBLIC "-//W3C//DTD XHTML 1.0 Transitional//EN"
    "http://www.w3.org/TR/xhtml1/DTD/xhtml1-transitional.dtd">
<html xmlns="http://www.w3.org/1999/xhtml" xml:lang="en" lang="en">
 <head>
  <title>
</title>
<meta http-equiv="Content-Type" content="text/html;charset=utf-8" />
  <meta name='ocr-system' content='tesseract 3.04.00' />
  <meta name='ocr-capabilities' content='ocr_page ocr_carea ocr_par ocr_line ocrx_word'/>
</head>
<body>
  <div class='ocr_page' id='page_1' title='image "./operaomniarecens02platuoft/operaomniarecens02platuoft_0513.png"; bbox 0 0 1722 2964; ppageno 0'>
   <div class='ocr_carea' id='block_1_1' title="bbox 501 70 1566 137">
    <p class='ocr_par' dir='ltr' id='par_1_1' title="bbox 501 70 1566 137">
     <span class='ocr_line' id='line_1_1' title="bbox 501 70 1566 137; baseline 0.001 -24"><span class='ocrx_word' id='word_1_1' title='bbox 501 75 918 113; x_wconf 82' lang='lat' dir='ltr'>PROTAGORAS.</span> <span class='ocrx_word' id='word_1_2' title='bbox 948 75 991 137; x_wconf 57' lang='grc' dir='ltr'><strong><em>Ρ.</em></strong></span> <span class='ocrx_word' id='word_1_3' title='bbox 1013 77 1092 112; x_wconf 86' lang='lat'>352.</span> <span class='ocrx_word' id='word_1_4' title='bbox 1125 75 1207 109; x_wconf 85' lang='lat' dir='ltr'><strong><em>ST.</em></strong></span> <span class='ocrx_word' id='word_1_5' title='bbox 1484 70 1566 114; x_wconf 83' lang='lat'><strong><em>153</em></strong></span> 
     </span>
    </p>
   </div>
   <div class='ocr_carea' id='block_1_2' title="bbox 140 186 1617 814">
    <p class='ocr_par' dir='ltr' id='par_1_2' title="bbox 140 186 1617 794">
     <span class='ocr_line' id='line_1_2' title="bbox 140 186 1567 253; baseline -0.005 -13"><span class='ocrx_word' id='word_1_6' title='bbox 140 194 450 253; x_wconf 72' lang='grc' dir='ltr'><strong><em>ἐπισκέψωμαι</em></strong></span> <span class='ocrx_word' id='word_1_7' title='bbox 481 191 775 252; x_wconf 81' lang='grc' dir='ltr'><strong><em>σαφέστερον·</em></strong></span> <span class='ocrx_word' id='word_1_8' title='bbox 808 191 882 236; x_wconf 84' lang='grc' dir='ltr'><strong><em>καὶ</em></strong></span> <span class='ocrx_word' id='word_1_9' title='bbox 906 188 992 248; x_wconf 76' lang='grc' dir='ltr'><strong><em>ἐγώ</em></strong></span> <span class='ocrx_word' id='word_1_10' title='bbox 1015 186 1214 236; x_wconf 84' lang='grc' dir='ltr'><strong><em>τοιοῦτόν</em></strong></span> <span class='ocrx_word' id='word_1_11' title='bbox 1236 207 1279 235; x_wconf 91' lang='grc' dir='ltr'><strong><em>τι</em></strong></span> <span class='ocrx_word' id='word_1_12' title='bbox 1303 189 1435 234; x_wconf 72' lang='grc' dir='ltr'><em>ποθῶ</em></span> <span class='ocrx_word' id='word_1_13' title='bbox 1457 187 1567 249; x_wconf 84' lang='grc' dir='ltr'><strong><em>πρὸς</em></strong></span> 
     </span>
     <span class='ocr_line' id='line_1_3' title="bbox 143 254 1566 320; baseline -0.005 -12"><span class='ocrx_word' id='word_1_14' title='bbox 143 261 229 320; x_wconf 84' lang='grc' dir='ltr'><strong><em>τὴν</em></strong></span> <span class='ocrx_word' id='word_1_15' title='bbox 252 263 433 318; x_wconf 78' lang='grc' dir='ltr'><strong><em>σκέψιν·</em></strong></span> <span class='ocrx_word' id='word_1_16' title='bbox 466 258 769 319; x_wconf 74' lang='grc' dir='ltr'><strong><em>θεασάμενος,</em></strong></span> <span class='ocrx_word' id='word_1_17' title='bbox 793 257 861 304; x_wconf 79' lang='grc' dir='ltr'><strong><em>ὅτι</em></strong></span> <span class='ocrx_word' id='word_1_18' title='bbox 883 255 1024 312; x_wconf 74' lang='grc' dir='ltr'><strong><em>οὕτως</em></strong></span> <span class='ocrx_word' id='word_1_19' title='bbox 1047 262 1160 317; x_wconf 80' lang='grc' dir='ltr'><strong><em>ἔχεις</em></strong></span> <span class='ocrx_word' id='word_1_20' title='bbox 1184 255 1293 317; x_wconf 85' lang='grc' dir='ltr'><strong><em>πρὸς</em></strong></span> <span class='ocrx_word' id='word_1_21' title='bbox 1317 255 1365 302; x_wconf 87' lang='grc' dir='ltr'><strong><em>τὸ</em></strong></span> <span class='ocrx_word' id='word_1_22' title='bbox 1390 254 1566 314; x_wconf 75' lang='grc' dir='ltr'><strong><em>ἀγαθὸν</em></strong></span> 
     </span>
     <span class='ocr_line' id='line_1_4' title="bbox 143 322 1567 389; baseline -0.004 -13"><span class='ocrx_word' id='word_1_23' title='bbox 143 332 219 375; x_wconf 86' lang='grc' dir='ltr'><strong><em>καὶ</em></strong></span> <span class='ocrx_word' id='word_1_24' title='bbox 241 329 290 376; x_wconf 91' lang='grc' dir='ltr'><strong><em>τὸ</em></strong></span> <span class='ocrx_word' id='word_1_25' title='bbox 314 328 424 389; x_wconf 71' lang='grc' dir='ltr'><strong><em>ἡδύ,</em></strong></span> <span class='ocrx_word' id='word_1_26' title='bbox 466 327 526 382; x_wconf 79' lang='grc' dir='ltr'><strong><em>ὥς</em></strong></span> <span class='ocrx_word' id='word_1_27' title='bbox 549 325 663 389; x_wconf 81' lang='grc' dir='ltr'><strong><em>φῄς,</em></strong></span> <span class='ocrx_word' id='word_1_28' title='bbox 705 328 861 386; x_wconf 78' lang='grc' dir='ltr'><strong><em>δέομαι</em></strong></span> <span class='ocrx_word' id='word_1_29' title='bbox 890 324 1092 373; x_wconf 83' lang='grc' dir='ltr'><strong><em>τοιοῦτόν</em></strong></span> <span class='ocrx_word' id='word_1_30' title='bbox 1120 343 1162 371; x_wconf 85' lang='grc' dir='ltr'><strong><em>τι</em></strong></span> <span class='ocrx_word' id='word_1_31' title='bbox 1194 329 1359 383; x_wconf 83' lang='grc' dir='ltr'><strong><em>εἰπεῖν,</em></strong></span> <span class='ocrx_word' id='word_1_32' title='bbox 1395 322 1483 372; x_wconf 78' lang='grc' dir='ltr'><strong><em>’Ίθι</em></strong></span> <span class='ocrx_word' id='word_1_33' title='bbox 1508 323 1567 382; x_wconf 78' lang='grc' dir='ltr'><strong><em>δή</em></strong></span> 
     </span>
     <span class='ocr_line' id='line_1_5' title="bbox 142 391 1617 458; baseline -0.004 -14"><span class='ocrx_word' id='word_1_34' title='bbox 142 417 240 456; x_wconf 85' lang='grc' dir='ltr'><strong><em>μοι,</em></strong></span> <span class='ocrx_word' id='word_1_35' title='bbox 273 391 308 443; x_wconf 75' lang='grc' dir='ltr'><em>ὦ</em></span> <span class='ocrx_word' id='word_1_36' title='bbox 338 394 638 458; x_wconf 74' lang='grc' dir='ltr'><strong><em>Πρωταγόρα,</em></strong></span> <span class='ocrx_word' id='word_1_37' title='bbox 674 397 750 441; x_wconf 82' lang='grc' dir='ltr'><strong><em>καὶ</em></strong></span> <span class='ocrx_word' id='word_1_38' title='bbox 780 393 883 441; x_wconf 79' lang='grc' dir='ltr'><strong><em>τόδε</em></strong></span> <span class='ocrx_word' id='word_1_39' title='bbox 913 397 990 454; x_wconf 83' lang='grc' dir='ltr'><strong><em>τῆς</em></strong></span> <span class='ocrx_word' id='word_1_40' title='bbox 1022 398 1222 447; x_wconf 80' lang='grc' dir='ltr'><em>διανοίας</em></span> <span class='ocrx_word' id='word_1_41' title='bbox 1253 391 1560 450; x_wconf 80' lang='grc' dir='ltr'><strong><em>ἆποκάλυψον,</em></strong></span> <span class='ocrx_word' id='word_1_42' title='bbox 1585 406 1617 438; x_wconf 91' lang='grc' dir='ltr'>Β</span> 
     </span>
     <span class='ocr_line' id='line_1_6' title="bbox 142 459 1569 526; baseline -0.004 -15"><span class='ocrx_word' id='word_1_43' title='bbox 142 468 237 519; x_wconf 72' lang='grc' dir='ltr'><strong><em>πῶς</em></strong></span> <span class='ocrx_word' id='word_1_44' title='bbox 270 470 383 524; x_wconf 78' lang='grc' dir='ltr'><strong><em>ἔχεις</em></strong></span> <span class='ocrx_word' id='word_1_45' title='bbox 417 463 525 526; x_wconf 84' lang='grc' dir='ltr'><strong><em>πρὸς</em></strong></span> <span class='ocrx_word' id='word_1_46' title='bbox 556 462 821 523; x_wconf 81' lang='grc' dir='ltr'><strong><em>ἐπιστήμην;</em></strong></span> <span class='ocrx_word' id='word_1_47' title='bbox 855 461 1045 523; x_wconf 86' lang='grc' dir='ltr'><strong><em>πότερον</em></strong></span> <span class='ocrx_word' id='word_1_48' title='bbox 1076 463 1150 508; x_wconf 87' lang='grc' dir='ltr'><strong><em>καὶ</em></strong></span> <span class='ocrx_word' id='word_1_49' title='bbox 1180 459 1310 508; x_wconf 80' lang='grc' dir='ltr'><strong><em>τοῦτό</em></strong></span> <span class='ocrx_word' id='word_1_50' title='bbox 1341 475 1411 507; x_wconf 87' lang='grc' dir='ltr'><strong><em>σοι</em></strong></span> <span class='ocrx_word' id='word_1_51' title='bbox 1443 464 1569 507; x_wconf 80' lang='grc' dir='ltr'><strong><em>δοκεῖ</em></strong></span> 
     </span>
     <span class='ocr_line' id='line_1_7' title="bbox 142 527 1567 592; baseline -0.003 -14"><span class='ocrx_word' id='word_1_52' title='bbox 142 531 292 592; x_wconf 71' lang='grc' dir='ltr'><strong><em>ὥσπερ</em></strong></span> <span class='ocrx_word' id='word_1_53' title='bbox 323 545 416 587; x_wconf 79' lang='grc' dir='ltr'><strong><em>τοῖς</em></strong></span> <span class='ocrx_word' id='word_1_54' title='bbox 447 537 626 586; x_wconf 72' lang='grc' dir='ltr'><em>πολλοῖς</em></span> <span class='ocrx_word' id='word_1_55' title='bbox 657 529 935 591; x_wconf 79' lang='grc' dir='ltr'><strong><em>ἀνθρώποις,</em></strong></span> <span class='ocrx_word' id='word_1_56' title='bbox 975 527 1003 589; x_wconf 80' lang='grc' dir='ltr'><em>ἢ</em></span> <span class='ocrx_word' id='word_1_57' title='bbox 1034 528 1199 586; x_wconf 77' lang='grc' dir='ltr'><strong><em>ἅλλὼς;</em></strong></span> <span class='ocrx_word' id='word_1_58' title='bbox 1240 533 1366 576; x_wconf 76' lang='grc' dir='ltr'><strong><em>δοκεῖ</em></strong></span> <span class='ocrx_word' id='word_1_59' title='bbox 1396 529 1446 575; x_wconf 74' lang='grc' dir='ltr'><strong><em>δὲ</em></strong></span> <span class='ocrx_word' id='word_1_60' title='bbox 1475 539 1567 582; x_wconf 85' lang='grc' dir='ltr'><strong><em>τοῖς</em></strong></span> 
     </span>
     <span class='ocr_line' id='line_1_8' title="bbox 140 594 1562 685; baseline -0.003 -39"><span class='ocrx_word' id='word_1_61' title='bbox 140 606 323 655; x_wconf 78' lang='grc' dir='ltr'><em>πολλοῖς</em></span> <span class='ocrx_word' id='word_1_62' title='bbox 353 602 456 660; x_wconf 82' lang='grc' dir='ltr'><strong><em>περὶ</em></strong></span> <span class='ocrx_word' id='word_1_63' title='bbox 493 598 733 659; x_wconf 79' lang='grc' dir='ltr'><strong><em>ἐπιστήμης</em></strong></span> <span class='ocrx_word' id='word_1_64' title='bbox 763 597 965 646; x_wconf 84' lang='grc' dir='ltr'><strong><em>τοιοῦτόν</em></strong></span> <span class='ocrx_word' id='word_1_65' title='bbox 994 617 1058 656; x_wconf 84' lang='grc' dir='ltr'><strong><em>τι,</em></strong></span> <span class='ocrx_word' id='word_1_66' title='bbox 1099 597 1183 644; x_wconf 86' lang='grc' dir='ltr'><strong><em>οὐκ</em></strong></span> <span class='ocrx_word' id='word_1_67' title='bbox 1215 596 1421 685; x_wconf 80' lang='grc' dir='ltr'><strong><em>ἰσχυρόν,</em></strong></span> <span class='ocrx_word' id='word_1_68' title='bbox 1463 594 1562 643; x_wconf 78' lang='grc' dir='ltr'><strong><em>οὐδ’</em></strong></span> 
     </span>
     <span class='ocr_line' id='line_1_9' title="bbox 141 663 1568 728; baseline -0.004 -13"><span class='ocrx_word' id='word_1_69' title='bbox 141 666 429 728; x_wconf 75' lang='grc' dir='ltr'><strong><em>ἡγεμονικόν,</em></strong></span> <span class='ocrx_word' id='word_1_70' title='bbox 471 666 569 715; x_wconf 78' lang='grc' dir='ltr'><strong><em>οὐδ’</em></strong></span> <span class='ocrx_word' id='word_1_71' title='bbox 607 665 790 727; x_wconf 79' lang='grc' dir='ltr'><strong><em>ἀρχικὸν</em></strong></span> <span class='ocrx_word' id='word_1_72' title='bbox 821 667 957 714; x_wconf 82' lang='grc' dir='ltr'><strong><em>εἶναι</em></strong></span> <span class='ocrx_word' id='word_1_73' title='bbox 1005 664 1111 712; x_wconf 72' lang='grc' dir='ltr'><em>οὐδὲ</em></span> <span class='ocrx_word' id='word_1_74' title='bbox 1142 664 1201 720; x_wconf 75' lang='grc' dir='ltr'><strong><em>ὡς</em></strong></span> <span class='ocrx_word' id='word_1_75' title='bbox 1232 667 1335 725; x_wconf 77' lang='grc' dir='ltr'><strong><em>περὶ</em></strong></span> <span class='ocrx_word' id='word_1_76' title='bbox 1365 663 1568 711; x_wconf 85' lang='grc' dir='ltr'><strong><em>τοιούτου</em></strong></span> 
     </span>
     <span class='ocr_line' id='line_1_10' title="bbox 143 731 1565 814; baseline -0.004 -32"><span class='ocrx_word' id='word_1_77' title='bbox 143 734 282 783; x_wconf 82' lang='grc' dir='ltr'><strong><em>αὐτοῦ</em></strong></span> <span class='ocrx_word' id='word_1_78' title='bbox 322 735 448 791; x_wconf 81' lang='grc' dir='ltr'><em>ὄντος</em></span> <span class='ocrx_word' id='word_1_79' title='bbox 498 737 804 818; x_wconf 80' lang='grc' dir='ltr'><strong><em>διανοοῦνται,</em></strong></span> <span class='ocrx_word' id='word_1_80' title='bbox 854 732 951 780; x_wconf 80' lang='grc' dir='ltr'><em>ἀλλ’</em></span> <span class='ocrx_word' id='word_1_81' title='bbox 1000 732 1184 793; x_wconf 81' lang='grc' dir='ltr'><em>ἐνούσης</em></span> <span class='ocrx_word' id='word_1_82' title='bbox 1233 731 1442 814; x_wconf 76' lang='grc' dir='ltr'><strong><em>πολλάκις</em></strong></span> <span class='ocrx_word' id='word_1_83' title='bbox 1483 731 1565 778; x_wconf 82' lang='grc' dir='ltr'><strong><em>ἀν-</em></strong></span> 
     </span>
    </p>
   </div>
   <div class='ocr_carea' id='block_1_3' title="bbox 139 798 1623 1406">
    <p class='ocr_par' dir='ltr' id='par_1_3' title="bbox 139 798 1623 1406">
     <span class='ocr_line' id='line_1_11' title="bbox 142 798 1563 887; baseline -0.004 -36"><span class='ocrx_word' id='word_1_84' title='bbox 142 803 315 867; x_wconf 76' lang='grc' dir='ltr'><strong><em>θρώπῳ</em></strong></span> <span class='ocrx_word' id='word_1_85' title='bbox 348 803 610 863; x_wconf 82' lang='grc' dir='ltr'><strong><em>ἐπιστήμης,</em></strong></span> <span class='ocrx_word' id='word_1_86' title='bbox 642 801 695 849; x_wconf 81' lang='grc' dir='ltr'><strong><em>οὗ</em></strong></span> <span class='ocrx_word' id='word_1_87' title='bbox 718 802 800 862; x_wconf 81' lang='grc' dir='ltr'><strong><em>τὴν</em></strong></span> <span class='ocrx_word' id='word_1_88' title='bbox 825 801 1069 861; x_wconf 80' lang='grc' dir='ltr'><strong><em>ἐπιστήμην</em></strong></span> <span class='ocrx_word' id='word_1_89' title='bbox 1092 801 1229 847; x_wconf 83' lang='grc' dir='ltr'><strong><em>αὐτοῦ</em></strong></span> <span class='ocrx_word' id='word_1_90' title='bbox 1254 799 1430 887; x_wconf 72' lang='grc' dir='ltr'><strong><em>ἄρχειν,</em></strong></span> <span class='ocrx_word' id='word_1_91' title='bbox 1463 798 1563 846; x_wconf 77' lang='grc' dir='ltr'><em>ἀλλ’</em></span> 
     </span>
     <span class='ocr_line' id='line_1_12' title="bbox 143 867 1566 930; baseline -0.001 -15"><span class='ocrx_word' id='word_1_92' title='bbox 143 869 252 919; x_wconf 78' lang='grc' dir='ltr'><em>ἄλλο</em></span> <span class='ocrx_word' id='word_1_93' title='bbox 275 891 339 930; x_wconf 90' lang='grc' dir='ltr'><strong><em>τι,</em></strong></span> <span class='ocrx_word' id='word_1_94' title='bbox 376 872 472 919; x_wconf 75' lang='grc' dir='ltr'><strong><em>τοτὲ</em></strong></span> <span class='ocrx_word' id='word_1_95' title='bbox 494 872 577 930; x_wconf 72' lang='grc' dir='ltr'><strong><em>μὲν</em></strong></span> <span class='ocrx_word' id='word_1_96' title='bbox 600 870 764 930; x_wconf 81' lang='grc' dir='ltr'><strong><em>θυμόν,</em></strong></span> <span class='ocrx_word' id='word_1_97' title='bbox 790 871 885 917; x_wconf 71' lang='grc' dir='ltr'><strong><em>τοτὲ</em></strong></span> <span class='ocrx_word' id='word_1_98' title='bbox 910 870 961 916; x_wconf 77' lang='grc' dir='ltr'><strong><em>δὲ</em></strong></span> <span class='ocrx_word' id='word_1_99' title='bbox 984 868 1175 930; x_wconf 81' lang='grc' dir='ltr'><strong><em>ηδονήν,</em></strong></span> <span class='ocrx_word' id='word_1_100' title='bbox 1207 888 1304 915; x_wconf 85' lang='grc' dir='ltr'><strong><em>τοτε</em></strong></span> <span class='ocrx_word' id='word_1_101' title='bbox 1329 869 1379 914; x_wconf 81' lang='grc' dir='ltr'><strong><em>δε</em></strong></span> <span class='ocrx_word' id='word_1_102' title='bbox 1403 867 1566 926; x_wconf 81' lang='grc' dir='ltr'><strong><em>λύπην,</em></strong></span> 
     </span>
     <span class='ocr_line' id='line_1_13' title="bbox 143 934 1568 999; baseline -0.001 -15"><span class='ocrx_word' id='word_1_103' title='bbox 143 941 283 986; x_wconf 84' lang='grc' dir='ltr'><strong><em>ἐνιοτε</em></strong></span> <span class='ocrx_word' id='word_1_104' title='bbox 307 939 357 986; x_wconf 74' lang='grc' dir='ltr'><strong><em>δὲ</em></strong></span> <span class='ocrx_word' id='word_1_105' title='bbox 380 944 522 999; x_wconf 79' lang='grc' dir='ltr'><strong><em>ἔρωτα</em></strong></span> <span class='ocrx_word' id='word_1_106' title='bbox 531 975 544 998; x_wconf 94' lang='grc'><strong><em>,</em></strong></span> <span class='ocrx_word' id='word_1_107' title='bbox 577 938 786 992; x_wconf 80' lang='grc' dir='ltr'><strong><em>πολλάκις</em></strong></span> <span class='ocrx_word' id='word_1_108' title='bbox 813 939 862 984; x_wconf 72' lang='grc' dir='ltr'><strong><em>δὲ</em></strong></span> <span class='ocrx_word' id='word_1_109' title='bbox 886 937 1053 997; x_wconf 83' lang='grc' dir='ltr'><strong><em>φόβον,</em></strong></span> <span class='ocrx_word' id='word_1_110' title='bbox 1085 936 1277 996; x_wconf 81' lang='grc' dir='ltr'><strong><em>ἀτεχνῶς</em></strong></span> <span class='ocrx_word' id='word_1_111' title='bbox 1303 934 1568 996; x_wconf 74' lang='grc' dir='ltr'><strong><em>διανοούμε-</em></strong></span> 
     </span>
     <span class='ocr_line' id='line_1_14' title="bbox 140 1003 1623 1067; baseline -0.001 -15"><span class='ocrx_word' id='word_1_112' title='bbox 140 1025 212 1053; x_wconf 91' lang='grc' dir='ltr'><strong><em>νοι</em></strong></span> <span class='ocrx_word' id='word_1_113' title='bbox 235 1009 339 1067; x_wconf 81' lang='grc' dir='ltr'><strong><em>περὶ</em></strong></span> <span class='ocrx_word' id='word_1_114' title='bbox 361 1010 438 1065; x_wconf 85' lang='grc' dir='ltr'><strong><em>τῆς</em></strong></span> <span class='ocrx_word' id='word_1_115' title='bbox 464 1006 725 1066; x_wconf 81' lang='grc' dir='ltr'><strong><em>ἐπιστήμης,</em></strong></span> <span class='ocrx_word' id='word_1_116' title='bbox 752 1005 900 1066; x_wconf 74' lang='grc' dir='ltr'><strong><em>ω’σπερ</em></strong></span> <span class='ocrx_word' id='word_1_117' title='bbox 927 1008 1028 1064; x_wconf 81' lang='grc' dir='ltr'><strong><em>περὶ</em></strong></span> <span class='ocrx_word' id='word_1_118' title='bbox 1052 1003 1365 1064; x_wconf 80' lang='grc' dir='ltr'><strong><em>ἀνδραπόδου,</em></strong></span> <span class='ocrx_word' id='word_1_119' title='bbox 1391 1010 1569 1063; x_wconf 52' lang='grc' dir='ltr'><strong><em>περιελὲ</em></strong></span> <span class='ocrx_word' id='word_1_120' title='bbox 1594 1015 1623 1050; x_wconf 84' lang='lat' dir='ltr'>O</span> 
     </span>
     <span class='ocr_line' id='line_1_15' title="bbox 139 1066 1569 1134; baseline -0.001 -15"><span class='ocrx_word' id='word_1_121' title='bbox 139 1076 329 1134; x_wconf 83' lang='grc' dir='ltr'><strong><em>κομένης</em></strong></span> <span class='ocrx_word' id='word_1_122' title='bbox 352 1073 439 1121; x_wconf 81' lang='grc' dir='ltr'><strong><em>ὑπὸ</em></strong></span> <span class='ocrx_word' id='word_1_123' title='bbox 465 1077 554 1120; x_wconf 79' lang='grc' dir='ltr'><strong><em>τῶν</em></strong></span> <span class='ocrx_word' id='word_1_124' title='bbox 578 1073 727 1121; x_wconf 78' lang='grc' dir='ltr'><em>ἄλλων</em></span> <span class='ocrx_word' id='word_1_125' title='bbox 751 1072 972 1120; x_wconf 81' lang='grc' dir='ltr'><strong><em>ἆπαντων.</em></strong></span> <span class='ocrx_word' id='word_1_126' title='bbox 1022 1066 1093 1134; x_wconf 89' lang='grc' dir='ltr'><strong><em>αρ’</em></strong></span> <span class='ocrx_word' id='word_1_127' title='bbox 1123 1073 1205 1119; x_wconf 83' lang='grc' dir='ltr'><strong><em>οὐν</em></strong></span> <span class='ocrx_word' id='word_1_128' title='bbox 1228 1073 1303 1118; x_wconf 85' lang='grc' dir='ltr'><strong><em>καὶ</em></strong></span> <span class='ocrx_word' id='word_1_129' title='bbox 1328 1073 1399 1118; x_wconf 88' lang='grc' dir='ltr'><strong><em>σοὶ</em></strong></span> <span class='ocrx_word' id='word_1_130' title='bbox 1422 1073 1569 1119; x_wconf 59' lang='lat' dir='ltr'><strong><em>voco&amp;-</em></strong></span> 
     </span>
     <span class='ocr_line' id='line_1_16' title="bbox 139 1136 1570 1202; baseline -0.002 -14"><span class='ocrx_word' id='word_1_131' title='bbox 139 1140 219 1188; x_wconf 86' lang='grc' dir='ltr'><strong><em>τόν</em></strong></span> <span class='ocrx_word' id='word_1_132' title='bbox 241 1161 282 1188; x_wconf 88' lang='grc' dir='ltr'><strong><em>τι</em></strong></span> <span class='ocrx_word' id='word_1_133' title='bbox 306 1143 409 1202; x_wconf 85' lang='grc' dir='ltr'><strong><em>περὶ</em></strong></span> <span class='ocrx_word' id='word_1_134' title='bbox 432 1141 568 1201; x_wconf 81' lang='grc' dir='ltr'><strong><em>αὐτῆς</em></strong></span> <span class='ocrx_word' id='word_1_135' title='bbox 594 1146 737 1199; x_wconf 78' lang='grc' dir='ltr'><strong><em>δοκεῖ,</em></strong></span> <span class='ocrx_word' id='word_1_136' title='bbox 771 1162 799 1200; x_wconf 96' lang='grc' dir='ltr'><strong><em>η</em></strong></span> <span class='ocrx_word' id='word_1_137' title='bbox 823 1140 961 1188; x_wconf 83' lang='grc' dir='ltr'><strong><em>καλόν</em></strong></span> <span class='ocrx_word' id='word_1_138' title='bbox 982 1160 1030 1188; x_wconf 88' lang='grc' dir='ltr'><strong><em>τε</em></strong></span> <span class='ocrx_word' id='word_1_139' title='bbox 1061 1140 1176 1188; x_wconf 82' lang='grc' dir='ltr'><strong><em>εἶναι</em></strong></span> <span class='ocrx_word' id='word_1_140' title='bbox 1199 1138 1227 1199; x_wconf 80' lang='grc' dir='ltr'><em>ἡ</em></span> <span class='ocrx_word' id='word_1_141' title='bbox 1253 1136 1469 1199; x_wconf 85' lang='grc' dir='ltr'><strong><em>ἐπιστήμη</em></strong></span> <span class='ocrx_word' id='word_1_142' title='bbox 1494 1141 1570 1186; x_wconf 77' lang='grc' dir='ltr'><strong><em>καὶ</em></strong></span> 
     </span>
     <span class='ocr_line' id='line_1_17' title="bbox 140 1206 1568 1292; baseline -0.001 -37"><span class='ocrx_word' id='word_1_143' title='bbox 140 1206 239 1256; x_wconf 85' lang='grc' dir='ltr'><strong><em>οἷον</em></strong></span> <span class='ocrx_word' id='word_1_144' title='bbox 278 1207 432 1270; x_wconf 72' lang='grc' dir='ltr'><strong><em>ἄρχειν</em></strong></span> <span class='ocrx_word' id='word_1_145' title='bbox 470 1213 548 1256; x_wconf 83' lang='grc' dir='ltr'><strong><em>τοῦ</em></strong></span> <span class='ocrx_word' id='word_1_146' title='bbox 594 1208 863 1292; x_wconf 75' lang='grc' dir='ltr'><strong><em>ἀνθρώπου,</em></strong></span> <span class='ocrx_word' id='word_1_147' title='bbox 919 1211 992 1255; x_wconf 81' lang='grc' dir='ltr'><strong><em>καὶ</em></strong></span> <span class='ocrx_word' id='word_1_148' title='bbox 1033 1208 1194 1291; x_wconf 76' lang='grc' dir='ltr'><strong><em>ἐάνπερ</em></strong></span> <span class='ocrx_word' id='word_1_149' title='bbox 1234 1206 1461 1268; x_wconf 73' lang='grc' dir='ltr'><strong><em>γιγνώσκῃ</em></strong></span> <span class='ocrx_word' id='word_1_150' title='bbox 1501 1226 1568 1262; x_wconf 89' lang='grc' dir='ltr'><strong><em>τις</em></strong></span> 
     </span>
     <span class='ocr_line' id='line_1_18' title="bbox 139 1275 1569 1361; baseline -0.001 -38"><span class='ocrx_word' id='word_1_151' title='bbox 139 1275 316 1335; x_wconf 75' lang='grc' dir='ltr'><strong><em>τάγαθὰ</em></strong></span> <span class='ocrx_word' id='word_1_152' title='bbox 335 1277 479 1323; x_wconf 77' lang='grc' dir='ltr'><strong><em>καὶτὰ</em></strong></span> <span class='ocrx_word' id='word_1_153' title='bbox 496 1277 623 1337; x_wconf 80' lang='grc' dir='ltr'><strong><em>κακά,</em></strong></span> <span class='ocrx_word' id='word_1_154' title='bbox 638 1277 710 1361; x_wconf 81' lang='grc' dir='ltr'><strong><em>μὴ</em></strong></span> <span class='ocrx_word' id='word_1_155' title='bbox 732 1275 789 1324; x_wconf 85' lang='grc' dir='ltr'><strong><em>οὶν</em></strong></span> <span class='ocrx_word' id='word_1_156' title='bbox 812 1279 1089 1337; x_wconf 77' lang='grc' dir='ltr'><strong><em>κρατηθῆναι</em></strong></span> <span class='ocrx_word' id='word_1_157' title='bbox 1112 1275 1199 1322; x_wconf 83' lang='grc' dir='ltr'><strong><em>ὑπὸ</em></strong></span> <span class='ocrx_word' id='word_1_158' title='bbox 1223 1275 1430 1335; x_wconf 78' lang='grc' dir='ltr'><strong><em>μηδενὸς,</em></strong></span> <span class='ocrx_word' id='word_1_159' title='bbox 1455 1291 1569 1322; x_wconf 86' lang='grc' dir='ltr'><strong><em>ωστε</em></strong></span> 
     </span>
     <span class='ocr_line' id='line_1_19' title="bbox 141 1342 1570 1406; baseline 0 -16"><span class='ocrx_word' id='word_1_160' title='bbox 141 1342 240 1391; x_wconf 73' lang='grc' dir='ltr'><strong><em>ἄλλ’</em></strong></span> <span class='ocrx_word' id='word_1_161' title='bbox 268 1343 376 1392; x_wconf 79' lang='grc' dir='ltr'><strong><em>ἅττα</em></strong></span> <span class='ocrx_word' id='word_1_162' title='bbox 400 1345 608 1406; x_wconf 83' lang='grc' dir='ltr'><strong><em>πράττειν</em></strong></span> <span class='ocrx_word' id='word_1_163' title='bbox 631 1365 658 1405; x_wconf 90' lang='grc' dir='ltr'><strong><em>η</em></strong></span> <span class='ocrx_word' id='word_1_164' title='bbox 682 1366 710 1391; x_wconf 92' lang='grc' dir='ltr'><strong><em>α</em></strong></span> <span class='ocrx_word' id='word_1_165' title='bbox 742 1343 798 1391; x_wconf 75' lang='grc' dir='ltr'><strong><em>ἂν</em></strong></span> <span class='ocrx_word' id='word_1_166' title='bbox 820 1344 849 1404; x_wconf 84' lang='grc' dir='ltr'><em>ἡ</em></span> <span class='ocrx_word' id='word_1_167' title='bbox 875 1343 1089 1405; x_wconf 84' lang='grc' dir='ltr'><strong><em>ἐπιστήμη</em></strong></span> <span class='ocrx_word' id='word_1_168' title='bbox 1121 1343 1306 1404; x_wconf 80' lang='grc' dir='ltr'><strong><em>κελεύῃ,</em></strong></span> <span class='ocrx_word' id='word_1_169' title='bbox 1339 1342 1439 1390; x_wconf 80' lang='grc' dir='ltr'><strong><em>ἀλλ’</em></strong></span> <span class='ocrx_word' id='word_1_170' title='bbox 1470 1347 1570 1390; x_wconf 78' lang='grc' dir='ltr'><strong><em>ἱκα-</em></strong></span> 
     </span>
    </p>
   </div>
   <div class='ocr_carea' id='block_1_4' title="bbox 135 1471 1568 2016">
    <p class='ocr_par' dir='ltr' id='par_1_4' title="bbox 137 1471 1568 1602">
     <span class='ocr_line' id='line_1_20' title="bbox 230 1471 1567 1522; baseline -0.001 -11"><span class='ocrx_word' id='word_1_171' title='bbox 230 1478 271 1511; x_wconf 90' lang='grc' dir='ltr'><strong><em>Ρ.</em></strong></span> <span class='ocrx_word' id='word_1_172' title='bbox 290 1479 367 1512; x_wconf 90' lang='grc'>352.</span> <span class='ocrx_word' id='word_1_173' title='bbox 399 1479 441 1511; x_wconf 92' lang='grc' dir='ltr'><strong><em>Β.</em></strong></span> <span class='ocrx_word' id='word_1_174' title='bbox 466 1473 576 1512; x_wconf 76' lang='grc' dir='ltr'><em>ουδὲ</em></span> <span class='ocrx_word' id='word_1_175' title='bbox 594 1490 650 1518; x_wconf 87' lang='grc' dir='ltr'><strong><em>ως</em></strong></span> <span class='ocrx_word' id='word_1_176' title='bbox 665 1477 772 1520; x_wconf 80' lang='grc' dir='ltr'><strong><em>περὶ</em></strong></span> <span class='ocrx_word' id='word_1_177' title='bbox 797 1473 1038 1522; x_wconf 72' lang='grc' dir='ltr'><strong><em>τοιούτου]</em></strong></span> <span class='ocrx_word' id='word_1_178' title='bbox 1064 1478 1108 1512; x_wconf 89' lang='lat' dir='ltr'><strong><em>V.</em></strong></span> <span class='ocrx_word' id='word_1_179' title='bbox 1126 1471 1218 1511; x_wconf 74' lang='grc' dir='ltr'><strong><em>οὐδὲ</em></strong></span> <span class='ocrx_word' id='word_1_180' title='bbox 1235 1486 1358 1520; x_wconf 81' lang='grc' dir='ltr'><strong><em>ωσπερ</em></strong></span> <span class='ocrx_word' id='word_1_181' title='bbox 1376 1487 1567 1520; x_wconf 79' lang='grc' dir='ltr'><strong><em>τοιουτου,</em></strong></span> 
     </span>
     <span class='ocr_line' id='line_1_21' title="bbox 139 1522 1568 1567; baseline 0 -12"><span class='ocrx_word' id='word_1_182' title='bbox 139 1522 236 1565; x_wconf 89' lang='lat' dir='ltr'><strong>quod</strong></span> <span class='ocrx_word' id='word_1_183' title='bbox 268 1523 477 1556; x_wconf 84' lang='lat' dir='ltr'><strong>emendavit</strong></span> <span class='ocrx_word' id='word_1_184' title='bbox 497 1524 660 1556; x_wconf 86' lang='lat' dir='ltr'><strong>Boeekh.</strong></span> <span class='ocrx_word' id='word_1_185' title='bbox 693 1526 732 1556; x_wconf 92' lang='lat' dir='ltr'><strong><em>in</em></strong></span> <span class='ocrx_word' id='word_1_186' title='bbox 754 1524 844 1556; x_wconf 87' lang='lat' dir='ltr'>Min.</span> <span class='ocrx_word' id='word_1_187' title='bbox 869 1526 907 1556; x_wconf 76' lang='lat' dir='ltr'><strong>et</strong></span> <span class='ocrx_word' id='word_1_188' title='bbox 929 1524 1045 1567; x_wconf 85' lang='lat' dir='ltr'>Legg.</span> <span class='ocrx_word' id='word_1_189' title='bbox 1077 1534 1113 1567; x_wconf 87' lang='lat' dir='ltr'><strong><em>p.</em></strong></span> <span class='ocrx_word' id='word_1_190' title='bbox 1139 1524 1217 1556; x_wconf 84' lang='lat'>120.</span> <span class='ocrx_word' id='word_1_191' title='bbox 1247 1522 1568 1556; x_wconf 79' lang='lat' dir='ltr'>consentientibus</span> 
     </span>
     <span class='ocr_line' id='line_1_22' title="bbox 137 1566 1270 1622; baseline 0 -22"><span class='ocrx_word' id='word_1_192' title='bbox 137 1567 243 1601; x_wconf 84' lang='lat' dir='ltr'><strong>libris</strong></span> <span class='ocrx_word' id='word_1_193' title='bbox 260 1567 364 1600; x_wconf 88' lang='lat' dir='ltr'>Bodl.</span> <span class='ocrx_word' id='word_1_194' title='bbox 359 1569 466 1621; x_wconf 46' lang='grc' dir='ltr'><strong><em>οἶαι.</em></strong></span> <span class='ocrx_word' id='word_1_195' title='bbox 484 1569 616 1603; x_wconf 86' lang='lat' dir='ltr'><strong>Venet.</strong></span> <span class='ocrx_word' id='word_1_196' title='bbox 634 1569 680 1602; x_wconf 90' lang='grc' dir='ltr'><strong><em>Σ.</em></strong></span> <span class='ocrx_word' id='word_1_197' title='bbox 699 1568 856 1602; x_wconf 85' lang='lat' dir='ltr'><strong>Vindob.</strong></span> <span class='ocrx_word' id='word_1_198' title='bbox 874 1579 908 1602; x_wconf 91' lang='lat' dir='ltr'><strong><em>v.</em></strong></span> <span class='ocrx_word' id='word_1_199' title='bbox 927 1579 1012 1602; x_wconf 85' lang='lat' dir='ltr'>ann.</span> <span class='ocrx_word' id='word_1_200' title='bbox 1030 1566 1116 1622; x_wconf 83' lang='lat' dir='ltr'><strong><em>adp</em></strong></span> <span class='ocrx_word' id='word_1_201' title='bbox 1117 1568 1270 1602; x_wconf 81' lang='grc' dir='ltr'><strong><em>,337Ε.</em></strong></span> 
     </span>
    </p>

    <p class='ocr_par' dir='ltr' id='par_1_5' title="bbox 135 1579 1567 2016">
     <span class='ocr_line' id='line_1_23' title="bbox 229 1579 1565 1667; baseline 0.001 -22"><span class='ocrx_word' id='word_1_202' title='bbox 229 1611 270 1647; x_wconf 88' lang='grc' dir='ltr'>Ο</span> <span class='ocrx_word' id='word_1_203' title='bbox 303 1605 330 1656; x_wconf 78' lang='grc' dir='ltr'><em>ἢ</em></span> <span class='ocrx_word' id='word_1_204' title='bbox 353 1624 378 1646; x_wconf 91' lang='grc' dir='ltr'><strong><em>α</em></strong></span> <span class='ocrx_word' id='word_1_205' title='bbox 403 1605 456 1647; x_wconf 66' lang='grc' dir='ltr'><strong><em>ἂν</em></strong></span> <span class='ocrx_word' id='word_1_206' title='bbox 478 1608 502 1656; x_wconf 82' lang='grc' dir='ltr'><em>ἦ</em></span> <span class='ocrx_word' id='word_1_207' title='bbox 526 1609 669 1648; x_wconf 82' lang='grc' dir='ltr'><strong><em>ἐπιστ.</em></strong></span> <span class='ocrx_word' id='word_1_208' title='bbox 663 1611 695 1667; x_wconf 95' lang='lat'>]</span> <span class='ocrx_word' id='word_1_209' title='bbox 714 1614 819 1648; x_wconf 90' lang='lat' dir='ltr'>Bodl.</span> <span class='ocrx_word' id='word_1_210' title='bbox 835 1614 922 1649; x_wconf 79' lang='lat' dir='ltr'>Vat.</span> <span class='ocrx_word' id='word_1_211' title='bbox 938 1606 976 1667; x_wconf 79' lang='grc' dir='ltr'><em>ἢ</em></span> <span class='ocrx_word' id='word_1_212' title='bbox 981 1606 1006 1647; x_wconf 77' lang='grc' dir='ltr'><em>ἃ</em></span> <span class='ocrx_word' id='word_1_213' title='bbox 1022 1608 1058 1656; x_wconf 79' lang='grc' dir='ltr'><strong><em>ἡ-</em></strong></span> <span class='ocrx_word' id='word_1_214' title='bbox 1065 1579 1184 1647; x_wconf 79' lang='grc' dir='ltr'><strong><em>ἐπιστ.</em></strong></span> <span class='ocrx_word' id='word_1_215' title='bbox 1202 1612 1336 1656; x_wconf 83' lang='lat' dir='ltr'>Angel.</span> <span class='ocrx_word' id='word_1_216' title='bbox 1354 1615 1392 1646; x_wconf 80' lang='lat' dir='ltr'><strong>et</strong></span> <span class='ocrx_word' id='word_1_217' title='bbox 1407 1612 1565 1647; x_wconf 80' lang='lat' dir='ltr'>Vindob.</span> 
     </span>
     <span class='ocr_line' id='line_1_24' title="bbox 142 1650 1566 1713; baseline 0.001 -23"><span class='ocrx_word' id='word_1_218' title='bbox 142 1652 163 1667; x_wconf 68' lang='lat'><strong><em>&#39;⁸¹</em></strong></span> <span class='ocrx_word' id='word_1_219' title='bbox 180 1650 272 1691; x_wconf 65' lang='grc' dir='ltr'><strong><em>ἄν</em></strong></span> <span class='ocrx_word' id='word_1_220' title='bbox 299 1653 418 1692; x_wconf 82' lang='grc' dir='ltr'><strong><em>ἐπιστ.</em></strong></span> <span class='ocrx_word' id='word_1_221' title='bbox 445 1659 512 1691; x_wconf 82' lang='lat' dir='ltr'><strong>alii</strong></span> <span class='ocrx_word' id='word_1_222' title='bbox 529 1659 631 1692; x_wconf 84' lang='lat' dir='ltr'><strong>codd.</strong></span> <span class='ocrx_word' id='word_1_223' title='bbox 654 1659 746 1703; x_wconf 82' lang='grc' dir='ltr'><strong><em>η(ἰ.</em></strong></span> <span class='ocrx_word' id='word_1_224' title='bbox 765 1671 795 1693; x_wconf 86' lang='lat' dir='ltr'><strong>e</strong></span> <span class='ocrx_word' id='word_1_225' title='bbox 798 1651 901 1713; x_wconf 41' lang='grc' dir='ltr'><strong><em>ῃῇὶι</em></strong></span> <span class='ocrx_word' id='word_1_226' title='bbox 884 1670 931 1692; x_wconf 86' lang='grc' dir='ltr'><strong><em>αν</em></strong></span> <span class='ocrx_word' id='word_1_227' title='bbox 954 1653 978 1702; x_wconf 85' lang='grc' dir='ltr'>ἡ</span> <span class='ocrx_word' id='word_1_228' title='bbox 1003 1653 1121 1692; x_wconf 77' lang='grc' dir='ltr'><strong><em>ἐπιστ.</em></strong></span> <span class='ocrx_word' id='word_1_229' title='bbox 1162 1658 1278 1693; x_wconf 80' lang='lat' dir='ltr'><strong>Editt</strong></span> <span class='ocrx_word' id='word_1_230' title='bbox 1298 1657 1378 1691; x_wconf 88' lang='lat' dir='ltr'>Ald.</span> <span class='ocrx_word' id='word_1_231' title='bbox 1404 1661 1442 1691; x_wconf 78' lang='lat' dir='ltr'><strong>et</strong></span> <span class='ocrx_word' id='word_1_232' title='bbox 1457 1659 1566 1693; x_wconf 83' lang='lat' dir='ltr'>Bass.</span> 
     </span>
     <span class='ocr_line' id='line_1_25' title="bbox 137 1699 1566 1757; baseline -0.001 -21"><span class='ocrx_word' id='word_1_233' title='bbox 137 1714 162 1745; x_wconf 83' lang='grc' dir='ltr'><strong><em>η</em></strong></span> <span class='ocrx_word' id='word_1_234' title='bbox 187 1714 235 1736; x_wconf 82' lang='grc' dir='ltr'><strong><em>αν</em></strong></span> <span class='ocrx_word' id='word_1_235' title='bbox 277 1712 377 1736; x_wconf 84' lang='grc' dir='ltr'><strong><em>πιστ.</em></strong></span> <span class='ocrx_word' id='word_1_236' title='bbox 418 1703 507 1746; x_wconf 76' lang='lat' dir='ltr'><strong>Step</strong></span> <span class='ocrx_word' id='word_1_237' title='bbox 509 1704 596 1736; x_wconf 83' lang='lat' dir='ltr'>han.</span> <span class='ocrx_word' id='word_1_238' title='bbox 621 1705 768 1747; x_wconf 70' lang='lat' dir='ltr'><strong>dedit‘q</strong></span> <span class='ocrx_word' id='word_1_239' title='bbox 793 1716 817 1736; x_wconf 88' lang='grc' dir='ltr'><strong><em>α</em></strong></span> <span class='ocrx_word' id='word_1_240' title='bbox 843 1716 890 1738; x_wconf 86' lang='grc' dir='ltr'><strong><em>αν</em></strong></span> <span class='ocrx_word' id='word_1_241' title='bbox 914 1699 1034 1738; x_wconf 81' lang='grc' dir='ltr'><strong><em>ἐπιστ.</em></strong></span> <span class='ocrx_word' id='word_1_242' title='bbox 1075 1704 1181 1745; x_wconf 85' lang='lat' dir='ltr'><strong>Quod</strong></span> <span class='ocrx_word' id='word_1_243' title='bbox 1198 1715 1263 1736; x_wconf 87' lang='lat' dir='ltr'><strong><em>nos</em></strong></span> <span class='ocrx_word' id='word_1_244' title='bbox 1280 1704 1512 1757; x_wconf 79' lang='lat' dir='ltr'><strong>scripsimus,</strong></span> <span class='ocrx_word' id='word_1_245' title='bbox 1546 1714 1566 1736; x_wconf 91' lang='lat' dir='ltr'><strong>e</strong></span> 
     </span>
     <span class='ocr_line' id='line_1_26' title="bbox 137 1742 1565 1792; baseline 0.001 -12"><span class='ocrx_word' id='word_1_246' title='bbox 137 1748 269 1781; x_wconf 83' lang='lat' dir='ltr'><strong>Venet.</strong></span> <span class='ocrx_word' id='word_1_247' title='bbox 287 1749 372 1780; x_wconf 79' lang='lat' dir='ltr'>Vat.</span> <span class='ocrx_word' id='word_1_248' title='bbox 389 1757 416 1781; x_wconf 84' lang='lat' dir='ltr'><strong><em>r.</em></strong></span> <span class='ocrx_word' id='word_1_249' title='bbox 437 1749 520 1781; x_wconf 80' lang='lat' dir='ltr'><strong>aliis</strong></span> <span class='ocrx_word' id='word_1_250' title='bbox 538 1749 639 1781; x_wconf 80' lang='lat' dir='ltr'><strong>dedit</strong></span> <span class='ocrx_word' id='word_1_251' title='bbox 654 1749 813 1782; x_wconf 87' lang='lat' dir='ltr'><strong>Bekker.</strong></span> <span class='ocrx_word' id='word_1_252' title='bbox 846 1749 1032 1792; x_wconf 82' lang='lat' dir='ltr'><strong><em>Sauppius</em></strong></span> <span class='ocrx_word' id='word_1_253' title='bbox 1049 1749 1238 1782; x_wconf 79' lang='lat' dir='ltr'><strong>subtiliter</strong></span> <span class='ocrx_word' id='word_1_254' title='bbox 1256 1749 1417 1781; x_wconf 80' lang='lat' dir='ltr'><strong>coniecit</strong></span> <span class='ocrx_word' id='word_1_255' title='bbox 1432 1742 1457 1790; x_wconf 80' lang='grc' dir='ltr'><em>ἢ</em></span> <span class='ocrx_word' id='word_1_256' title='bbox 1475 1760 1525 1782; x_wconf 84' lang='grc' dir='ltr'><strong><em>αν</em></strong></span> <span class='ocrx_word' id='word_1_257' title='bbox 1540 1743 1565 1791; x_wconf 84' lang='grc' dir='ltr'>ἡ</span> 
     </span>
     <span class='ocr_line' id='line_1_27' title="bbox 138 1787 1566 1836; baseline 0 -10"><span class='ocrx_word' id='word_1_258' title='bbox 138 1787 258 1826; x_wconf 80' lang='grc' dir='ltr'><strong><em>ἐπιστ.</em></strong></span> <span class='ocrx_word' id='word_1_259' title='bbox 293 1792 365 1826; x_wconf 85' lang='lat' dir='ltr'><strong><em>Sed</em></strong></span> <span class='ocrx_word' id='word_1_260' title='bbox 380 1803 446 1826; x_wconf 86' lang='lat' dir='ltr'><strong><em>nos</em></strong></span> <span class='ocrx_word' id='word_1_261' title='bbox 463 1794 560 1826; x_wconf 86' lang='lat' dir='ltr'><strong>hanc</strong></span> <span class='ocrx_word' id='word_1_262' title='bbox 579 1795 719 1836; x_wconf 85' lang='lat' dir='ltr'><strong>crasin,</strong></span> <span class='ocrx_word' id='word_1_263' title='bbox 738 1805 849 1836; x_wconf 84' lang='lat' dir='ltr'><strong>quam</strong></span> <span class='ocrx_word' id='word_1_264' title='bbox 866 1795 1044 1827; x_wconf 87' lang='lat' dir='ltr'><strong>eandem&#39;</strong></span> <span class='ocrx_word' id='word_1_265' title='bbox 1035 1805 1109 1827; x_wconf 80' lang='lat' dir='ltr'><strong><em>iam</em></strong></span> <span class='ocrx_word' id='word_1_266' title='bbox 1123 1794 1329 1828; x_wconf 78' lang='lat' dir='ltr'><strong>Stallbaum</strong></span> <span class='ocrx_word' id='word_1_267' title='bbox 1347 1794 1566 1836; x_wconf 85' lang='lat' dir='ltr'><strong>quibusdam</strong></span> 
     </span>
     <span class='ocr_line' id='line_1_28' title="bbox 136 1837 1567 1882; baseline 0.001 -12"><span class='ocrx_word' id='word_1_268' title='bbox 136 1837 229 1871; x_wconf 84' lang='lat' dir='ltr'><strong>locis</strong></span> <span class='ocrx_word' id='word_1_269' title='bbox 245 1837 364 1871; x_wconf 81' lang='lat' dir='ltr'><strong>veluti</strong></span> <span class='ocrx_word' id='word_1_270' title='bbox 382 1839 490 1881; x_wconf 85' lang='lat' dir='ltr'>Gorg.</span> <span class='ocrx_word' id='word_1_271' title='bbox 509 1850 542 1882; x_wconf 89' lang='lat' dir='ltr'><strong><em>p.</em></strong></span> <span class='ocrx_word' id='word_1_272' title='bbox 561 1840 628 1872; x_wconf 79' lang='lat'><strong><em>486</em></strong></span> <span class='ocrx_word' id='word_1_273' title='bbox 644 1840 675 1872; x_wconf 88' lang='grc' dir='ltr'><strong>Ε</strong></span> <span class='ocrx_word' id='word_1_274' title='bbox 694 1839 854 1881; x_wconf 79' lang='lat' dir='ltr'><strong>admisit,</strong></span> <span class='ocrx_word' id='word_1_275' title='bbox 871 1840 991 1871; x_wconf 82' lang='lat' dir='ltr'><strong>minus</strong></span> <span class='ocrx_word' id='word_1_276' title='bbox 1007 1839 1224 1882; x_wconf 81' lang='lat' dir='ltr'>probamus,</span> <span class='ocrx_word' id='word_1_277' title='bbox 1243 1849 1353 1880; x_wconf 90' lang='lat' dir='ltr'><strong>quum</strong></span> <span class='ocrx_word' id='word_1_278' title='bbox 1369 1839 1567 1871; x_wconf 80' lang='lat' dir='ltr'><strong>Platonem</strong></span> 
     </span>
     <span class='ocr_line' id='line_1_29' title="bbox 139 1883 1566 1927; baseline 0.001 -12"><span class='ocrx_word' id='word_1_279' title='bbox 139 1883 307 1916; x_wconf 77' lang='lat' dir='ltr'><strong>crebram</strong></span> <span class='ocrx_word' id='word_1_280' title='bbox 323 1893 454 1917; x_wconf 86' lang='lat' dir='ltr'><strong>vocum</strong></span> <span class='ocrx_word' id='word_1_281' title='bbox 473 1885 747 1918; x_wconf 81' lang='lat' dir='ltr'><strong>concursionem</strong></span> <span class='ocrx_word' id='word_1_282' title='bbox 765 1895 838 1918; x_wconf 90' lang='lat' dir='ltr'><strong><em>non</em></strong></span> <span class='ocrx_word' id='word_1_283' title='bbox 855 1884 959 1917; x_wconf 89' lang='lat' dir='ltr'><strong>modo</strong></span> <span class='ocrx_word' id='word_1_284' title='bbox 976 1895 1049 1917; x_wconf 87' lang='lat' dir='ltr'><strong><em>non</em></strong></span> <span class='ocrx_word' id='word_1_285' title='bbox 1067 1885 1218 1927; x_wconf 81' lang='lat' dir='ltr'><strong>fugisse,</strong></span> <span class='ocrx_word' id='word_1_286' title='bbox 1235 1883 1301 1918; x_wconf 87' lang='lat' dir='ltr'><strong>sed</strong></span> <span class='ocrx_word' id='word_1_287' title='bbox 1318 1884 1361 1916; x_wconf 88' lang='lat' dir='ltr'><strong>de</strong></span> <span class='ocrx_word' id='word_1_288' title='bbox 1379 1883 1566 1916; x_wconf 78' lang='lat' dir='ltr'><strong>industria</strong></span> 
     </span>
     <span class='ocr_line' id='line_1_30' title="bbox 137 1928 1564 1972; baseline 0.001 -12"><span class='ocrx_word' id='word_1_289' title='bbox 137 1937 251 1972; x_wconf 82' lang='lat' dir='ltr'><strong>saepe</strong></span> <span class='ocrx_word' id='word_1_290' title='bbox 274 1928 401 1963; x_wconf 81' lang='lat' dir='ltr'><strong>hiulca</strong></span> <span class='ocrx_word' id='word_1_291' title='bbox 426 1930 593 1962; x_wconf 81' lang='lat' dir='ltr'><strong>oratione</strong></span> <span class='ocrx_word' id='word_1_292' title='bbox 616 1939 720 1962; x_wconf 85' lang='lat' dir='ltr'><strong>usum</strong></span> <span class='ocrx_word' id='word_1_293' title='bbox 753 1940 833 1964; x_wconf 85' lang='lat' dir='ltr'><strong>esse</strong></span> <span class='ocrx_word' id='word_1_294' title='bbox 857 1931 932 1963; x_wconf 83' lang='lat' dir='ltr'><strong><em>iam</em></strong></span> <span class='ocrx_word' id='word_1_295' title='bbox 954 1929 1082 1964; x_wconf 88' lang='lat' dir='ltr'><strong>Cicero</strong></span> <span class='ocrx_word' id='word_1_296' title='bbox 1106 1929 1410 1964; x_wconf 78' lang='lat' dir='ltr'><strong>animadverterit</strong></span> <span class='ocrx_word' id='word_1_297' title='bbox 1440 1929 1564 1972; x_wconf 84' lang='lat' dir='ltr'>(Orat.</span> 
     </span>
     <span class='ocr_line' id='line_1_31' title="bbox 135 1973 719 2016; baseline 0.003 -11"><span class='ocrx_word' id='word_1_298' title='bbox 135 1974 193 2015; x_wconf 85' lang='lat'><strong><em>44,</em></strong></span> <span class='ocrx_word' id='word_1_299' title='bbox 213 1973 304 2014; x_wconf 88' lang='lat'>151).</span> <span class='ocrx_word' id='word_1_300' title='bbox 329 1984 364 2007; x_wconf 88' lang='lat' dir='ltr'><strong><em>v.</em></strong></span> <span class='ocrx_word' id='word_1_301' title='bbox 384 1973 431 2006; x_wconf 81' lang='lat' dir='ltr'><strong><em>ad</em></strong></span> <span class='ocrx_word' id='word_1_302' title='bbox 447 1984 481 2016; x_wconf 85' lang='lat' dir='ltr'><strong><em>p.</em></strong></span> <span class='ocrx_word' id='word_1_303' title='bbox 500 1975 565 2007; x_wconf 88' lang='grc'>352</span> <span class='ocrx_word' id='word_1_304' title='bbox 581 1975 615 2006; x_wconf 93' lang='lat' dir='ltr'>D</span> <span class='ocrx_word' id='word_1_305' title='bbox 634 1985 719 2008; x_wconf 83' lang='lat' dir='ltr'>ann.</span> 
     </span>
    </p>
   </div>
   <div class='ocr_carea' id='block_1_5' title="bbox 883 2080 1570 2617">
    <p class='ocr_par' dir='ltr' id='par_1_6' title="bbox 883 2080 1565 2400">
     <span class='ocr_line' id='line_1_32' title="bbox 887 2080 1565 2126; baseline -0.003 -5"><span class='ocrx_word' id='word_1_306' title='bbox 887 2080 984 2121; x_wconf 72' lang='grc' dir='ltr'><strong><em>ἄττα</em></strong></span> <span class='ocrx_word' id='word_1_307' title='bbox 1000 2088 1183 2126; x_wconf 58' lang='lat' dir='ltr'>nautea.</span> <span class='ocrx_word' id='word_1_308' title='bbox 1202 2098 1236 2122; x_wconf 91' lang='grc' dir='ltr'><strong><em>τ.</em></strong></span> <span class='ocrx_word' id='word_1_309' title='bbox 1255 2088 1288 2121; x_wconf 83' lang='grc' dir='ltr'><strong><em>λ.</em></strong></span> <span class='ocrx_word' id='word_1_310' title='bbox 1329 2086 1565 2120; x_wconf 79' lang='lat' dir='ltr'><strong>Constructio</strong></span> 
     </span>
     <span class='ocr_line' id='line_1_33' title="bbox 888 2132 1570 2179; baseline 0.001 -15"><span class='ocrx_word' id='word_1_311' title='bbox 888 2132 1016 2165; x_wconf 79' lang='lat' dir='ltr'><strong>eadem</strong></span> <span class='ocrx_word' id='word_1_312' title='bbox 1041 2136 1097 2166; x_wconf 85' lang='lat' dir='ltr'><strong>est</strong></span> <span class='ocrx_word' id='word_1_313' title='bbox 1119 2133 1275 2166; x_wconf 78' lang='lat' dir='ltr'>Phaed1.</span> <span class='ocrx_word' id='word_1_314' title='bbox 1280 2144 1335 2179; x_wconf 88' lang='lat' dir='ltr'><strong><em>p.</em></strong></span> <span class='ocrx_word' id='word_1_315' title='bbox 1355 2134 1422 2165; x_wconf 86' lang='grc'>234</span> <span class='ocrx_word' id='word_1_316' title='bbox 1446 2132 1494 2164; x_wconf 86' lang='lat' dir='ltr'><strong><em>C:</em></strong></span> <span class='ocrx_word' id='word_1_317' title='bbox 1527 2132 1570 2165; x_wconf 87' lang='grc' dir='ltr'><strong><em>τί</em></strong></span> 
     </span>
     <span class='ocr_line' id='line_1_34' title="bbox 886 2173 1562 2230; baseline -0.002 -20"><span class='ocrx_word' id='word_1_318' title='bbox 886 2186 945 2211; x_wconf 91' lang='grc' dir='ltr'><strong><em>σοι</em></strong></span> <span class='ocrx_word' id='word_1_319' title='bbox 977 2176 1163 2230; x_wconf 76' lang='grc' dir='ltr'><strong><em>φαίνεται</em></strong></span> <span class='ocrx_word' id='word_1_320' title='bbox 1195 2197 1238 2201; x_wconf 92' lang='grc'><strong>-</strong></span> <span class='ocrx_word' id='word_1_321' title='bbox 1271 2173 1288 2210; x_wconf 83' lang='grc' dir='ltr'>ὁ</span> <span class='ocrx_word' id='word_1_322' title='bbox 1325 2173 1454 2221; x_wconf 73' lang='grc' dir='ltr'><strong><em>λόγοςς</em></strong></span> <span class='ocrx_word' id='word_1_323' title='bbox 1487 2178 1511 2210; x_wconf 91' lang='lat' dir='ltr'><strong><em>i.</em></strong></span> <span class='ocrx_word' id='word_1_324' title='bbox 1531 2188 1562 2212; x_wconf 88' lang='lat' dir='ltr'><strong>e</strong></span> 
     </span>
     <span class='ocr_line' id='line_1_35' title="bbox 884 2219 1565 2311; baseline -0.001 -10"><span class='ocrx_word' id='word_1_325' title='bbox 884 2221 1085 2311; x_wconf 50' lang='grc' dir='ltr'><strong><em>ἶὶῗῗεὶοὗρ</em></strong></span> <span class='ocrx_word' id='word_1_326' title='bbox 1081 2219 1222 2302; x_wconf 60' lang='grc' dir='ltr'>λό2ΞυΑ</span> <span class='ocrx_word' id='word_1_327' title='bbox 1233 2223 1403 2308; x_wconf 51' lang='grc' dir='ltr'><strong><em>,Μῑξέῗῃῑ</em></strong></span> <span class='ocrx_word' id='word_1_328' title='bbox 1407 2222 1565 2302; x_wconf 57' lang='grc' dir='ltr'><strong><em>Ριιῗιῗιέἷ.</em></strong></span> 
     </span>
     <span class='ocr_line' id='line_1_36' title="bbox 883 2280 1563 2347; baseline -0.002 0"><span class='ocrx_word' id='word_1_329' title='bbox 883 2280 1085 2347; x_wconf 78' lang='lat' dir='ltr'><strong>Neutrump</strong></span> <span class='ocrx_word' id='word_1_330' title='bbox 1080 2312 1192 2346; x_wconf 82' lang='grc' dir='ltr'><strong><em>τοῦτο</em></strong></span> <span class='ocrx_word' id='word_1_331' title='bbox 1212 2312 1258 2345; x_wconf 85' lang='lat' dir='ltr'><strong><em>ad</em></strong></span> <span class='ocrx_word' id='word_1_332' title='bbox 1274 2313 1490 2346; x_wconf 85' lang='lat' dir='ltr'><strong>femininum</strong></span> <span class='ocrx_word' id='word_1_333' title='bbox 1506 2323 1563 2346; x_wconf 85' lang='lat' dir='ltr'><strong>re</strong></span> 
     </span>
     <span class='ocr_line' id='line_1_37' title="bbox 885 2357 1564 2400; baseline -0.001 -8"><span class='ocrx_word' id='word_1_334' title='bbox 885 2357 1021 2399; x_wconf 63' lang='lat' dir='ltr'><strong>latum,</strong></span> <span class='ocrx_word' id='word_1_335' title='bbox 1045 2361 1087 2390; x_wconf 85' lang='lat' dir='ltr'><strong><em>ut</em></strong></span> <span class='ocrx_word' id='word_1_336' title='bbox 1103 2359 1185 2390; x_wconf 81' lang='lat' dir='ltr'><strong>infr</strong></span> <span class='ocrx_word' id='word_1_337' title='bbox 1205 2368 1239 2400; x_wconf 92' lang='lat' dir='ltr'><strong><em>p.</em></strong></span> <span class='ocrx_word' id='word_1_338' title='bbox 1258 2359 1323 2391; x_wconf 82' lang='lat'><strong><em>357</em></strong></span> <span class='ocrx_word' id='word_1_339' title='bbox 1343 2357 1383 2392; x_wconf 91' lang='lat' dir='ltr'><strong><em>C.</em></strong></span> <span class='ocrx_word' id='word_1_340' title='bbox 1406 2359 1564 2391; x_wconf 78' lang='lat' dir='ltr'><strong>Theaet</strong></span> 
     </span>
    </p>

    <p class='ocr_par' dir='ltr' id='par_1_7' title="bbox 885 2402 1563 2491">
     <span class='ocr_line' id='line_1_38' title="bbox 946 2402 1563 2446; baseline -0.002 -10"><span class='ocrx_word' id='word_1_341' title='bbox 946 2405 1013 2436; x_wconf 82' lang='lat'><strong><em>145</em></strong></span> <span class='ocrx_word' id='word_1_342' title='bbox 1033 2404 1078 2436; x_wconf 90' lang='lat' dir='ltr'>D.</span> <span class='ocrx_word' id='word_1_343' title='bbox 1124 2402 1260 2438; x_wconf 85' lang='lat' dir='ltr'>Phaed.</span> <span class='ocrx_word' id='word_1_344' title='bbox 1295 2413 1332 2446; x_wconf 92' lang='lat' dir='ltr'><strong><em>p.</em></strong></span> <span class='ocrx_word' id='word_1_345' title='bbox 1357 2403 1400 2436; x_wconf 88' lang='grc'><strong><em>88</em></strong></span> <span class='ocrx_word' id='word_1_346' title='bbox 1426 2403 1468 2435; x_wconf 88' lang='lat' dir='ltr'><strong><em>A.</em></strong></span> <span class='ocrx_word' id='word_1_347' title='bbox 1506 2405 1563 2436; x_wconf 87' lang='lat' dir='ltr'><strong><em>De</em></strong></span> 
     </span>
     <span class='ocr_line' id='line_1_39' title="bbox 885 2414 1563 2491; baseline 0.002 -11"><span class='ocrx_word' id='word_1_348' title='bbox 885 2414 1041 2491; x_wconf 83' lang='lat' dir='ltr'>Republ.</span> <span class='ocrx_word' id='word_1_349' title='bbox 1059 2448 1158 2481; x_wconf 90' lang='lat' dir='ltr'>VIII.</span> <span class='ocrx_word' id='word_1_350' title='bbox 1176 2459 1210 2491; x_wconf 87' lang='lat' dir='ltr'><strong><em>p.</em></strong></span> <span class='ocrx_word' id='word_1_351' title='bbox 1228 2449 1294 2481; x_wconf 83' lang='grc'>562</span> <span class='ocrx_word' id='word_1_352' title='bbox 1312 2448 1355 2482; x_wconf 91' lang='grc' dir='ltr'><strong><em>Β.</em></strong></span> <span class='ocrx_word' id='word_1_353' title='bbox 1373 2449 1423 2483; x_wconf 83' lang='lat' dir='ltr'><strong><em>al.</em></strong></span> <span class='ocrx_word' id='word_1_354' title='bbox 1441 2449 1563 2482; x_wconf 80' lang='lat' dir='ltr'>Stallb.</span> 
     </span>
    </p>

    <p class='ocr_par' dir='ltr' id='par_1_8' title="bbox 884 2488 1565 2617">
     <span class='ocr_line' id='line_1_40' title="bbox 933 2488 1564 2536; baseline 0 -10"><span class='ocrx_word' id='word_1_355' title='bbox 933 2493 972 2525; x_wconf 89' lang='grc' dir='ltr'><strong><em>Ο.</em></strong></span> <span class='ocrx_word' id='word_1_356' title='bbox 996 2490 1205 2536; x_wconf 77' lang='grc' dir='ltr'><strong><em>περὶτῆς</em></strong></span> <span class='ocrx_word' id='word_1_357' title='bbox 1229 2488 1293 2526; x_wconf 73' lang='grc' dir='ltr'><strong><em>ἐπ.</em></strong></span> <span class='ocrx_word' id='word_1_358' title='bbox 1318 2494 1564 2536; x_wconf 81' lang='grc' dir='ltr'><strong><em>-περιελ-</em></strong></span> 
     </span>
     <span class='ocr_line' id='line_1_41' title="bbox 885 2506 1565 2582; baseline -0.001 -11"><span class='ocrx_word' id='word_1_359' title='bbox 885 2534 1109 2582; x_wconf 83' lang='grc' dir='ltr'><strong><em>κομένης]</em></strong></span> <span class='ocrx_word' id='word_1_360' title='bbox 1139 2539 1223 2571; x_wconf 88' lang='lat' dir='ltr'><strong><em>Huc</em></strong></span> <span class='ocrx_word' id='word_1_361' title='bbox 1252 2506 1458 2571; x_wconf 55' lang='lat' dir='ltr'><strong>referendae</strong></span> <span class='ocrx_word' id='word_1_362' title='bbox 1478 2541 1565 2571; x_wconf 79' lang='lat' dir='ltr'><strong>sunt</strong></span> 
     </span>
     <span class='ocr_line' id='line_1_42' title="bbox 884 2583 1562 2617; baseline -0.002 -1"><span class='ocrx_word' id='word_1_363' title='bbox 884 2585 1000 2616; x_wconf 80' lang='lat' dir='ltr'><strong>verba</strong></span> <span class='ocrx_word' id='word_1_364' title='bbox 1039 2583 1316 2617; x_wconf 79' lang='lat' dir='ltr'><strong>Aristotelis</strong></span> <span class='ocrx_word' id='word_1_365' title='bbox 1356 2584 1441 2617; x_wconf 80' lang='lat' dir='ltr'>Eth.</span> <span class='ocrx_word' id='word_1_366' title='bbox 1480 2584 1562 2616; x_wconf 86' lang='lat' dir='ltr'>Nic.</span> 
     </span>
    </p>
   </div>
   <div class='ocr_carea' id='block_1_6' title="bbox 137 2079 820 2174">
    <p class='ocr_par' dir='ltr' id='par_1_9' title="bbox 137 2079 820 2174">
     <span class='ocr_line' id='line_1_43' title="bbox 137 2079 820 2131; baseline 0.003 -13"><span class='ocrx_word' id='word_1_367' title='bbox 137 2084 290 2124; x_wconf 81' lang='grc' dir='ltr'><strong><em>δίκαιος</em></strong></span> <span class='ocrx_word' id='word_1_368' title='bbox 308 2080 355 2118; x_wconf 85' lang='grc' dir='ltr'><strong><em>σύ</em></strong></span> <span class='ocrx_word' id='word_1_369' title='bbox 378 2079 443 2120; x_wconf 78' lang='lat' dir='ltr'>iht.</span> <span class='ocrx_word' id='word_1_370' title='bbox 463 2082 516 2129; x_wconf 80' lang='grc' dir='ltr'><strong><em>εἷ,</em></strong></span> <span class='ocrx_word' id='word_1_371' title='bbox 541 2086 584 2119; x_wconf 90' lang='lat' dir='ltr'><strong>de</strong></span> <span class='ocrx_word' id='word_1_372' title='bbox 604 2096 676 2128; x_wconf 84' lang='lat' dir='ltr'><strong><em>qua</em></strong></span> <span class='ocrx_word' id='word_1_373' title='bbox 695 2087 820 2131; x_wconf 79' lang='lat' dir='ltr'><strong>ellipsi</strong></span> 
     </span>
     <span class='ocr_line' id='line_1_44' title="bbox 163 2130 702 2174; baseline 0.004 -12.116"><span class='ocrx_word' id='word_1_374' title='bbox 163 2131 239 2165; x_wconf 81' lang='lat' dir='ltr'><strong><em>‚ad</em></strong></span> <span class='ocrx_word' id='word_1_375' title='bbox 257 2130 366 2174; x_wconf 81' lang='lat' dir='ltr'>Gorg.</span> <span class='ocrx_word' id='word_1_376' title='bbox 384 2142 418 2174; x_wconf 88' lang='lat' dir='ltr'>p</span> <span class='ocrx_word' id='word_1_377' title='bbox 436 2133 502 2164; x_wconf 84' lang='lat'><strong><em>487</em></strong></span> <span class='ocrx_word' id='word_1_378' title='bbox 519 2132 563 2164; x_wconf 93' lang='lat' dir='ltr'><strong><em>D.</em></strong></span> <span class='ocrx_word' id='word_1_379' title='bbox 583 2131 702 2166; x_wconf 83' lang='lat' dir='ltr'>Stallb.</span> 
     </span>
    </p>
   </div>
   <div class='ocr_carea' id='block_1_7' title="bbox 90 2216 818 2616">
    <p class='ocr_par' dir='ltr' id='par_1_10' title="bbox 90 2216 818 2614">
     <span class='ocr_line' id='line_1_45' title="bbox 180 2216 817 2265; baseline 0.006 -13"><span class='ocrx_word' id='word_1_380' title='bbox 180 2219 223 2252; x_wconf 90' lang='lat' dir='ltr'><strong><em>P.</em></strong></span> <span class='ocrx_word' id='word_1_381' title='bbox 259 2222 334 2254; x_wconf 85' lang='grc'>352.</span> <span class='ocrx_word' id='word_1_382' title='bbox 371 2219 451 2254; x_wconf 80' lang='grc' dir='ltr'><strong><em>καὶ</em></strong></span> <span class='ocrx_word' id='word_1_383' title='bbox 484 2216 566 2265; x_wconf 75' lang='grc' dir='ltr'><strong><em>ἐγώ</em></strong></span> <span class='ocrx_word' id='word_1_384' title='bbox 595 2217 817 2256; x_wconf 81' lang='grc' dir='ltr'><strong><em>τοιοῦτόν</em></strong></span> 
     </span>
     <span class='ocr_line' id='line_1_46' title="bbox 138 2262 816 2319; baseline 0.008 -22"><span class='ocrx_word' id='word_1_385' title='bbox 138 2276 180 2297; x_wconf 87' lang='grc' dir='ltr'><strong><em>τι</em></strong></span> <span class='ocrx_word' id='word_1_386' title='bbox 205 2265 338 2298; x_wconf 77' lang='grc' dir='ltr'><em>ποθῶ</em></span> <span class='ocrx_word' id='word_1_387' title='bbox 361 2274 423 2289; x_wconf 91' lang='grc'><strong><em>-·</em></strong></span> <span class='ocrx_word' id='word_1_388' title='bbox 457 2262 756 2319; x_wconf 74' lang='grc' dir='ltr'><strong><em>θεασάμενος</em></strong></span> <span class='ocrx_word' id='word_1_389' title='bbox 780 2278 816 2302; x_wconf 76' lang='grc' dir='ltr'><strong><em>κ.</em></strong></span> 
     </span>
     <span class='ocr_line' id='line_1_47' title="bbox 137 2307 817 2363; baseline 0.007 -21"><span class='ocrx_word' id='word_1_390' title='bbox 137 2321 169 2342; x_wconf 89' lang='grc' dir='ltr'><strong><em>τ.</em></strong></span> <span class='ocrx_word' id='word_1_391' title='bbox 192 2307 240 2363; x_wconf 84' lang='grc' dir='ltr'><strong><em>λ.]</em></strong></span> <span class='ocrx_word' id='word_1_392' title='bbox 268 2311 406 2343; x_wconf 82' lang='lat' dir='ltr'><strong>Rursus</strong></span> <span class='ocrx_word' id='word_1_393' title='bbox 430 2311 541 2343; x_wconf 84' lang='lat' dir='ltr'><strong>haec:</strong></span> <span class='ocrx_word' id='word_1_394' title='bbox 574 2307 817 2356; x_wconf 77' lang='grc' dir='ltr'><strong><em>θεασάμενος</em></strong></span> 
     </span>
     <span class='ocr_line' id='line_1_48' title="bbox 138 2349 816 2399; baseline 0.004 -11"><span class='ocrx_word' id='word_1_395' title='bbox 138 2349 218 2388; x_wconf 78' lang='grc' dir='ltr'><strong><em>κτὲ.</em></strong></span> <span class='ocrx_word' id='word_1_396' title='bbox 210 2379 235 2398; x_wconf 84' lang='grc'><strong><em>.,</em></strong></span> <span class='ocrx_word' id='word_1_397' title='bbox 252 2365 319 2397; x_wconf 86' lang='lat' dir='ltr'><strong><em>per</em></strong></span> <span class='ocrx_word' id='word_1_398' title='bbox 336 2357 559 2399; x_wconf 82' lang='lat' dir='ltr'><strong>epexegesin</strong></span> <span class='ocrx_word' id='word_1_399' title='bbox 577 2357 703 2390; x_wconf 77' lang='lat' dir='ltr'><strong>addita</strong></span> <span class='ocrx_word' id='word_1_400' title='bbox 721 2362 816 2391; x_wconf 79' lang='lat' dir='ltr'>sunt.</span> 
     </span>
     <span class='ocr_line' id='line_1_49' title="bbox 136 2397 817 2451; baseline 0.004 -18"><span class='ocrx_word' id='word_1_401' title='bbox 136 2410 171 2433; x_wconf 90' lang='lat' dir='ltr'><strong><em>v.</em></strong></span> <span class='ocrx_word' id='word_1_402' title='bbox 170 2411 226 2451; x_wconf 28' lang='lat' dir='ltr'>sp</span> <span class='ocrx_word' id='word_1_403' title='bbox 246 2401 373 2434; x_wconf 83' lang='lat' dir='ltr'>343D.</span> <span class='ocrx_word' id='word_1_404' title='bbox 391 2401 516 2442; x_wconf 88' lang='lat' dir='ltr'><strong>ibique</strong></span> <span class='ocrx_word' id='word_1_405' title='bbox 535 2405 659 2437; x_wconf 70' lang='lat' dir='ltr'>annot.</span> <span class='ocrx_word' id='word_1_406' title='bbox 678 2421 721 2428; x_wconf 85' lang='lat'><strong><em>-—-</em></strong></span> <span class='ocrx_word' id='word_1_407' title='bbox 745 2397 817 2436; x_wconf 72' lang='grc' dir='ltr'><strong><em>ὅτι</em></strong></span> 
     </span>
     <span class='ocr_line' id='line_1_50' title="bbox 136 2441 818 2490; baseline 0.006 -13"><span class='ocrx_word' id='word_1_408' title='bbox 136 2455 288 2484; x_wconf 85' lang='grc' dir='ltr'><strong><em>ουτως</em></strong></span> <span class='ocrx_word' id='word_1_409' title='bbox 312 2441 437 2488; x_wconf 75' lang='grc' dir='ltr'><strong><em>ἔχεις</em></strong></span> <span class='ocrx_word' id='word_1_410' title='bbox 460 2441 574 2490; x_wconf 78' lang='grc' dir='ltr'><strong><em>πρὸς</em></strong></span> <span class='ocrx_word' id='word_1_411' title='bbox 597 2458 630 2481; x_wconf 83' lang='grc' dir='ltr'><strong><em>τ.</em></strong></span> <span class='ocrx_word' id='word_1_412' title='bbox 682 2451 727 2480; x_wconf 81' lang='lat' dir='ltr'><strong>te</strong></span> <span class='ocrx_word' id='word_1_413' title='bbox 750 2449 818 2481; x_wconf 73' lang='lat' dir='ltr'><strong><em>ita</em></strong></span> 
     </span>
     <span class='ocr_line' id='line_1_51' title="bbox 136 2490 814 2527; baseline 0.006 -5"><span class='ocrx_word' id='word_1_414' title='bbox 136 2492 314 2523; x_wconf 79' lang='lat' dir='ltr'><strong>sentire</strong></span> <span class='ocrx_word' id='word_1_415' title='bbox 340 2490 389 2522; x_wconf 85' lang='lat' dir='ltr'><strong>de</strong></span> <span class='ocrx_word' id='word_1_416' title='bbox 407 2491 524 2523; x_wconf 91' lang='lat' dir='ltr'><strong>bono</strong></span> <span class='ocrx_word' id='word_1_417' title='bbox 543 2494 584 2523; x_wconf 81' lang='lat' dir='ltr'><strong>et</strong></span> <span class='ocrx_word' id='word_1_418' title='bbox 609 2492 814 2527; x_wconf 84' lang='lat' dir='ltr'><strong>iucundo.</strong></span> 
     </span>
     <span class='ocr_line' id='line_1_52' title="bbox 90 2533 816 2580; baseline 0.01 -15"><span class='ocrx_word' id='word_1_419' title='bbox 90 2558 92 2561; x_wconf 85' lang='lat'>.</span> <span class='ocrx_word' id='word_1_420' title='bbox 138 2534 187 2568; x_wconf 81' lang='lat' dir='ltr'>cf.</span> <span class='ocrx_word' id='word_1_421' title='bbox 206 2534 329 2577; x_wconf 84' lang='lat' dir='ltr'>Symp.</span> <span class='ocrx_word' id='word_1_422' title='bbox 349 2537 478 2568; x_wconf 83' lang='lat' dir='ltr'>174A:</span> <span class='ocrx_word' id='word_1_423' title='bbox 503 2535 582 2574; x_wconf 81' lang='grc' dir='ltr'><strong><em>πῶς</em></strong></span> <span class='ocrx_word' id='word_1_424' title='bbox 607 2533 706 2580; x_wconf 72' lang='grc' dir='ltr'><strong><em>ἔχεις</em></strong></span> <span class='ocrx_word' id='word_1_425' title='bbox 723 2533 816 2580; x_wconf 83' lang='grc' dir='ltr'><strong><em>πρὸς</em></strong></span> 
     </span>
     <span class='ocr_line' id='line_1_53' title="bbox 136 2574 600 2616; baseline 0.004 -4"><span class='ocrx_word' id='word_1_426' title='bbox 136 2574 180 2612; x_wconf 82' lang='grc' dir='ltr'><strong><em>τὸ</em></strong></span> <span class='ocrx_word' id='word_1_427' title='bbox 198 2574 353 2613; x_wconf 75' lang='grc' dir='ltr'><strong><em>ἐθέλειν</em></strong></span> <span class='ocrx_word' id='word_1_428' title='bbox 369 2574 447 2614; x_wconf 77' lang='grc' dir='ltr'><strong><em>κτὲ.</em></strong></span> <span class='ocrx_word' id='word_1_429' title='bbox 480 2580 600 2616; x_wconf 79' lang='lat' dir='ltr'><em>Stallb</em></span> 
     </span>
    </p>
   </div>
   <div class='ocr_carea' id='block_1_8' title="bbox 137 2621 818 2850">
    <p class='ocr_par' dir='ltr' id='par_1_11' title="bbox 137 2621 818 2850">
     <span class='ocr_line' id='line_1_54' title="bbox 182 2621 816 2667; baseline 0.006 -10"><span class='ocrx_word' id='word_1_430' title='bbox 182 2624 223 2656; x_wconf 94' lang='lat' dir='ltr'><strong><em>B.</em></strong></span> <span class='ocrx_word' id='word_1_431' title='bbox 248 2621 449 2667; x_wconf 79' lang='grc' dir='ltr'><strong><em>πότερον</em></strong></span> <span class='ocrx_word' id='word_1_432' title='bbox 471 2624 551 2659; x_wconf 81' lang='grc' dir='ltr'><strong><em>καὶ</em></strong></span> <span class='ocrx_word' id='word_1_433' title='bbox 581 2621 721 2660; x_wconf 78' lang='grc' dir='ltr'><strong><em>τοῦτό</em></strong></span> <span class='ocrx_word' id='word_1_434' title='bbox 744 2637 816 2661; x_wconf 88' lang='grc' dir='ltr'><strong><em>σοι</em></strong></span> 
     </span>
     <span class='ocr_line' id='line_1_55' title="bbox 139 2665 816 2723; baseline 0.007 -22"><span class='ocrx_word' id='word_1_435' title='bbox 139 2666 294 2720; x_wconf 77' lang='grc' dir='ltr'><strong><em>δοκεῖ]</em></strong></span> <span class='ocrx_word' id='word_1_436' title='bbox 326 2670 373 2702; x_wconf 91' lang='lat' dir='ltr'>H</span> <span class='ocrx_word' id='word_1_437' title='bbox 403 2681 434 2703; x_wconf 91' lang='lat' dir='ltr'><strong><em>e.</em></strong></span> <span class='ocrx_word' id='word_1_438' title='bbox 458 2665 620 2723; x_wconf 80' lang='grc' dir='ltr'><strong><em>πότερον</em></strong></span> <span class='ocrx_word' id='word_1_439' title='bbox 641 2670 706 2705; x_wconf 81' lang='grc' dir='ltr'><strong><em>καὶ</em></strong></span> <span class='ocrx_word' id='word_1_440' title='bbox 729 2671 816 2715; x_wconf 78' lang='grc' dir='ltr'><strong><em>περὶ</em></strong></span> 
     </span>
     <span class='ocr_line' id='line_1_56' title="bbox 139 2708 818 2760; baseline 0.007 -14"><span class='ocrx_word' id='word_1_441' title='bbox 139 2708 279 2747; x_wconf 76' lang='grc' dir='ltr'><strong><em>τούτου</em></strong></span> <span class='ocrx_word' id='word_1_442' title='bbox 303 2714 403 2758; x_wconf 80' lang='grc' dir='ltr'><strong><em>(περὶ</em></strong></span> <span class='ocrx_word' id='word_1_443' title='bbox 422 2710 643 2760; x_wconf 73' lang='grc' dir='ltr'><strong><em>ἐπιστήμης)</em></strong></span> <span class='ocrx_word' id='word_1_444' title='bbox 669 2726 729 2750; x_wconf 91' lang='grc' dir='ltr'><strong><em>σοι</em></strong></span> <span class='ocrx_word' id='word_1_445' title='bbox 752 2717 818 2751; x_wconf 79' lang='grc' dir='ltr'><strong><em>δο-</em></strong></span> 
     </span>
     <span class='ocr_line' id='line_1_57' title="bbox 138 2759 815 2812; baseline 0.007 -22"><span class='ocrx_word' id='word_1_446' title='bbox 138 2760 213 2791; x_wconf 72' lang='grc' dir='ltr'><strong><em>κεῖ.</em></strong></span> <span class='ocrx_word' id='word_1_447' title='bbox 259 2759 428 2812; x_wconf 80' lang='lat' dir='ltr'><strong>Respicit</strong></span> <span class='ocrx_word' id='word_1_448' title='bbox 461 2761 507 2793; x_wconf 84' lang='lat' dir='ltr'><strong><em>ad</em></strong></span> <span class='ocrx_word' id='word_1_449' title='bbox 539 2772 573 2804; x_wconf 92' lang='lat' dir='ltr'>p</span> <span class='ocrx_word' id='word_1_450' title='bbox 599 2763 662 2795; x_wconf 83' lang='lat'><strong><em>351</em></strong></span> <span class='ocrx_word' id='word_1_451' title='bbox 683 2762 729 2794; x_wconf 87' lang='grc' dir='ltr'><strong><em>Ο·</em></strong></span> <span class='ocrx_word' id='word_1_452' title='bbox 763 2759 815 2806; x_wconf 87' lang='grc' dir='ltr'><strong><em>μὴ</em></strong></span> 
     </span>
     <span class='ocr_line' id='line_1_58' title="bbox 137 2798 816 2850; baseline 0.007 -15"><span class='ocrx_word' id='word_1_453' title='bbox 137 2800 204 2836; x_wconf 74' lang='grc' dir='ltr'><strong><em>καὶ</em></strong></span> <span class='ocrx_word' id='word_1_454' title='bbox 221 2798 280 2847; x_wconf 78' lang='grc' dir='ltr'><strong><em>σύ,</em></strong></span> <span class='ocrx_word' id='word_1_455' title='bbox 299 2798 445 2848; x_wconf 76' lang='grc' dir='ltr'><strong><em>ὥσπερ</em></strong></span> <span class='ocrx_word' id='word_1_456' title='bbox 464 2802 509 2839; x_wconf 83' lang='grc' dir='ltr'><strong><em>οἷ</em></strong></span> <span class='ocrx_word' id='word_1_457' title='bbox 522 2807 606 2839; x_wconf 86' lang='grc' dir='ltr'><strong><em>πολ</em></strong></span> <span class='ocrx_word' id='word_1_458' title='bbox 617 2805 699 2850; x_wconf 79' lang='grc' dir='ltr'><strong><em>λοί,</em></strong></span> <span class='ocrx_word' id='word_1_459' title='bbox 719 2802 816 2850; x_wconf 75' lang='grc' dir='ltr'><strong><em>ἡδέα</em></strong></span> 
     </span>
    </p>
   </div>
   <div class='ocr_carea' id='block_1_9' title="bbox 884 2619 1561 2853">
    <p class='ocr_par' dir='ltr' id='par_1_12' title="bbox 884 2619 1561 2853">
     <span class='ocr_line' id='line_1_59' title="bbox 884 2619 1561 2682; baseline 0.001 -21"><span class='ocrx_word' id='word_1_460' title='bbox 884 2629 966 2661; x_wconf 88' lang='lat' dir='ltr'>VII.</span> <span class='ocrx_word' id='word_1_461' title='bbox 986 2630 1025 2661; x_wconf 89' lang='grc'><strong><em>3.</em></strong></span> <span class='ocrx_word' id='word_1_462' title='bbox 1055 2622 1307 2682; x_wconf 56' lang='grc' dir='ltr'><strong><em>ἐπιστάμενον</em></strong></span> <span class='ocrx_word' id='word_1_463' title='bbox 1329 2625 1407 2680; x_wconf 74' lang='grc' dir='ltr'><strong><em>μὲν</em></strong></span> <span class='ocrx_word' id='word_1_464' title='bbox 1422 2619 1493 2662; x_wconf 81' lang='grc' dir='ltr'><strong><em>οὖν</em></strong></span> <span class='ocrx_word' id='word_1_465' title='bbox 1515 2639 1561 2662; x_wconf 85' lang='grc' dir='ltr'><strong><em>ου</em></strong></span> 
     </span>
     <span class='ocr_line' id='line_1_60' title="bbox 886 2667 1560 2726; baseline 0 -21"><span class='ocrx_word' id='word_1_466' title='bbox 886 2673 990 2725; x_wconf 80' lang='grc' dir='ltr'><strong><em>φασί</em></strong></span> <span class='ocrx_word' id='word_1_467' title='bbox 996 2683 1097 2712; x_wconf 77' lang='grc' dir='ltr'><strong><em>τινες</em></strong></span> <span class='ocrx_word' id='word_1_468' title='bbox 1110 2670 1244 2708; x_wconf 80' lang='grc' dir='ltr'><strong><em>οἷόντε</em></strong></span> <span class='ocrx_word' id='word_1_469' title='bbox 1261 2670 1360 2707; x_wconf 79' lang='grc' dir='ltr'><strong><em>εἶναι</em></strong></span> <span class='ocrx_word' id='word_1_470' title='bbox 1370 2667 1560 2726; x_wconf 80' lang='grc' dir='ltr'><strong><em>(ακρατῆ).</em></strong></span> 
     </span>
     <span class='ocr_line' id='line_1_61' title="bbox 886 2708 1561 2773; baseline 0.001 -22"><span class='ocrx_word' id='word_1_471' title='bbox 886 2715 1020 2752; x_wconf 80' lang='grc' dir='ltr'><strong><em>δεινὸν</em></strong></span> <span class='ocrx_word' id='word_1_472' title='bbox 1042 2729 1116 2763; x_wconf 76' lang='grc' dir='ltr'><strong><em>γαρ</em></strong></span> <span class='ocrx_word' id='word_1_473' title='bbox 1148 2714 1357 2773; x_wconf 81' lang='grc' dir='ltr'><strong><em>ἐπιστήμης</em></strong></span> <span class='ocrx_word' id='word_1_474' title='bbox 1389 2708 1561 2762; x_wconf 77' lang='grc' dir='ltr'><strong><em>ἐνούσης,</em></strong></span> 
     </span>
     <span class='ocr_line' id='line_1_62' title="bbox 885 2757 1561 2818; baseline 0.002 -22"><span class='ocrx_word' id='word_1_475' title='bbox 885 2759 935 2802; x_wconf 79' lang='grc' dir='ltr'><strong><em>ὡς</em></strong></span> <span class='ocrx_word' id='word_1_476' title='bbox 952 2757 1046 2809; x_wconf 79' lang='grc' dir='ltr'><strong><em>ᾤἐτο</em></strong></span> <span class='ocrx_word' id='word_1_477' title='bbox 1061 2760 1289 2818; x_wconf 80' lang='grc' dir='ltr'><strong><em>Σωκρατης,</em></strong></span> <span class='ocrx_word' id='word_1_478' title='bbox 1308 2760 1402 2796; x_wconf 78' lang='grc' dir='ltr'><em>ἄλλο</em></span> <span class='ocrx_word' id='word_1_479' title='bbox 1419 2775 1454 2798; x_wconf 84' lang='grc' dir='ltr'><strong><em>τι</em></strong></span> <span class='ocrx_word' id='word_1_480' title='bbox 1446 2775 1561 2818; x_wconf 85' lang='grc' dir='ltr'><strong><em>κρα-</em></strong></span> 
     </span>
     <span class='ocr_line' id='line_1_63' title="bbox 887 2804 1560 2853; baseline 0 -11"><span class='ocrx_word' id='word_1_481' title='bbox 887 2811 968 2842; x_wconf 80' lang='grc' dir='ltr'><strong><em>τείν</em></strong></span> <span class='ocrx_word' id='word_1_482' title='bbox 983 2805 1050 2842; x_wconf 79' lang='grc' dir='ltr'><strong><em>καὶ</em></strong></span> <span class='ocrx_word' id='word_1_483' title='bbox 1066 2807 1281 2853; x_wconf 75' lang='grc' dir='ltr'><strong><em>περιέλκειν</em></strong></span> <span class='ocrx_word' id='word_1_484' title='bbox 1298 2804 1418 2844; x_wconf 82' lang='grc' dir='ltr'><strong><em>αυτὸν</em></strong></span> <span class='ocrx_word' id='word_1_485' title='bbox 1435 2819 1560 2852; x_wconf 85' lang='grc' dir='ltr'><strong><em>ωσπερ</em></strong></span> 
     </span>
    </p>
   </div>
  </div>
 </body>
</html>
