1682 2944
445 254 518 292 AD
547 251 792 291 GORGIAM
820 249 1091 289 PLATONIS.
1391 249 1442 285 25

91 368 212 406 ficisci
249 367 420 405 iudicata
456 365 508 404 sit
554 365 726 416 adeoque
765 363 961 401 adulatrix
1009 361 1213 413 appellata.
1289 361 1447 404 Etenim

95 425 280 472 Socrates,
309 423 568 462 Recordemur
595 421 716 471 igitur
743 420 841 467 iam,
871 419 1019 471 inquit,
1050 431 1149 470 quae
1179 431 1249 468 ego
1278 418 1372 456 Polo
1403 429 1446 455 ac

93 482 257 530 Gorgiae
286 479 458 530 exposui,
489 491 572 517 esse
602 478 791 529 quaedam
828 476 1032 523 instituta,
1072 489 1172 527 quae
1210 475 1324 513 unice
1361 487 1446 524 spe-

63 542 66 543 ’
95 542 245 576 ctarent
280 537 540 586 voluptatem,
580 535 673 586 quid
703 538 833 572 autem
871 534 1017 571 malum
1045 536 1114 571 aut
1151 533 1296 570 bonum
1335 535 1448 578 esset,

94 594 250 632 minime
288 596 477 631 curarent.
545 590 675 632 Quum
712 603 804 629 vero
842 603 947 627 nunc
986 593 1124 638 agatur
1162 589 1209 627 de
1254 601 1297 627 re
1335 589 1448 637 longe

94 650 331 700 gravissima,
361 648 673 701 quandoquidem
701 646 911 699 quaeritur,
942 659 1020 698 qua
1048 645 1198 684 ratione
1227 645 1309 685 vivi
1339 658 1449 695 opor-

94 711 187 754 teat,
215 711 347 746 utrum
376 719 432 752 ea,
463 706 512 743 ad
540 718 657 757 quam
675 709 720 743 tu
748 718 809 742 me
831 703 1052 750 cohortaris,
1081 706 1127 741 ut
1154 702 1284 741 virilia
1303 702 1450 740 scilicet

93 764 250 812 negotia
276 767 439 803 tractem
477 766 516 800 et
553 761 726 800 factitem
764 764 886 799 artem
923 759 1149 806 oratoriam,
1189 773 1239 797 an
1273 759 1361 806 illa,
1401 759 1450 796 ad

93 833 208 871 quam
236 819 479 870 philosophia
506 831 567 857 me
598 818 754 865 excitat,
791 817 872 855 noli
891 816 970 855 iam
998 816 1130 854 ludere
1161 828 1204 853 ac
1223 815 1352 862 iocari,
1382 816 1450 854 sed

93 890 210 928 quam
238 875 531 925 diligentissime
559 888 711 913 mecum
741 874 922 925 exquire,
961 873 1054 924 quid
1082 872 1186 911 inter
1214 886 1255 910 se
1295 872 1451 910 differat-

93 936 258 985 utraque
286 933 382 970 haec
409 932 568 971 vivendi
596 932 707 978 ratio,
737 936 776 969 et
804 930 899 982 quid
927 929 955 967 ii
976 934 1201 981 sequautur,
1230 929 1298 980 qui
1324 942 1366 967 se
1396 929 1450 967 al-

93 990 231 1029 terutri
270 990 422 1028 dedant.
462 990 504 1027 P.
537 992 628 1027 500.
658 990 707 1026 A.
738 1009 794 1014 —
823 987 869 1025 E.
898 1009 955 1014 --
983 986 1165 1024 Diximus
1203 999 1296 1024 vero
1335 990 1450 1024 antea

93 1059 176 1084 esse
206 1047 391 1098 quasdam
412 1058 593 1084 verarum
622 1045 764 1084 artium
785 1043 896 1095 quasi
922 1043 1158 1090 imitatrices,
1189 1055 1299 1094 quae,
1330 1056 1452 1094 quum

93 1107 272 1142 naturam
301 1096 488 1154 cuiusque
516 1102 572 1140 rei
600 1115 678 1139 non
707 1101 973 1151 explorarent,
1011 1099 1151 1151 peritia
1181 1100 1350 1151 quadam
1377 1113 1452 1137 usu

94 1163 134 1198 et
163 1160 438 1198 exercitatione
477 1159 637 1197 collecta
676 1158 968 1196 continerentur
1006 1157 1204 1209 solamque
1234 1160 1453 1207 spectarent

93 1216 353 1266 voluptatem,
392 1216 569 1264 neglecta
607 1228 762 1265 prorsus
800 1227 917 1253 verae
946 1214 1128 1252 utilitatis
1158 1213 1451 1265 honestatisque

93 1273 253 1311 ratione.
293 1272 626 1313 Quemadmodum
655 1276 786 1310 autem
815 1270 1079 1309 intelleximus
1098 1270 1234 1308 referri
1263 1270 1453 1322 quaedam

94 1329 282 1367 eiusmodi
310 1328 473 1367 artificia
502 1329 550 1365 ad
570 1328 738 1377 corporis
759 1340 890 1365 curam
918 1327 1299 1378 delectationemque,
1327 1326 1453 1366 veluti

95 1398 314 1436 coquorum,
352 1386 408 1423 ita
428 1385 545 1424 etiam
564 1385 694 1423 studia
713 1385 901 1436 quaedam
920 1384 1178 1434 reperiuntur,
1200 1397 1310 1435 quae,
1331 1396 1452 1435 quum

95 1442 142 1479 ad
172 1441 343 1480 animum
359 1442 592 1491 pertineant,
622 1445 754 1479 tamen
782 1441 910 1478 omnia
928 1440 1145 1479 metiuntur
1172 1440 1451 1490 voluptatibus,

94 1498 208 1547 plane
237 1511 315 1536 non
351 1498 485 1536 habita
513 1498 661 1536 ratione
698 1497 806 1543 boni,
849 1498 897 1535 ad
935 1498 1038 1548 quod
1078 1497 1360 1547 respiciendum
1388 1497 1451 1536 sit.

94 1553 288 1595 Quorsum
315 1554 513 1604 pertinent
551 1567 613 1592 ars
642 1550 833 1606 αὐλητικὴ
870 1559 910 1592 et
937 1550 1209 1607 κιθαρῳδική,
1250 1555 1453 1592 chororum

95 1609 353 1658 διδασκαλία,
393 1624 505 1661 porro
544 1611 670 1661 poesis
698 1610 999 1661 dithyrambica3
1041 1610 1209 1661 denique
1238 1611 1356 1649 etiam
1385 1624 1452 1649 au-

94 1671 209 1716 gusta
236 1667 304 1705 illa
331 1672 448 1718 atque
477 1668 632 1716 grandis
659 1668 892 1716 tragicorum
921 1680 994 1714 ars,
1024 1680 1122 1718 quae
1152 1671 1191 1705 et
1218 1667 1304 1718 ipsa
1330 1668 1453 1716 magis

96 1725 144 1762 ad
172 1724 411 1774 voluptatem
440 1728 698 1774 spectatorum
727 1737 843 1775 quam
873 1724 920 1776 ad
949 1724 1163 1762 bonitatem
1190 1724 1452 1764 honestatem-

96 1793 172 1831 que
202 1785 422 1831 comparata
459 1785 529 1819 est.
588 1780 665 1821 Qui
704 1781 860 1832 quidem
898 1780 1025 1827 locus,
1064 1785 1110 1819 ut
1137 1781 1211 1818 hoc
1238 1794 1308 1831 per
1346 1794 1452 1819 occa-

96 1837 242 1875 sionem
269 1850 504 1883 moneamus,
534 1837 637 1888 quod
665 1837 918 1887 philosophus
946 1837 1011 1875 hic
1039 1837 1087 1874 de
1117 1837 1266 1876 artibus
1294 1838 1453 1876 musicis

97 1894 189 1931 data
218 1894 505 1943 opportunitate
534 1894 637 1931 idem
663 1893 862 1940 iudicavit,
893 1894 996 1944 quod
1013 1897 1149 1942 postea
1177 1894 1219 1931 in
1237 1894 1453 1944 Republica

94 1957 134 1987 et
144 1950 312 1998 Legibus
323 1950 472 1996 statuit,
489 1951 674 2001 quosdam
684 1950 900 1996 commovit,
911 1953 957 1988 ut
965 1962 1103 1999 parum
1112 1954 1215 1989 recte
1227 1951 1453 2000 colligerent

95 2019 184 2043 eum
213 2006 331 2044 etiam
371 2006 412 2043 in
442 2006 583 2055 Gorgia
612 2006 797 2056 ampliora.
831 2010 1025 2057 spectasse
1061 2011 1101 2045 et
1137 2007 1355 2046 rhetoricen
1386 2021 1453 2046 ex-

93 2062 209 2112 empli
236 2066 391 2102 tantum
419 2063 500 2100 loco
529 2063 713 2112 posuisse.
773 2063 848 2101 Sed
887 2063 1121 2101 revertimur
1158 2065 1207 2101 ad
1243 2064 1450 2114 proposita.

93 2119 295 2157 Faciamus
324 2124 473 2166 autem,
512 2119 641 2170 inquit
678 2133 810 2170 porro,
851 2119 936 2158 tolli
965 2132 1009 2157 ac
1037 2121 1227 2158 removeri
1268 2134 1319 2159 ex
1346 2122 1453 2171 poesi

93 2176 235 2222 modos,
264 2189 468 2214 numerum
498 2180 614 2227 atque
644 2190 797 2214 versus:
828 2176 921 2228 quid
950 2180 1034 2215 tum
1061 2177 1299 2216 remanebit?
1328 2178 1451 2216 Nimi-

93 2245 181 2269 rum
207 2232 305 2269 nihil
334 2232 409 2270 nisi
439 2233 630 2271 orationes
660 2229 799 2284 (λόγοι)
828 2233 977 2282 poetico
1007 2237 1145 2272 ornatu
1175 2239 1329 2273 exutae.
1388 2236 1451 2272 Ex

94 2301 171 2339 quo
198 2288 429 2337 intelligitur
456 2289 591 2339 poesin
619 2302 702 2327 esse
740 2290 874 2327 orandi
903 2290 1098 2340 quandam
1126 2294 1250 2328 artem
1279 2292 1328 2329 ab
1357 2293 1451 2329 adu-

94 2345 237 2382 latione
265 2346 486 2394 profectam,
515 2346 589 2383 hoc
618 2350 677 2384 est
705 2346 804 2384 solas
824 2346 1066 2384 audientium
1085 2351 1324 2396 spectantem
1341 2349 1451 2386 volu-

93 2400 281 2450 ptatesss).
311 2402 354 2439 P.
386 2405 478 2440 500.
507 2403 552 2440 Ε,
580 2424 638 2429 -
668 2405 760 2440 502.
789 2403 836 2440 D.
896 2403 980 2440 Iam
1019 2416 1112 2441 vero
1150 2404 1341 2443 rhetorice
1369 2405 1449 2451 illa,

95 2457 204 2495 cuius
232 2462 343 2495 tanta
381 2462 440 2496 est
479 2459 581 2508 apud
618 2459 804 2509 populum
833 2459 1133 2499 Atheniensium
1163 2461 1372 2499 auctoritas
1412 2465 1452 2500 et

94 2514 240 2562 gratia,
281 2514 374 2565 quid
413 2515 570 2552 tandem
607 2515 717 2553 nobis
746 2528 829 2554 esse
858 2515 1039 2554 videtur?
1096 2517 1241 2555 Utrum
1280 2521 1450 2556 oratores

94 2570 165 2608 tibi
194 2570 378 2609 videntur
415 2570 506 2608 boni
544 2571 776 2623 honestique
807 2572 931 2621 gratia
961 2572 1107 2620 dicere,
1145 2573 1184 2611 id
1213 2574 1337 2612 solum
1366 2588 1452 2624 spe-

96 2631 244 2664 ctantes
256 2657 265 2674 ,
295 2630 341 2665 ut
370 2626 607 2666 orationibus
635 2628 716 2666 suis
746 2628 849 2667 cives
878 2641 996 2680 quam
1025 2630 1160 2679 optimi
1189 2631 1369 2678 evadant,
1399 2645 1449 2669 an

161 2757 195 2798 ³¹³)
219 2758 376 2791 Platonis
399 2757 441 2791 de
464 2759 562 2802 poesi
585 2759 751 2792 iudicium
775 2761 934 2793 aestimes
958 2772 1003 2794 ex
1026 2762 1081 2804 iis,
1106 2769 1196 2806 quae
1214 2763 1268 2795 De
1289 2762 1450 2807 Rep.111.

94 2813 127 2845 p·
150 2801 218 2839 392
241 2814 334 2846 seqq.
357 2807 393 2837 et
414 2814 446 2847 p.
470 2803 547 2839 598.
571 2806 614 2840 D.
639 2816 732 2848 seqq.
756 2805 984 2850 disputantur.
