1722 2964
196 94 279 137 140
743 99 1042 136 PLA'roms

195 215 427 257 τίθεσθαι·
459 210 560 263 τοὺς
586 209 628 255 δ’
655 209 853 268 ἆγαθοῦς
880 209 1230 271 ἐπικρύπτεσθαί
1241 230 1286 258 τε
1305 213 1378 258 καὶ
1397 215 1593 260 ἐπαινεῖν

195 275 542 335 ἀναγκάζεσθαι,
576 279 649 322 καὶ
674 276 751 323 ἐάν
781 296 823 324 τι
845 275 1090 343 ὀργισθῶσι
1112 289 1204 332 τοῖς
1226 281 1434 336 γονεῦσιν
1456 276 1484 337 ἢ
1506 297 1591 325 πα-

193 348 312 402 τρίδι
351 342 638 401 ἀδικηθέντες
653 379 666 401 ,
715 342 873 398 αὖτούς
912 344 1093 398 ἑαυτοὺς
1124 353 1488 403 παραμυθεῖσθαι
1518 347 1591 392 καὶ

195 409 533 456 διαλλάττεσθαι
556 410 990 469 προσαναγκάζοντας
1008 412 1191 466 ἑαυτοὺς
1209 417 1357 470 φιλεῖν
1373 410 1473 466 τούς
1493 413 1592 457 ἑαυ-

191 479 282 522 τῶν
306 478 379 522 καὶ
404 479 614 523 ἐπαινεῖν.
642 475 848 531 πολλάκις
867 480 931 534 δέ,
955 477 1090 536 οἶμαι,
1115 479 1187 523 καὶ
1206 483 1459 537 Σιμωνίδης
1483 476 1589 537 ἡγή-

196 558 302 589 σατο
332 544 405 588 καὶ
437 541 566 597 αὐτὸς
598 541 626 602 ἢ
656 543 876 602 τύραννον
906 541 934 602 ἢ
969 542 1103 590 ἄλλον
1132 543 1230 590 τινὰ
1259 548 1348 591 τῶν
1380 543 1592 591 τοιούτων

193 612 419 655 ἐπαινέσαι
443 611 516 656 καὶ
541 609 806 669 ἐγκωμιάσαι
828 609 908 669 οὐχ
932 610 1067 668 ἑκών,
1100 610 1200 657 ἀλλ’
1229 610 1588 670 ἀναγκαζόμενος.

138 688 166 720 C
190 679 327 722 ταῦτα
352 675 407 734 δὴ
430 678 503 722 καὶ
527 680 587 739 τῷ
615 680 819 739 Πιττακῷ
842 679 982 735 λέγει,
1009 676 1076 723 ὅτι
1094 676 1219 736 Ἐγώ,
1244 671 1278 723 ὦ
1303 681 1513 736 Πιττακέ,
1537 675 1590 723 οὗ

191 742 265 788 διὰ
288 741 424 789 ταῦτά
448 759 498 789 σε
522 746 657 802 ψέγω,
681 742 747 800 ὅτι
771 746 860 802 εἰμὶ
883 743 1148 802 φιλόψογος·
1177 746 1273 790 ἐπεὶ

425 830 562 891 ἔμοιγ’
587 834 761 891 ἐξαρκεῖ
779 830 826 886 ὃς
850 829 908 878 ἂν
930 832 990 891 μὴ
1014 832 1145 886 κακὸς
1169 827 1197 892 ᾖ

423 898 529 957 μηδ’
559 897 672 957 ἄγαν
695 898 967 958 ἀπάλαμνος,

426 963 554 1018 εἰδώς
571 964 609 1010 τ’
636 964 897 1024 ὀνησίπολιν
921 970 1051 1012 δίκαν
1073 965 1201 1024 ὑγιὴς
1225 964 1358 1026 ἀνήρ’

423 1029 477 1077 οὕ
500 1051 578 1090 μιν
603 1031 688 1090 ἐγώ
711 1029 992 1091 μωμήσομαι·

424 1096 477 1144 οὐ
502 1097 587 1157 γάρ
614 1102 701 1157 εἰμι
725 1097 997 1157 φιλόμωμος·

423 1167 515 1211 τῶν
538 1163 622 1224 γὰρ
646 1163 838 1223 ἠλιθίων
869 1163 1066 1224 ἀπείρων
1089 1167 1295 1223 γενέθλα,

280 1316 319 1349 C.
347 1311 482 1356 εἰδώς
506 1312 540 1350 τ’
564 1313 841 1361 ὄνησίπολιν
864 1315 1024 1362 δίκαν]
1050 1317 1110 1350 Sie
1129 1318 1173 1351 de
1191 1318 1385 1361 praeclara
1403 1317 1600 1351 Godofredi

186 1361 392 1395 Hei-manni
416 1363 628 1395 coniectura
651 1362 739 1396 edit.
769 1365 907 1397 recent.
931 1373 1067 1397 omnes,
1113 1363 1236 1395 Libri:
1269 1357 1378 1401 εἰδώς
1400 1373 1442 1406 γε
1470 1356 1599 1405 ὀνήσει

187 1401 302 1440 πόλιν
330 1405 458 1440 δίκαν.
511 1406 608 1438 Dein
632 1405 968 1440 Schleiermachero
991 1407 1143 1440 debetur
1171 1400 1218 1439 οὔ
1239 1418 1306 1450 μιν
1328 1402 1399 1450 ἐγώ
1421 1418 1460 1450 μ.
1507 1407 1601 1439 Nam

188 1450 293 1484 codd.
311 1461 391 1483 cum
409 1453 500 1484 vett.
518 1450 623 1483 editt.
639 1445 684 1484 οὗ
701 1445 778 1493 μὴν
795 1446 848 1494 ἐγ.

279 1511 480 1559 ἠλιθίων
501 1511 703 1559 ἀπείρων
725 1514 948 1560 γενέθλα]
975 1517 1037 1550 Sic
1061 1517 1163 1550 codd.
1189 1527 1323 1550 omnes.
1368 1518 1467 1551 Vett.
1494 1516 1599 1550 editt.

187 1554 356 1604 ἠλιθίων
373 1554 513 1603 ἄπειρα
529 1558 709 1604 γένεθλα.

233 1671 276 1705 Β.
331 1666 525 1711 ἔαυτοῦς
570 1672 862 1715 παραμυθεῖ-

189 1714 328 1760 σθαι]
369 1717 415 1751 Η.
450 1727 481 1750 θ.
519 1716 725 1750 affectus
758 1727 862 1749 suos

117 1792 122 1797 ,
191 1760 351 1794 sedare
376 1771 426 1793 ac
461 1761 739 1802 tranquillos
762 1761 861 1794 red-

191 1805 307 1838 dere.
324 1805 555 1839 v.Phaed0n.
573 1816 606 1848 p.
621 1806 714 1840 7013.
732 1806 862 1838 Socra·

188 1852 247 1882 tes
279 1850 359 1891 ipse
390 1850 459 1882 hoe
491 1852 746 1892 praeceptum,
791 1860 861 1892 quo

187 1897 329 1935 monet,
361 1898 402 1926 ut
432 1893 708 1927 domesticorum
739 1898 776 1927 et
797 1905 862 1936 pa-

187 1939 283 1971 triae
300 1948 390 1971 suae
404 1939 559 1980 quisque
576 1939 730 1971 iniurias
746 1949 861 1980 aequo

189 1984 311 2016 animo
328 1984 442 2022 ferat,
462 1993 569 2024 quum
588 1986 667 2016 tota
683 1984 760 2015 vita
778 1983 862 2015 dili-

190 2030 320 2070 genter
336 2028 516 2067 servavit,
540 2031 614 2059 tum
637 2031 752 2060 morte
777 2038 861 2060 con-

189 2071 361 2104 firmavit.

234 2125 443 2158 προσανα
478 2126 514 2149 κ,
556 2109 751 2154 ἑαυτοὺς
784 2126 862 2158 φι-

191 2160 292 2194 λεῖν
315 2154 423 2198 τούς
473 2158 641 2203 αυτῶν]
669 2161 771 2200 Quod
796 2160 861 2193 So·

191 2207 314 2237 crates
331 2205 369 2236 in
388 2203 525 2247 Gorgia
542 2206 591 2247 (p.
606 2205 725 2246 47413)
744 2204 862 2245 docet,

189 2248 360 2281 iniuriam
394 2250 563 2291 accipere
596 2258 702 2291 quam
740 2249 862 2281 facere

190 2295 399 2335 praestare,
432 2294 469 2325 id
500 2292 640 2334 quidem
670 2293 785 2325 multo
808 2293 862 2325 la-

189 2337 263 2369 tius
279 2341 401 2379 patet,
426 2338 488 2369 sed
508 2338 654 2370 facilius
672 2338 718 2370 ab
741 2338 862 2370 animo

189 2380 348 2414 hnmano
366 2381 435 2413 hoc
457 2382 643 2424 impetrari
660 2385 799 2424 potest,
822 2385 863 2414 ut

189 2425 359 2458 iniuriam
374 2426 433 2458 vel
448 2426 658 2459 omittatvel
669 2427 860 2467 condonet,

188 2479 298 2511 quam
325 2473 367 2507 ut
394 2470 430 2502 in
460 2470 654 2503 inim-iosos
682 2470 861 2503 beneficia

189 2515 369 2547 conferat.
415 2514 471 2547 De
501 2515 570 2546 tali
597 2516 710 2558 igitur
739 2525 860 2548 amore

187 2557 379 2600 Socrates,
418 2558 479 2591 vel
511 2560 632 2602 potius
663 2559 772 2593 Plato
804 2569 859 2592 re-

186 2603 316 2636 stricte
334 2604 540 2646 praecepit.

230 2642 436 2691 ἡγήσατο
450 2665 496 2671 -
512 2642 777 2690 ἐπαινέσαι]
796 2648 860 2681 ἰιι-

185 2690 207 2723 d
216 2692 228 2723 i
237 2694 360 2725 cavit
369 2691 530 2735 (propter
542 2692 759 2727 mercedem)
771 2692 858 2725 lau·

185 2735 292 2769 dare
326 2746 372 2769 se
412 2740 634 2779 oportere.
677 2747 711 2770 v.
743 2736 858 2770 Stall-

182 2779 304 2814 baum.
351 2781 398 2814 ad
435 2780 622 2815 Phaedon.
666 2792 701 2824 p.
734 2782 782 2825 95,
812 2781 855 2815 Β.

929 1672 1163 1705 Hermann.
1197 1671 1242 1704 ad
1264 1672 1387 1714 Viger.
1414 1682 1450 1714 p.
1476 1672 1540 1705 743
1561 1681 1598 1706 n.

931 1717 1006 1750 158.
1031 1719 1068 1749 et
1088 1716 1318 1749 Heindorf.
1346 1715 1391 1748 ad
1412 1716 1448 1750 h.
1466 1715 1511 1756 l.‚
1537 1715 1600 1757 qui

930 1764 1030 1793 reete
1060 1761 1262 1793 arbitratur
1287 1761 1324 1792 in
1349 1760 1485 1794 talibus
1507 1760 1600 1792 locis

929 1815 1000 1838 non
1025 1803 1109 1838 δεῖν
1130 1806 1299 1837 omissum
1317 1815 1415 1844 esse,
1437 1804 1501 1837 sed
1518 1814 1599 1837 ver—

928 1850 977 1882 ba
999 1844 1202 1892 ἠγεῖσθαι,
1233 1849 1469 1892 λογίζεσθαι,
1494 1847 1599 1891 νομί-

930 1893 1025 1935 ζειν,
1059 1894 1108 1926 al.
1131 1893 1338 1936 significare
1362 1902 1546 1935 aequum
1568 1902 1598 1926 ε.

931 1948 1041 1981 opus
1059 1938 1282 1978 iudicare3
1299 1938 1342 1970 de
1361 1937 1545 1971 Simonide
1562 1947 1598 1971 v.

930 1994 964 2025 p.
983 1984 1048 2016 339
1063 1983 1105 2016 A.

976 2026 1016 2059 C.
1048 2020 1117 2059 ὅτι
1138 2021 1262 2070 Ἐγώ,
1294 2018 1323 2059 ὦ
1347 2026 1395 2060 Π.
1419 2044 1466 2050 -
1505 2022 1598 2068 εἰμὶ

931 2066 1490 2115 φιλόψογος]ΗειεοΡ18ῒοηίε
1502 2072 1598 2108 sunt,

929 2126 1001 2149 non
1009 2115 1215 2153 Simonidis,
1230 2116 1332 2148 cuius
1346 2115 1458 2148 verba
1466 2114 1597 2147 deinde

930 2160 1069 2192 demum
1084 2159 1280 2192 adduntur:
1299 2156 1455 2202 ἔμοιγε
1473 2153 1597 2200 ἐξαρ-

932 2206 1007 2237 κεῖ
1030 2221 1075 2227 -
1104 2197 1257 2255 οὕμιν
1280 2198 1362 2246 ἐγώ
1389 2198 1599 2246 μωμήσο-

931 2259 1024 2291 μαι.
1057 2242 1107 2280 οὗ
1125 2259 1205 2291 γαρ
1224 2245 1299 2291 εἰμι
1318 2242 1596 2290 φιλόμωμος.

930 2310 974 2316 ——
1014 2287 1123 2330 εἰδώς
1156 2287 1189 2324 τ’
1223 2287 1447 2335 ὁνησίπολιν
1483 2291 1598 2324 δίκαν

931 2331 1042 2414 {³3:22⁹
1057 2331 1595 2414 ffssssffzfflfissszfssssss‘121

931 2428 1058 2467 teger
1081 2426 1159 2458 vir.
1182 2443 1225 2448 —
1244 2420 1517 2478 Ἀπάλαμνος
1540 2424 1596 2455 est

928 2470 961 2502 E
974 2480 991 2502 e
1001 2481 1017 2502 ε
1026 2481 1048 2511 y
1058 2469 1156 2503 chio
1173 2471 1372 2513 interprete
1388 2462 1593 2511 αμήχανος,

930 2516 1056 2557 inops
1075 2514 1503 2565 eonsiliixigpavpffi
1526 2512 1595 2543 in-

930 2568 1009 2591 ers.
1042 2576 1081 2582 -
1123 2557 1212 2592 τῶν
1233 2569 1315 2602 γαρ
1338 2557 1404 2600 ηλ.
1427 2566 1499 2589 απ.
1522 2565 1594 2598 γε·

930 2601 1093 2645 νέθλα,
1118 2602 1154 2636 h.
1181 2614 1211 2636 e.
1234 2603 1457 2635 innumera
1481 2601 1596 2632 enim

929 2647 1168 2680 stultorum
1193 2647 1328 2679 natio.
1366 2644 1483 2677 Smub.
1523 2639 1594 2677 α’π-

929 2691 1039 2733 είρων
1060 2701 1130 2724 non
1147 2702 1213 2734 per
1234 2689 1427 2731 enallagen
1451 2688 1496 2721 ad
1513 2682 1596 2731 ἧλι-

925 2735 1027 2769 &tm
1054 2737 1230 2774 refertur,
1262 2733 1325 2767 sed
1347 2733 1595 2766 nominativus

926 2784 982 2813 est
990 2783 1027 2813 et
1033 2779 1317 2814 connectendum
1328 2788 1405 2811 cnm
1416 2775 1594 2821 γενέθλα.

1326 2838 1365 2883 Ρ,
