1676 2938
212 184 293 223 318,
706 211 721 221 .,
742 217 744 219 .
757 181 1012 225 PLA‘DONIS

210 289 328 337 λάκις
354 293 635 342 κατηγοροῦσι
661 290 747 331 τῶν
773 291 992 342 μαθητῶν,
1024 289 1080 337 ὡς
1107 285 1302 334 ἀδικοῦσι,
1327 296 1440 341 σφᾶς
1465 285 1538 331 αὐ-

211 352 310 401 τοὺς
345 353 449 401 τούς,
480 366 524 394 τε
558 352 742 406 μισθοὺς
778 347 1110 406 ἀποστεροῦντες
1145 353 1216 398 καὶ
1250 355 1382 407 ἄλλην
1405 353 1539 407 ,χάριν

212 413 292 459 οὐκ
319 413 625 467 ἀποδιδόντες,
663 412 709 458 εὖ
747 416 959 466 παθόντες
994 417 1066 459 ὑπ’
1105 412 1260 465 αὐτῶν.
1287 417 1358 459 καὶ
1383 410 1538 461 τούτου

136 481 177 521 D
207 486 284 523 τοῦ
319 482 453 534 λόγου
488 481 529 522 τί
567 481 620 522 ἂν
661 479 927 534 ἀλογώτερον
955 482 1017 534 εἴη
1045 487 1240 534 πρᾶγμα,
1277 477 1539 534 ἀνθρώπους

210 543 400 598 ἀγαθοὺς
446 545 529 599 καὶρ
561 546 752 594 δικαίους
793 543 1074 599 γενομένους,
1130 544 1417 598 ἐξαιρεθέντας
1462 545 1539 600 μὲν

210 605 379 651 ἀδικίαν
413 609 499 663 ὑπὸ
538 617 620 652 τοῦ,
651 610 928 659 διδασκάλου,
967 610 1143 663 σχόντας
1180 609 1225 651 δὲ
1252 610 1538 664 δικαιοσύνην,

209 670 369 715 ἀδικεῖν
395 674 555 731 τούτῳ,
594 672 618 716 ὃ
648 670 728 718 οὐκ
755 672 945 728 ἔχουσινς
974 675 1027 716 οὐ
1053 675 1172 716 δοκεῖ
1197 685 1265 716 σοι
1289 681 1417 717 τοῦτο
1444 677 1538 716 ἄτο-

208 753 292 781 πον
315 734 438 789 εἶναι,
469 734 502 781 ὦ
526 738 685 790 ἐταῖρες
707 733 783 787 Ὡς
805 735 975 793 ἀληθῶς
1000 739 1256 792 δημηγορεῖν
1283 753 1333 792 με
1354 739 1538 794 ἠναγκα-

208 812 296 852 σας,
327 798 361 844 ὦ
391 803 649 853 Καλλίκλεις,
676 798 758 846 οὐκ
785 801 945 861 ἐθέλων
971 796 1287 855 ἀποκρίνεσθαι.

293 868 614 927 Cap..LXXV.
684 869 820 909 ΚΑΛ.
870 867 939 909 a
976 867 1014 909 δ’
1051 863 1131 909 οὐκ
1170 867 1226 910 ἂν
1262 863 1351 916 οἷός
1387 867 1421 909 τ’
1456 867 1542 922 εἴης

207 932 353 988 λέγειν,
395 935 430 976 εἰ
456 936 513 988 μή
540 935 604 983 τίς
630 943 698 976 σοι
724 932 1024 990 ἀποκρίνοιτος
1065 935 1166 976 ΣΩ.
1184 930 1333 976 'Bomoi
1359 949 1429 988 γε·
1457 940 1541 976 νῦν

140 1003 178 1045 Ε
207 1006 316 1052 γοῦν
343 998 526 1053 συχνοὺς
552 1000 677 1041 τείνω
702 1001 790 1053 τῶν
815 999 967 1052 λόγων,
1005 998 1145 1053 ἐπειδή
1173 1013 1246 1052 μοι
1275 994 1357 1040 οὐκ
1384 997 1541 1047 ἐθέλεις

208 1060 527 1117 ἀποκρίνεσθαι.
558 1059 658 1112 ἀλλ’,
689 1058 722 1105 ὦ
746 1059 884 1117 ’γαθὲ,
913 1063 998 1105 εἰπὲ
1025 1063 1131 1118 πρὸς
1157 1063 1315 1116 φιλίου,
1347 1063 1399 1104 οὐ
1427 1062 1545 1107 δοκεῖ

273 1185 318 1217 Ι).
353 1182 371 1218 ὃ
395 1196 414 1217 ο
426 1182 474 1217 ὐκ
499 1184 596 1227 ἔχου
608 1183 688 1227 σιν]
715 1178 743 1228 ᾦ
758 1184 911 1217 dativum
927 1184 1091 1227 praebent
1105 1184 1181 1216 Par.
1199 1183 1318 1216 1vw.
1342 1183 1433 1216 Flor.
1447 1182 1480 1216 b.
1493 1194 1540 1224 x..

208 1230 399 1261 restitutum
422 1229 521 1262 illum
546 1240 568 1262 a
584 1229 753 1262 Bekkero.
800 1229 1018 1261 Hermannus
1041 1226 1059 1261 ὃ
1084 1228 1307 1261 concinnitati
1330 1229 1439 1271 magis
1461 1238 1541 1261 con-

209 1275 324 1306 venire
342 1274 544 1314 arbitratui-3
566 1284 629 1306 nos
647 1274 881 1307 attractionem
900 1279 1058 1316 putamus
1081 1273 1240 1307 omissam
1262 1282 1347 1314 esse,
1371 1279 1411 1306 ut
1432 1271 1538 1315 τούτῳ

210 1329 396 1361 pronomen
419 1319 455 1350 vi
478 1323 512 1352 et
533 1319 700 1362 gravitate
726 1319 804 1361 plus
826 1317 963 1361 polleat.
1023 1329 1026 1331 ’

212 1433 246 1475 et
269 1430 358 1463 Ast.
383 1428 563 1464 delendum
588 1433 740 1463 censent.
761 1429 840 1463 Non

211 1476 387 1508 assentior.
431 1474 549 1517 Neque
581 1474 672 1507 enim
703 1475 777 1510 sine
806 1474 842 1506 vi

212 1519 337 1553 dicitur
356 1530 414 1552 eos
429 1520 601 1561 conqueri,
624 1519 714 1561 quod
737 1522 843 1551 semet

212 1565 315 1607 ipsos,
347 1563 525 1607 magistros
548 1564 695 1604 virtutis,
717 1564 843 1595 iniuste

211 1613 366 1642 tractent.
418 1609 539 1641 Latine
570 1609 654 1641 haec
682 1610 844 1650 interpre-

886 1432 889 1434 ’
907 1439 982 1462 rum
998 1429 1049 1462 sie
1068 1439 1144 1462 cum
1167 1429 1202 1462 vi
1224 1429 1383 1472 positum,
1406 1427 1541 1471 quando

908 1473 954 1515 id,
985 1473 1074 1517 quod
1097 1473 1379 1517 praecedentibus
1402 1473 1542 1516 opponi·

909 1524 981 1559 tur,
1021 1518 1156 1552 additur
1188 1519 1253 1559 sic,
1295 1523 1333 1551 ut
1364 1528 1540 1562 argumen-

909 1563 992 1595 tatio
1015 1563 1173 1596 inchoata
1199 1563 1301 1596 simul
1323 1564 1542 1596 continuetur

911 1613 944 1641 et
978 1607 1184 1640 absolvatur.
1227 1606 1371 1650 Apolog.
1409 1608 1539 1639 Socrat.

211 1655 307 1686 teris:
354 1664 448 1686 nam
493 1654 676 1685 virtutis
716 1654 841 1696 magi-

211 1703 341 1732 stros
387 1708 493 1731 sese
533 1698 841 1741 profitentes

211 1743 557 1786 saepenumero
603 1745 843 1775 accusant

211 1787 510 1830 discipulos,
545 1786 677 1830 'quod
714 1786 841 1830 ipsis

211 1833 327 1866 adeo
357 1832 583 1864 inferant
612 1832 841 1872 iniuriam,

211 1879 284 1920 q'ui
308 1882 447 1910 tamen
469 1887 542 1909 eos
561 1875 612 1909 ad
631 1876 841 1909 virtutem

211 1923 508 1955 formaverint.
556 1921 602 1954 Et
630 1924 748 1954 tenent
778 1918 839 1954 αὐ-

211 1965 289 2001 τοὺς
319 1966 399 1999 libri
422 1976 549 2008 omnes.
581 1965 668 1999 conf.
693 1965 840 1999 Schoe-

210 2022 343 2045 mann.
372 2010 415 2044 ad
444 2011 579 2046 Isaeum
608 2021 642 2053 p.
668 2009 743 2044 185.
777 2010 841 2044 El-

210 2056 338 2092 lendt.
362 2054 406 2090 ad
428 2055 562 2089 Arrian.
585 2055 611 2088 1.
634 2065 667 2098 p.
690 2053 745 2089 48.

254 2146 322 2178 nal
356 2143 509 2178 τούτου
543 2146 616 2177 τοῦ
647 2142 778 2187 λόγου
804 2145 844 2175 τί

210 2188 261 2222 ἄν
284 2188 360 2234 ἀλ.]
385 2190 437 2222 Et
459 2188 562 2232 quid
580 2191 724 2232 potest
742 2198 841 2221 esse

209 2235 288 2268 hae
342 2234 544 2268 oratione
591 2232 839 2273 absurdius,

210 2279 406 2312 homines
445 2278 582 2321 bonos
621 2283 661 2310 et
698 2277 840 2310 iustos

210 2325 372 2364 factos,
410 2323 628 2356 liberatos
660 2333 735 2365 per
763 2331 840 2354 ma—

209 2369 392 2412 gistrum
422 2368 473 2400 ab
497 2366 744 2409 iniustitia,
774 2376 841 2398 na-

211 2418 300 2447 ctos
340 2423 440 2446 vero
484 2412 720 2453 iustitiam,
767 2421 841 2454 per

210 2457 322 2491 illud
360 2457 743 2491 alteri-iniuriam
782 2456 840 2488 in-

211 2504 342 2543 ferre,
385 2501 494 2544 quod
539 2512 619 2535 non
656 2500 845 2545 habent?

172 2547 277 2581 'Pro
321 2547 377 2579 »ἐπὶ
423 2545 756 2588 Heindorfius
807 2547 842 2577 et

211 2590 365 2626 Astius
395 2593 502 2624 καίτοι
525 2591 734 2634 scripserunt
754 2588 841 2622 invi—

210 2639 254 2671 tis
268 2635 455 2671 codicibus.
490 2635 568 2669 Noli
582 2635 734 2668 imitaris
754 2634 841 2668 Nam

210 2693 311 2725 saepe
334 2680 394 2716 καί
412 2681 448 2714 in
471 2679 637 2724 principio
659 2679 842 2714 sententia:

909 1663 941 1695 p.
965 1652 1019 1685 29.
1043 1653 1087 1684 B:
1124 1649 1200 1685 οἶδε
1230 1653 1296 1695 γὰρ
1329 1650 1447 1685 οὐδεὶς
1480 1650 1541 1683 τὸν

909 1695 1066 1729 θάνατον
1085 1715 1129 1721 -
1144 1695 1194 1729 ὅτι
1207 1696 1368 1740 μέγιστον
1391 1700 1459 1730 τῶν
1482 1708 1539 1729 κα·

909 1743 981 1775 κῶν
1019 1740 1100 1775 ἐστι.
1135 1741 1190 1774 καὶ
1231 1744 1328 1775 τοῦτο
1368 1744 1440 1775 πῶς
1476 1738 1540 1774 οὐκ

908 1784 1042 1826 ἀμαθία
1077 1785 1171 1819 ἐστὶν
1204 1784 1289 1829 αὕτη
1324 1782 1345 1828 ἡ
1374 1784 1542 1819 ἐπονείδι-

911 1841 1005 1871 στος;
1028 1830 1089 1864 ubi
1103 1842 1136 1864 v.
1149 1836 1263 1864 annot.
1300 1830 1430 1864 Deinde
1454 1841 1540 1874 eave

908 1879 985 1918 post
1013 1876 1069 1918 εἴη
1098 1878 1236 1919 πρᾶγμα
1265 1875 1421 1908 voculam
1447 1873 1467 1918 ἦ
1490 1875 1540 1908 in-

909 1931 1001 1954 seras
1056 1925 1116 1953 aut
1164 1930 1243 1953 cum
1287 1919 1538 1957 Matthiaeo

908 1976 940 2008 p.
971 1963 1048 1999 846.
1091 1971 1126 1998 et
1160 1964 1457 1998 Schoemanno
1495 1964 1539 1998 ad

908 2011 1042 2052 Isaeum
1055 2020 1090 2052 p.
1104 2007 1179 2043 188.
1199 2010 1358 2043 omissam
1380 2009 1539 2053 opineris.

910 2055 1023 2100 Quum
1057 2054 1146 2098 enim
1174 2052 1280 2087 haec:
1323 2054 1378 2087 καὶ
1417 2052 1543 2087 τούτουΔ

909 2102 969 2132 τοῦ
986 2096 1101 2142 ·λο’γου
1126 2096 1223 2132 τῖ’ἆι·
1246 2095 1462 2142 ἀλογώτερον
1484 2097 1540 2140 εἴη

908 2145 1065 2186 πρᾶγμα,
1086 2143 1176 2176 idem
1198 2142 1269 2183 sint
1291 2142 1380 2186 quod
1403 2143 1459 2176 καὶ
1479 2136 1540 2175 οὔ·

909 2199 963 2222 τος
994 2185 1013 2219 ό
1044 2185 1143 2231 λόγος
1172 2185 1380 2231 α’λογαὶτατος
1402 2185 1449 2220 ἂν
1471 2188 1537 2231 εἴη,

908 2234 991 2265 satis
1027 2236 1166 2275 apparet
1198 2233 1283 2266 ista:
1323 2229 1539 2275 ἀνθρώπους

907 2273 1065 2320 ἀγαθοὺς
1083 2289 1112 2309 κ.
1133 2289 1157 2310 τ.
1174 2278 1213 2316 2„
1236 2278 1310 2311 sine
1335 2275 1356 2321 ἢ
1377 2276 1539 2320 subiungi

906 2322 1069 2365 potuisse.
1102 2321 1160 2355 Sic
1181 2322 1359 2355 Lueian.
1382 2320 1539 2354 Abdicat-

909 2365 947 2400 l:
972 2361 1016 2398 οὗ
1041 2368 1074 2398 τί
1091 2363 1212 2410 γένοιτ’
1239 2363 1285 2400 ἄν
1306 2363 1537 2420 ᾆτοποὶτερον,

908 2408 1123 2453 θεραπεύειν
1137 2409 1176 2443 ἐκ
1191 2411 1441 2455 noos-taratara&
1456 2407 1536 2442 οὐκ·

909 2453 962 2489 ἔθ’
996 2453 1043 2490 ὦς
1075 2452 1094 2499 ἡ
1123 2455 1221 2512 τέχνη
1242 2453 1419 2502 βούλεταις
1450 2454 1484 2487 h.
1508 2465 1536 2487 e.

908 2503 1007 2532 τοῦτο
1037 2500 1077 2533 δὲ
1102 2499 1211 2543 γένοιτ
1244 2497 1290 2534 ἄν
1311 2496 1537 2542 ἀτοπώτατον,

908 2542 1124 2586 θεραπεύειν
1147 2545 1212 2578 κτλ.
1240 2543 1330 2578 conf.
1353 2542 1538 2577 Fritsch.

909 2590 1060 2630 Quaestt.
1095 2589 1179 2622 Luc.
1206 2599 1240 2632 p.
1271 2584 1324 2622 19.
1376 2588 1538 2622 Eiusdem

907 2634 1141 2712 fergogeneris
1163 2638 1244 2667 sunt
1265 2644 1352 2677 quae
1375 2633 1474 2676 attigi
1495 2632 1537 2666 ad
