1702 2924
266 227 342 264 156
807 228 1063 267 PLATONIS

193 333 235 375 D
264 333 376 386 λόγῳ
404 330 616 386 ἐπιλαβοῦ.
657 334 692 374 εἰ
727 333 809 387 γὰρ
847 333 929 388 ἐγὼ
965 333 1012 377 ἐν
1038 335 1174 389 α’γορᾴ
1199 336 1423 390 πληθούσῃ
1450 336 1592 389 λαβὼν

259 396 342 438 ὑπὸ
380 399 514 450 μάλης
553 395 797 451 ἐγχειρίδιον
834 399 994 453 λέγοιμι
1031 400 1139 451 πρὸς
1176 397 1239 449 σὲ,
1280 395 1343 440 ὅτι
1370 392 1423 440 Ὦ
1453 402 1590 449 Πῶλε,

261 460 352 515 ἐμοὶ
390 461 568 515 δύναμίς
609 477 670 510 τις
706 463 774 503 καὶ
812 462 1012 514 τυραννὶς
1046 463 1266 516 θαυμασία
1298 466 1391 516 ἄρτι
1418 462 1588 517 προςγέ-

260 539 406 579 γονεν·
452 524 527 567 ἐὰν
563 526 646 579 γὰρ
683 529 766 580 ἄρα
803 525 895 581 ἐμοὶ
935 528 1036 582 δόξῃ
1071 527 1165 569 τινὰ
1201 527 1382 569 τουτωνὶ
1407 531 1492 570 τῶν
1519 529 1590 570 α’ν-

258 590 448 642 θρώπων
470 582 532 631 ὧν
553 590 607 631 σὺ
629 590 730 643 ὁρᾷς
752 591 902 632 αὐτίκα
921 592 1031 645 μάλα
1051 591 1140 633 δεῖν
1159 593 1376 640 τεθνάναι,
1403 592 1592 646 τεθνήξει

259 648 397 705 οὗτος,
428 652 480 695 ὃν
508 654 563 696 ἂν
589 655 712 709 δόξῃ·
753 658 834 697 κᾶν
861 670 955 696 τινα
981 655 1081 711 δόξῃ
1108 671 1181 710 μοι
1207 662 1281 710 τῆς
1307 659 1492 710 κεφαλῆς
1519 657 1590 698 αύ-

258 721 344 759 τῶν
370 717 616 773 κατεαγέναι
644 720 754 770 δεῖν,
791 720 1003 773 κατεαγὼς
1030 718 1144 762 ἔσται
1171 721 1322 762 αὐτίκα
1348 722 1471 774 μάλα,
1509 721 1592 763 κᾶν

258 782 484 835 θοίμάτιον
504 783 749 836 διεσχίσθαι,
778 782 1064 838 διεσχισμένον
1088 782 1220 826 ἔσται·
1248 783 1359 825 οὕτω
1378 782 1485 838 μέγα
1507 783 1589 838 ἐγὼ

191 846 230 887 Ε
261 847 445 900 δύναμαι
483 847 530 889 ἐν
564 849 661 903 τῇδε
694 855 744 902 τῇ
784 850 920 890 πόλει·
961 849 996 889 εἰ
1033 845 1114 890 οὖν
1140 848 1390 890 ἄπιστοῦντί
1415 858 1482 890 σοι
1509 850 1588 891 δεί-

258 911 369 964 ξαιμι
406 912 452 952 τὸ
490 910 756 966 ἐγχειρίδιον,
795 913 894 961 ἴσως
922 912 976 953 ἂν
1004 913 1138 960 εἴποις
1164 911 1289 961 ἰδὼν,
1330 909 1395 953 ὅτι
1416 905 1469 953 Ὦ,
1498 914 1589 955 Σώ-

257 990 423 1029 κρατες,
462 976 574 1018 οὕτω
609 976 686 1030 μὲν
723 978 875 1026 πάντες
916 976 970 1018 ἂν
1005 975 1110 1031 μέγα
1139 977 1360 1027 δύναιντο,
1397 976 1483 1019 ἐπεὶ
1509 977 1591 1019 κᾶν

258 1039 518 1094 ἐμπρησθείη
557 1041 668 1082 οἰκία
705 1043 843 1095 τούτῳ
876 1043 936 1098 τῷ
961 1042 1105 1097 τρόπῳ
1132 1038 1263 1095 ἥντιν’
1291 1044 1346 1082 ἄν
1374 1051 1441 1082 σοι
1467 1043 1588 1096 δοκῇ,

257 1104 327 1145 καὶ
363 1106 414 1146 τά
452 1120 499 1158 γε
531 1101 772 1159 Ἀθηναίων
806 1107 961 1158 νεώρια
987 1105 1057 1147 καὶ
1083 1106 1262 1159 τριήρεις
1289 1106 1359 1147 καὶ
1385 1105 1435 1146 τὰ
1463 1110 1589 1147 πλοῖα

256 1170 394 1210 πάντα
426 1170 496 1211 καὶ
533 1169 584 1211 τὰ
623 1170 804 1223 δημόσια
837 1169 908 1212 καὶ
934 1170 985 1211 τὰ
1012 1170 1111 1212 ἴδια.
1150 1166 1234 1211 ἀλλ’
1264 1170 1343 1212 οὐκ
1370 1172 1453 1223 α”ρα
1477 1166 1590 1212 τοῦτ’

325 1310 376 1350 τῷ
400 1305 511 1350 λόγῳ
536 1306 768 1352 ἐπιλαβοῦ]
792 1307 950 1341 Budaeus
964 1307 1191 1341 Commentar.
1209 1307 1310 1351 Ling.
1330 1307 1450 1341 Graec.
1469 1318 1501 1350 p.
1514 1307 1590 1341 290.

256 1356 289 1384 et
319 1352 504 1385 Cornarius
535 1353 622 1385 coni.
646 1356 713 1384 τῶν
736 1351 864 1396 λόγων,
897 1351 1062 1395 probante
1085 1352 1301 1393 Heindorfio,
1332 1353 1392 1385 sed
1419 1363 1450 1384 v.
1475 1357 1590 1385 annot.

255 1397 331 1429 Par.
356 1397 398 1429 V.
423 1400 482 1429 τοῦ
505 1396 608 1449 λόγου
634 1408 736 1439 supra
759 1407 906 1430 versum.

322 1442 364 1473 D.
414 1442 620 1484 τεθνήξει
651 1438 800 1485 οὗτος]
843 1442 901 1474 Sic
936 1451 1014 1473 oum
1045 1440 1160 1473 Clark.
1192 1445 1226 1474 et
1256 1441 1333 1473 Vnt.
1366 1441 1459 1473 codd.
1490 1441 1590 1484 pleri·

256 1496 321 1527 que
345 1496 472 1518 omnes.
517 1486 610 1519 Vett.
634 1486 726 1519 editt.
751 1485 960 1529 τεθνήξεται.
983 1496 1015 1518 v.
1038 1486 1182 1528 interpp.
1207 1485 1359 1519 Thomae
1381 1486 1474 1529 Mag.
1497 1487 1533 1518 in
1556 1497 1590 1520 V.

257 1531 342 1563 τεθν
357 1529 463 1572 fetae.

323 1543 393 1618 123
417 1587 462 1607 κε
473 1576 608 1618 φαλῆς
631 1572 680 1607 αὖ
692 1578 741 1608 τοῦ
752 1574 782 1618 ν]
807 1575 884 1607 Pur.
899 1575 938 1607 E.
954 1585 1019 1607 rec.
1036 1571 1097 1617 τὴν
1111 1572 1274 1616 κεφαλήν.
1298 1574 1364 1607 Pro
1381 1574 1588 1617 κατεαγέναι,

257 1700 379 1744 δόξῃ,
420 1702 480 1733 int.
513 1699 679 1734 τεθνάναι
704 1701 790 1734 δεῖν.
836 1702 888 1734 De
957 1711 990 1733 v.
1020 1699 1114 1741 597„
1159 1701 1218 1743 qui
1261 1701 1408 1733 activam
1445 1701 1587 1735 formam

256 1747 369 1779 futuro
394 1744 571 1789 τεθνήξει,
604 1745 694 1788 quod
716 1747 752 1778 in
775 1746 887 1778 locum
957 1746 1063 1778 veteri
1087 1745 1233 1778 dialecto
1256 1746 1390 1778 Atticae
1413 1746 1589 1779 vindicare

256 1792 384 1824 formae
421 1792 531 1834 magis
569 1791 800 1833 frequentatae
838 1802 887 1822 τε·

256 1834 419 1879 θιιήξεται
433 1835 682 1874 substituimus,
697 1846 729 1868 v.
740 1836 778 1868 M
786 1835 888 1869 atth.

257 1881 315 1914 Gr.
348 1880 447 1923 ampl.
479 1881 520 1912 T.
545 1881 570 1914 Ι.
603 1890 635 1922 p.
658 1878 734 1914 465.
766 1885 800 1912 et
830 1880 887 1921 qui

255 1925 304 1957 ibi
321 1925 514 1957 laudantur.
548 1925 587 1956 In
602 1924 677 1958 cod.
700 1925 807 1957 Paris.
832 1923 889 1956 ad-

256 1970 436 2012 scriptum:
470 1967 692 2022 ἑνεργητικὸν
722 1966 798 2002 α’ντὶ
825 1980 886 2001 πα-

256 2015 400 2056 θητικοῦ
426 2026 438 2046 ι
449 2025 465 2046 ε
474 2014 502 2045 θ
512 2026 530 2044 υ
539 2026 558 2056 η
569 2015 612 2054 ξε
622 2026 636 2045 τ
644 2025 664 2045 α
672 2025 682 2045 ι
705 2024 887 2054 καινοπρε-

257 2062 328 2093 nais·
353 2057 574 2101 παρελήφθη.
603 2058 887 2090 Thierschius

257 2104 406 2136 Gramm.
425 2113 457 2145 p.
472 2101 549 2135 513.
571 2102 622 2134 ed.
644 2103 704 2135 111.
729 2100 887 2144 τεθνήξει

255 2147 361 2180 futuri
390 2147 507 2190 primi,
547 2144 745 2189 τεθνήξεται
774 2147 886 2179 autem

255 2192 360 2224 futuri
395 2191 486 2224 tertii
515 2192 584 2223 vim
616 2195 649 2223 et
672 2191 887 2234 significatio-

255 2247 333 2269 nem
369 2235 494 2269 habere
535 2234 727 2268 arbitratur.
787 2234 886 2275 Quod

255 2281 434 2314 discrimen
466 2281 495 2313 si
518 2290 635 2312 verum
659 2284 728 2319 est,
762 2277 885 2321 τεθνή-

256 2326 345 2366 ξεται
376 2325 431 2358 vel
462 2330 598 2367 propter
626 2325 781 2367 proxima
809 2324 886 2363 ista,

255 2369 424 2413 κατεαγὼς
463 2369 555 2401 ἔσται
591 2373 625 2400 et
655 2368 887 2411 διεσχισμένον

255 2415 358 2451 ἔσται,
381 2413 594 2446 retinendum
617 2414 691 2446 erit.
727 2412 795 2446 Sed
817 2422 886 2445 non

252 2463 412 2501 putamus
441 2459 550 2490 virum
574 2459 747 2501 egregium
769 2467 886 2490 verum

253 2503 392 2543 vidisse,
415 2502 688 2544 quandoquidem
711 2502 813 2535 etiam
837 2512 887 2534 τε·

255 2546 379 2591 θνήξει
424 2557 466 2580 ea
506 2546 754 2589 significatione
791 2556 886 2579 usur-

255 2596 372 2635 patur,
402 2596 442 2624 ut
471 2591 532 2624 sit:
570 2596 762 2624 mortuus
790 2591 888 2631 erit,

255 2637 289 2669 h.
318 2647 347 2670 e.
384 2636 535 2669 statim
570 2635 888 2669 interficietur.

255 2692 288 2713 V.
319 2682 484 2713 Dawes.
517 2680 664 2712 Miscell.
695 2690 728 2722 p.
759 2678 813 2713 96.
855 2683 890 2712 et

256 2725 346 2760 Elm
358 2725 453 2760 slei.
477 2724 521 2758 ad
544 2724 717 2767 Aristoph.
740 2724 888 2757 Acheru.

957 1790 1097 1823 studuit.
1122 1790 1317 1823 Formulam
1332 1790 1590 1833 κατεαγέναι

957 1838 1026 1877 τῆς
1044 1836 1231 1878 κεφαλῆς
1246 1834 1431 1867 illustravit
1443 1835 1586 1868 Matth.

956 1882 987 1919 §-
1010 1878 1087 1912 338.
1111 1884 1226 1912 annot.
1271 1880 1324 1912 De
1354 1880 1463 1912 forma
1491 1879 1588 1912 verbi

954 1934 986 1956 v.
1027 1923 1169 1956 eundem
1209 1924 1395 1957 Grammat.
1434 1924 1588 1967 amplior.

955 1969 996 2001 T.
1018 1969 1045 2002 L
1074 1979 1107 2011 p.
1129 1966 1207 2001 429.
1251 1968 1364 2011 Vulgo
1394 1969 1486 2001 enim
1515 1979 1588 2011 per-

954 2023 1068 2056 peram
1091 2015 1303 2055 κατεαγῆναι.

998 2058 1039 2090 Ε.
1075 2057 1144 2089 καὶ
1171 2055 1381 2099 τριήρεις]
1406 2055 1587 2090 Desideres

956 2101 1138 2134 articulum
1160 2101 1304 2142 ideoque
1334 2110 1413 2133 eum
1436 2100 1586 2134 Schne—

954 2147 1045 2179 ἴοι-ο
1075 2145 1117 2178 ad
1148 2145 1307 2188 Apellen.
1339 2144 1445 2180 Rhod.
1477 2146 1519 2178 Τ.
1542 2146 1587 2179 11.

952 2201 985 2233 p.
1009 2188 1085 2223 164.
1107 2189 1324 2223 scribendum
1350 2194 1447 2232 putes
1471 2191 1526 2222 καὶ
1550 2190 1590 2223 αι’

954 2233 1109 2276 τριήρεις.
1133 2233 1275 2267 Addidit
1288 2233 1468 2267 articulum
1484 2235 1585 2267 etiam

953 2279 1125 2312 Coi-nes.
1172 2279 1352 2311 Desectam
1375 2283 1487 2311 tamen
1510 2280 1585 2312 eius

952 2333 1117 2356 excusare
1167 2327 1308 2356 conatus
1358 2327 1411 2356 est
1455 2323 1585 2356 Bern-

953 2367 1091 2410 hardy
1123 2367 1314 2410 Syntaxeos
1342 2377 1374 2410 p.
1403 2365 1481 2400 318.
1526 2367 1585 2399 Ni·

953 2409 1584 2489 fflssgfflffizfflzffiff

1394 2479 1403 2495 ‚
1574 2475 1586 2480 -

954 2511 1054 2543 quam
1071 2511 1175 2534 unum
1195 2500 1354 2543 quidam
1377 2505 1584 2542 spectantur,

954 2546 1037 2588 quia
1080 2546 1115 2578 in
1154 2544 1337 2578 navalibus
1371 2544 1583 2577 Athenarum

954 2595 1044 2623 stare
1073 2590 1226 2623 triremes
1255 2587 1422 2623 solebant.
1482 2589 1585 2622 Xeu.

954 2634 1047 2667 Hell.
1070 2635 1128 2674 IV,
1151 2633 1184 2675 4,
1208 2632 1267 2668 192
1294 2630 1351 2667 nde
1373 2631 1522 2675 τριήρεις
1546 2632 1584 2666 ἐκ

957 2683 1024 2711 τῶν
1046 2680 1204 2719 νεωρίων
1222 2674 1473 2719 ἐξελκύσαντες.
1500 2677 1584 2710 Inde

955 2724 1054 2757 Plato
1078 2723 1185 2756 Critias
1208 2720 1283 2756 117.
1307 2722 1357 2755 D:
1398 2718 1437 2754 τὰ
1460 2721 1584 2763 νεώρια
