1722 2964
180 70 264 116 136
727 77 1032 115 PLATOle

179 185 400 247 ἀμήχανος
424 187 630 247 συμφορὰ
654 190 838 248 καθέλῃ,
863 187 946 235 οὐκ
964 193 1055 236 ἔστι
1076 188 1136 247 μὴ
1159 188 1212 235 οὐ
1231 188 1367 237 κακὸν
1383 195 1577 250 ἔμμεναι

179 251 237 300 σύ
267 254 318 301 δὲ
349 253 452 314 φῄς,
483 249 518 300 ὦ
549 257 763 312 Πιττακέ,
801 254 991 314 χαλεπὸν
1021 254 1184 302 ἐσθλόν
1216 260 1414 315 ἔμμεναι·
1460 256 1508 304 τὸ
1531 257 1572 304 δ’

178 326 271 367 ἔστι
294 323 505 380 γενέσθαι
536 322 618 379 μὲν
640 320 852 379 χαλεπόν,
885 321 1076 369 δυνατὸν
1107 322 1155 368 δὲ
1180 321 1365 380 ἐσθλόν,
1398 329 1579 382 ἔμμεναι

178 387 229 434 δὲ
252 386 486 434 ἀδύνατον.

426 452 593 513 πράξας
615 454 697 513 μὲν
718 453 802 514 γὰρ
827 448 880 502 εὖ
904 457 986 508 πᾶς
1010 453 1122 514 ἀνὴρ
1146 454 1336 513 ἀγαθός,

423 518 554 574 κακὸς
578 519 619 565 δ’
649 525 691 566 εἰ
711 524 865 575 κακῶς.

93 593 240 640 345τίς
273 581 356 632 οὖν
387 591 450 640 εἰς
476 586 707 646 γράμματα
738 586 886 646 ἀγαθὴ
909 590 1063 647 πρᾶξίς
1095 591 1207 645 ἐστι,
1239 589 1313 633 καὶ
1341 592 1406 642 τίς
1436 586 1579 647 ἄνδρα

178 651 352 711 ἀγαθὸν
376 665 496 699 ποιεῖ
517 658 579 708 εἰς
603 652 854 713 γράμματα;
880 658 1015 713 δῆλον
1037 653 1102 700 ὅτι
1133 654 1160 712 ἡ
1183 652 1351 701 τούτων
1372 654 1575 713 μάθησις.

174 725 241 773 τίς
274 721 323 766 δὲ
354 719 572 779 εὐπραγία
603 719 775 778 ἀγαθὸν
808 721 958 780 ἰατρὸν
987 732 1122 775 ποιεῖς
1171 724 1307 778 δῆλον
1336 740 1403 767 οτι
1432 720 1459 779 ἡ
1489 725 1578 768 τῶν

172 785 431 845 καμνόντων
451 790 527 845 τῆς
551 793 792 845 θεραπείας
806 786 1010 846 μάθησις.
1045 786 1198 841 κακὸς
1218 788 1273 833 δὲ
1289 790 1474 840 κακῶς.
1509 796 1577 842 τίς

171 847 255 899 οὖν
271 873 327 899 αν
345 852 475 906 κακὸς
492 853 636 913 ἰατρὸς
656 856 846 936 ye‘vpcrm
866 853 1041 912 δῆλον”
1016 873 1081 900 οτι
1098 848 1134 899 ὦ
1148 857 1323 913 πρῶτον
1336 853 1458 912 μὲν”
1433 853 1578 912 υπᾶρ-

169 938 236 978 χει
255 923 389 982 ἰατρῷ
408 920 536 976 εἶναι,
555 924 703 966 ἔπειτα
721 919 876 981 ἀγαθῷ
897 923 1042 981 ἰατρῷ.
1068 903 1193 974 οὗτος
1206 918 1347 979 γαρᾶν
1359 922 1433 966 καὶ
1447 920 1577 974 κακὸς

167 989 359 1044 γένοιτο,
400 985 524 1045 ἡμεῖς
557 987 605 1032 δὲ
628 990 675 1031 οἱ
699 989 892 1044 ἰατρικῆς
925 989 1093 1032 ἰδιῶται
1122 985 1203 1032 οὐκ
1226 985 1283 1032 ἅν
1305 1005 1408 1032 ποτε
1431 991 1576 1045 γενοί-

166 1060 286 1111 μεθα
310 1055 452 1105 κακῶς
476 1050 716 1113 πράξαντες
732 1051 832 1099 οὔτε
857 1054 996 1113 ἰατροὶ
1013 1051 1113 1098 οὔτε
1127 1054 1324 1106 τέκτονες
1347 1051 1448 1099 οὔτε
1469 1052 1575 1099 ἄλλο

257 1182 347 1226 Cap.
371 1183 484 1218 XXX.
531 1184 573 1217 E.
611 1178 671 1226 μὴ
697 1177 747 1216 οὗ
771 1178 915 1217 κακὸν
938 1180 1149 1226 ἔμμεναι]
1191 1182 1253 1216 Sic
1277 1182 1379 1217 codd.
1411 1181 1577 1225 plerique

166 1236 233 1270 pro
249 1228 348 1279 vulg.
369 1224 481 1261 εἶναι.

255 1267 304 1305 τὸ
328 1267 368 1305 δ’
385 1267 484 1305 ἐστὶ
510 1269 749 1323 γενέσθαι
758 1283 798 1315 μ.
814 1269 875 1316 -]
901 1271 963 1305 Sic
979 1271 1083 1305 Bodl.
1101 1271 1208 1305 vind.
1226 1271 1338 1304 Coisl.
1369 1271 1506 1322 Vulgo:
1532 1265 1575 1304 τὸ

166 1311 207 1349 δ’
224 1310 303 1350 ἐστὶ
319 1314 502 1359 γενέσθαι
521 1313 591 1359 μὲν
607 1311 792 1360 χαλεπόν,
811 1311 979 1350 δυνατὸν
996 1314 1058 1349 δέ·
1091 1310 1232 1349 ἐσθλὸν
1248 1310 1287 1348 δ’
1306 1313 1462 1358 ἔμμεναι
1479 1309 1576 1348 ἀδό-

165 1371 296 1403 νατον,
313 1371 422 1394 sensu
438 1362 515 1394 fere
536 1361 674 1394 eodem.
709 1361 983 1394 Schneidewino
1001 1363 1150 1393 auctore
1169 1359 1339 1402 (coniect.
1354 1361 1436 1392 crit.
1452 1370 1486 1402 p.
1497 1358 1576 1399 152)

166 1405 368 1440 Hermann.
385 1408 424 1439 et
440 1405 621 1448 Sauppius
638 1400 782 1439 ἐσθλόν
799 1406 984 1439 exstinxei
986 1408 1062 1439 unt

240 1511 321 1551 ,τὸ
339 1510 379 1549 δ’
397 1512 493 1549 ἔστι
510 1513 736 1559 γενέσθαι
752 1512 834 1558 μὲν

205 1516 295 1594 EIn
311 1560 369 1593 his
392 1556 433 1594 τὸ
452 1557 515 1602 δέ,
540 1571 603 1612 pro
652 1571 697 1593 uo
722 1561 834 1592 inter-

186 1614 246 1637 um
255 1604 401 1647 plenius
415 1605 550 1637 dicitur
563 1600 604 1637 τὸ
616 1604 639 1637 δ
673 1599 832 1647 αληθές,

159 1650 204 1681 ut
217 1615 279 1682 deP
277 1649 368 1692 Rep.
384 1659 420 1692 p
438 1650 555 1682 4431).
573 1650 666 1682 Tim.
685 1659 717 1690 p.
736 1649 833 1689 861),

159 1703 322 1726 seorsum
344 1694 391 1727 ab
417 1693 502 1726 aliis
527 1692 779 1735 accipiendum
797 1695 835 1725 et

158 1737 471 1781 interpretandum
496 1740 554 1770 est
576 1738 668 1770 ‘imo
693 1747 722 1771 s.
747 1737 834 1779 quin

157 1783 229 1816 imo
239 1781 261 1822 ',
285 1792 358 1824 qua
372 1782 410 1815 vi
426 1782 517 1815 haec
539 1781 697 1814 formula
720 1791 831 1823 saepe

159 1836 183 1859 a
204 1826 363 1860 Platone
393 1826 517 1869 posita
548 1829 622 1867 est,
655 1828 696 1858 ut
725 1824 831 1867 Apol.

157 1881 193 1913 p.
212 1872 255 1904 23
271 1871 319 1910 A,
353 1870 398 1903 de
413 1871 503 1913 Leg.
521 1871 586 1902 642
599 1870 646 1908 A,
678 1870 723 1902 de
740 1870 830 1912 Rep.

157 1916 224 1948 340
238 1915 291 1956 D,
324 1915 456 1956 quibus
489 1915 579 1947 loeis
608 1914 828 1947 Stallbaum.

156 1959 254 1992 hunc
270 1969 375 1992 usum
391 1959 606 1992 illustravit.
637 1959 743 1991 Haec
759 1959 828 2000 igi—

156 2005 217 2036 tur
229 2003 399 2036 Socrates
415 2003 520 2035 dicit:
539 2004 620 2041 imo,
637 2006 678 2035 ut
696 2002 831 2036 evadat

157 2048 238 2090 quis
253 2048 389 2087 bonus,
414 2048 485 2080 etsi
500 2047 650 2080 difficile
676 2050 747 2086 est,
773 2050 829 2079 ta—

155 2102 239 2125 men
255 2092 334 2125 fieri
349 2073 491 2135 p6test;
507 2094 549 2124 ut
564 2092 614 2124 sit
629 2092 669 2131 (i.
688 2102 720 2125 e.
737 2101 828 2124 sem—

156 2146 223 2179 per
238 2135 422 2188 maneat),
439 2134 518 2169 fieri
532 2145 604 2168 non
619 2138 753 2186 potest

201 2175 381 2268 uodEJoec
411 2161 493 2223 μὲν
521 2175 604 2223 γὰρ
636 2170 685 2212 εὖ
715 2196 760 2202 --
791 2176 831 2211 εἰ

156 2235 306 2263 nautas
362 2225 467 2258 Haec
499 2234 644 2266 quoque
676 2223 830 2255 Simoni-

157 2268 227 2302 dea
250 2279 331 2302 esse
347 2269 484 2312 primus
508 2268 633 2301 docuit
648 2267 754 2300 Schl
766 2268 830 2299 ei-

158 2313 457 2348 ermacherus.
517 2313 660 2356 Quippe
699 2312 732 2344 si
770 2321 826 2344 es-

157 2360 241 2390 sent
279 2357 443 2390 Socratis
480 2358 611 2398 verba,
664 2356 829 2399 proxima

157 2401 358 2444 disputatio
381 2411 453 2434 non
483 2401 635 2434 haberet
659 2410 828 2443 quorsum

157 2445 341 2479 commode
388 2446 597 2478 referretur.
674 2444 829 2477 Accedit

157 2490 254 2532 quod
270 2500 352 2523 mox
367 2489 461 2523 haee
484 2491 708 2522 inferuntur:
732 2498 826 2522 ωστε

154 2532 235 2568 καὶ
251 2533 388 2568 τοῦτο
404 2533 482 2567 τοῦ
508 2528 727 2585 ᾅσματος
733 2528 826 2575 πρὸς

155 2577 269 2612 τοῦτο
272 2572 451 2631 τείνει,”
428 2589 487 2612 οτι
505 2568 603 2611 ε’ἷναι
616 2574 686 2620 μὲν
701 2571 826 2620 ἄνδρα

155 2617 310 2676 αγαθόν
326 2633 371 2656 ου
411 2617 496 2656 οἶόν
511 2632 551 2656 τε
574 2621 825 2655 διατελοῦντα

154 2677 203 2711 αγ
205 2662 310 2701 αθόν
321 2679 364 2701 n
402 2677 525 2710 ‚quae
541 2677 682 2699 omnem
699 2666 743 2699 de
757 2666 827 2699 hac

156 2722 271 2745 causa
286 2712 420 2745 tollunt
442 2711 723 2746 dubitationem.
752 2711 823 2743 Vo-

154 2756 240 2790 cula
253 2753 289 2791 εἰ
299 2760 383 2790 ante
393 2755 516 2794 κακῶς
527 2756 773 2798 interponitur
784 2756 826 2787 ut

902 1516 934 1547 si
947 1515 1210 1557 praecessisset
1224 1510 1334 1556 εἰμὲν
1341 1508 1412 1556 γὰρ
1422 1510 1572 1555 ἔπραξε.

901 1560 1029 1601 Neque
1051 1568 1203 1591 necesse
1228 1561 1302 1596 est,
1334 1561 1376 1590 ut
1398 1559 1436 1589 in
1452 1558 1572 1600 proxi-

901 1604 968 1636 mis
980 1630 987 1643 ,
1005 1603 1068 1636 ubi
1085 1603 1255 1635 Socrates
1271 1602 1364 1635 haec
1378 1611 1442 1635 suo
1459 1611 1571 1642 more,

900 1648 935 1680 h.
969 1658 999 1681 e.
1038 1648 1203 1680 oratione
1234 1646 1411 1689 pedestri,
1449 1646 1572 1684 iterat,

902 1689 939 1725 εἰ
954 1695 1039 1725 ante
1062 1690 1187 1729 κακῶς
1211 1689 1426 1723 intrudatur.
1452 1689 1571 1722 scama.

901 1735 1122 1777 Simonides,
1146 1735 1207 1777 qui
1230 1744 1369 1767 omnem
1391 1734 1572 1766 hominem

903 1781 1071 1813 fortunae
1104 1760 1297 1812 6bnoxium
1329 1788 1409 1811 esse
1441 1777 1571 1815 voluit,

899 1828 940 1857 ut
952 1826 1131 1858 neminem
1149 1824 1185 1855 in
1202 1823 1338 1866 insigni
1356 1822 1570 1855 calamitate

898 1873 1103 1902 versantem
1125 1868 1257 1900 bonum
1281 1877 1362 1900 esse
1385 1875 1492 1909 posse
1515 1865 1571 1898 di·

898 1917 1016 1953 ceret,
1050 1912 1095 1944 ad
1118 1911 1338 1944 sententiam
1361 1921 1464 1943 suam
1486 1920 1568 1952 pro-

895 1957 1053 1990 bandam
1078 1957 1316 1998 ambiguitate
1344 1954 1570 1988 locutionum

899 1994 941 2034 εὖ
971 1996 1152 2044 πράσσειν
1174 2004 1212 2034 et
1232 2000 1377 2050 κακῶς,
1384 1993 1570 2049 πράσσειν

897 2046 1047 2078 multum
1079 2045 1293 2083 adiuvatur;
1334 2034 1377 2077 εὖ
1407 2037 1567 2085 πράξας,

896 2091 1026 2132 inquit,
1043 2090 1159 2123 bonus
1176 2092 1245 2128 est;
1271 2091 1391 2120 utrum
1407 2097 1496 2120 vero
1512 2088 1568 2119 ίιι-

898 2134 1120 2176 telligendue
1140 2133 1190 2165 sit
1205 2133 1254 2174 is,
1272 2135 1370 2164 recte
1388 2132 1451 2173 qui
1467 2131 1567 2163 fece-

898 2179 956 2219 rit,
975 2188 1021 2210 an
1038 2178 1071 2210 is
1085 2178 1147 2219 qui
1158 2177 1261 2209 nulla
1278 2175 1493 2209 calamitate
1510 2174 1567 2207 af-

897 2203 1017 2255 flic'tus
1034 2226 1085 2263 (v.
1103 2232 1137 2263 p.
1155 2223 1221 2255 344
1239 2220 1283 2262 C)
1302 2221 1399 2253 bona
1416 2229 1503 2252 usus
1519 2218 1569 2251 sit

897 2268 1062 2304 fortuna,
1097 2276 1141 2298 ea
1172 2265 1338 2298 omnibus
1371 2263 1567 2297 communis

898 2314 983 2344 est·
994 2311 1227 2343 existimatio.
1283 2308 1379 2341 Illud
1418 2307 1563 2340 Socrati

896 2355 1058 2398 placuit,
1091 2355 1151 2397 qui
1174 2357 1215 2386 ut
1238 2354 1407 2386 fortunae
1431 2352 1469 2384 in
1490 2350 1564 2382 vir-

895 2403 974 2432 tute
1007 2400 1108 2432 locus
1136 2399 1404 2439 relinqueretur
1429 2393 1564 2433 nullus

897 2444 940 2477 de
955 2454 1019 2476 suo
1036 2442 1187 2481 addidit,
1204 2452 1277 2474 una
1290 2440 1447 2474 scientia
1462 2442 1562 2471 recte

895 2488 1035 2520 factum
1052 2488 1121 2519 niti
1144 2487 1167 2519 i.
1186 2497 1218 2519 e.
1244 2489 1345 2519 recte
1363 2485 1483 2517 facere
1500 2493 1561 2514 ne

893 2533 1027 2565 minem
1058 2531 1131 2564 nisi
1161 2530 1318 2564 scientia
1346 2527 1562 2581 praeditum

893 2587 1007 2619 prave
1029 2577 1212 2608 neminem
1234 2574 1306 2607 nisi
1326 2572 1484 2606 scientia
1500 2571 1562 2603 de-

893 2623 1074 2653 stitutum.

936 2666 977 2700 P.
1013 2665 1089 2699 3‘45.
1129 2657 1236 2697 οὔτε
1275 2654 1384 2695 ἄλλο
1423 2654 1564 2693 ουδὲν

893 2708 980 2743 τῶν
1003 2703 1249 2751 τοιούτων]
1286 2705 1332 2740 Η.
1358 2715 1388 2737 e.
1418 2713 1562 2746 neque

891 2755 936 2787 in
953 2753 1047 2787 ulla
1071 2753 1164 2786 alia
1179 2748 1434 2786 huiusmodi
1451 2751 1561 2781 arte.
