<?xml version="1.0" encoding="UTF-8"?>
<!DOCTYPE html PUBLIC "-//W3C//DTD XHTML 1.0 Transitional//EN"
    "http://www.w3.org/TR/xhtml1/DTD/xhtml1-transitional.dtd">
<html xmlns="http://www.w3.org/1999/xhtml" xml:lang="en" lang="en">
 <head>
  <title>
</title>
<meta http-equiv="Content-Type" content="text/html;charset=utf-8" />
  <meta name='ocr-system' content='tesseract 3.04.00' />
  <meta name='ocr-capabilities' content='ocr_page ocr_carea ocr_par ocr_line ocrx_word'/>
</head>
<body>
  <div class='ocr_page' id='page_1' title='image "./operaomniarecens02platuoft_0040.png"; bbox 0 0 1682 2944; ppageno 0'>
   <div class='ocr_carea' id='block_1_1' title="bbox 256 197 1111 237">
    <p class='ocr_par' dir='ltr' id='par_1_1' title="bbox 256 197 1111 237">
     <span class='ocr_line' id='line_1_1' title="bbox 256 197 1111 237; baseline 0.005 -4"><span class='ocrx_word' id='word_1_1' title='bbox 256 199 307 234; x_wconf 82' lang='lat'><strong>34</strong></span> <span class='ocrx_word' id='word_1_2' title='bbox 720 197 1111 237; x_wconf 78' lang='lat' dir='ltr'>PROLEGOMENA</span> 
     </span>
    </p>
   </div>
   <div class='ocr_carea' id='block_1_2' title="bbox 255 307 1613 467">
    <p class='ocr_par' dir='ltr' id='par_1_2' title="bbox 255 307 1613 467">
     <span class='ocr_line' id='line_1_2' title="bbox 255 307 1582 360; baseline 0.001 -16"><span class='ocrx_word' id='word_1_3' title='bbox 255 307 466 345; x_wconf 72' lang='lat' dir='ltr'><strong>existimari</strong></span> <span class='ocrx_word' id='word_1_4' title='bbox 502 308 607 345; x_wconf 82' lang='lat' dir='ltr'><strong>nullo</strong></span> <span class='ocrx_word' id='word_1_5' title='bbox 645 308 756 346; x_wconf 90' lang='lat' dir='ltr'><strong>modo</strong></span> <span class='ocrx_word' id='word_1_6' title='bbox 782 308 941 358; x_wconf 84' lang='lat' dir='ltr'><strong>poterit,</strong></span> <span class='ocrx_word' id='word_1_7' title='bbox 978 309 1272 360; x_wconf 78' lang='lat' dir='ltr'><strong>haudquaquam</strong></span> <span class='ocrx_word' id='word_1_8' title='bbox 1310 308 1351 346; x_wconf 89' lang='lat' dir='ltr'><strong>in</strong></span> <span class='ocrx_word' id='word_1_9' title='bbox 1387 309 1459 347; x_wconf 88' lang='lat' dir='ltr'><strong>hoc</strong></span> <span class='ocrx_word' id='word_1_10' title='bbox 1486 309 1582 346; x_wconf 84' lang='lat' dir='ltr'><strong>libro</strong></span> 
     </span>
     <span class='ocr_line' id='line_1_3' title="bbox 255 362 1613 417; baseline 0.001 -17"><span class='ocrx_word' id='word_1_11' title='bbox 255 363 302 400; x_wconf 88' lang='lat' dir='ltr'><strong>de</strong></span> <span class='ocrx_word' id='word_1_12' title='bbox 331 363 510 401; x_wconf 84' lang='lat' dir='ltr'><strong>universa</strong></span> <span class='ocrx_word' id='word_1_13' title='bbox 537 362 743 410; x_wconf 82' lang='lat' dir='ltr'><strong>rhetorica,</strong></span> <span class='ocrx_word' id='word_1_14' title='bbox 779 377 934 415; x_wconf 85' lang='lat' dir='ltr'><strong>quaqua</strong></span> <span class='ocrx_word' id='word_1_15' title='bbox 961 364 1080 414; x_wconf 87' lang='lat' dir='ltr'><strong>ipsius</strong></span> <span class='ocrx_word' id='word_1_16' title='bbox 1108 365 1271 402; x_wconf 80' lang='lat' dir='ltr'><strong>ambitus</strong></span> <span class='ocrx_word' id='word_1_17' title='bbox 1300 369 1425 413; x_wconf 85' lang='lat' dir='ltr'><strong>patet,</strong></span> <span class='ocrx_word' id='word_1_18' title='bbox 1454 365 1583 413; x_wconf 87' lang='lat' dir='ltr'><strong>dispu-</strong></span> <span class='ocrx_word' id='word_1_19' title='bbox 1608 412 1613 417; x_wconf 81' lang='lat'><strong>.</strong></span> 
     </span>
     <span class='ocr_line' id='line_1_4' title="bbox 255 418 1585 467; baseline 0 -11"><span class='ocrx_word' id='word_1_20' title='bbox 255 418 340 466; x_wconf 83' lang='lat' dir='ltr'><strong>tari,</strong></span> <span class='ocrx_word' id='word_1_21' title='bbox 368 418 466 457; x_wconf 89' lang='lat' dir='ltr'><strong>sieut</strong></span> <span class='ocrx_word' id='word_1_22' title='bbox 492 419 532 456; x_wconf 86' lang='lat' dir='ltr'><strong>iu</strong></span> <span class='ocrx_word' id='word_1_23' title='bbox 552 419 724 457; x_wconf 83' lang='lat' dir='ltr'><strong>Phaedro</strong></span> <span class='ocrx_word' id='word_1_24' title='bbox 743 419 826 458; x_wconf 83' lang='lat' dir='ltr'><strong>fieri</strong></span> <span class='ocrx_word' id='word_1_25' title='bbox 846 419 1095 467; x_wconf 77' lang='lat' dir='ltr'><strong>meminimus,</strong></span> <span class='ocrx_word' id='word_1_26' title='bbox 1125 421 1189 458; x_wconf 88' lang='lat' dir='ltr'><strong>sed</strong></span> <span class='ocrx_word' id='word_1_27' title='bbox 1220 433 1303 457; x_wconf 82' lang='lat' dir='ltr'><strong>eam</strong></span> <span class='ocrx_word' id='word_1_28' title='bbox 1323 425 1472 458; x_wconf 83' lang='lat' dir='ltr'><strong>tantum</strong></span> <span class='ocrx_word' id='word_1_29' title='bbox 1502 420 1585 457; x_wconf 88' lang='lat' dir='ltr'><strong>eius</strong></span> 
     </span>
    </p>
   </div>
   <div class='ocr_carea' id='block_1_3' title="bbox 260 498 454 503">
    <p class='ocr_par' dir='ltr' id='par_1_3' title="bbox 260 498 454 503">
     <span class='ocr_line' id='line_1_5' title="bbox 260 498 454 503; baseline 0 0"><span class='ocrx_word' id='word_1_30' title='bbox 260 498 454 503; x_wconf 95' lang='lat' dir='ltr'><strong> </strong></span> 
     </span>
    </p>
   </div>
   <div class='ocr_carea' id='block_1_4' title="bbox 255 526 1603 2619">
    <p class='ocr_par' dir='ltr' id='par_1_4' title="bbox 255 526 1603 2619">
     <span class='ocr_line' id='line_1_6' title="bbox 257 526 1588 575; baseline 0.002 -12"><span class='ocrx_word' id='word_1_31' title='bbox 257 530 444 574; x_wconf 86' lang='lat' dir='ltr'><strong>disputavit</strong></span> <span class='ocrx_word' id='word_1_32' title='bbox 458 532 488 564; x_wconf 93' lang='lat' dir='ltr'>N</span> <span class='ocrx_word' id='word_1_33' title='bbox 500 532 545 566; x_wconf 87' lang='lat' dir='ltr'><strong>ic.</strong></span> <span class='ocrx_word' id='word_1_34' title='bbox 570 532 733 574; x_wconf 84' lang='lat' dir='ltr'><strong>Sybren</strong></span> <span class='ocrx_word' id='word_1_35' title='bbox 757 531 974 575; x_wconf 84' lang='lat' dir='ltr'><strong>Sybrandi</strong></span> <span class='ocrx_word' id='word_1_36' title='bbox 992 533 1102 575; x_wconf 90' lang='lat' dir='ltr'><strong>(Disp.</strong></span> <span class='ocrx_word' id='word_1_37' title='bbox 1122 531 1162 565; x_wconf 89' lang='lat' dir='ltr'><strong>de</strong></span> <span class='ocrx_word' id='word_1_38' title='bbox 1175 526 1327 566; x_wconf 78' lang='lat' dir='ltr'><strong>Platonis</strong></span> <span class='ocrx_word' id='word_1_39' title='bbox 1341 532 1479 575; x_wconf 82' lang='lat' dir='ltr'><strong>Gorgia,</strong></span> <span class='ocrx_word' id='word_1_40' title='bbox 1502 533 1588 565; x_wconf 74' lang='lat' dir='ltr'><strong>Har-</strong></span> 
     </span>
     <span class='ocr_line' id='line_1_7' title="bbox 259 574 1590 619; baseline 0.002 -12"><span class='ocrx_word' id='word_1_41' title='bbox 259 576 340 608; x_wconf 85' lang='lat' dir='ltr'><strong>lem.</strong></span> <span class='ocrx_word' id='word_1_42' title='bbox 361 574 458 609; x_wconf 84' lang='lat'><strong>1829.</strong></span> <span class='ocrx_word' id='word_1_43' title='bbox 470 575 501 609; x_wconf 84' lang='lat'><strong>8.</strong></span> <span class='ocrx_word' id='word_1_44' title='bbox 525 576 626 617; x_wconf 81' lang='lat' dir='ltr'><strong>edita,</strong></span> <span class='ocrx_word' id='word_1_45' title='bbox 639 587 670 619; x_wconf 93' lang='lat' dir='ltr'><strong>p.</strong></span> <span class='ocrx_word' id='word_1_46' title='bbox 684 575 728 610; x_wconf 84' lang='lat'><strong>59</strong></span> <span class='ocrx_word' id='word_1_47' title='bbox 741 577 836 619; x_wconf 85' lang='lat' dir='ltr'><strong>seq.)‚</strong></span> <span class='ocrx_word' id='word_1_48' title='bbox 860 578 917 619; x_wconf 91' lang='lat' dir='ltr'><strong>qui</strong></span> <span class='ocrx_word' id='word_1_49' title='bbox 932 577 1083 610; x_wconf 81' lang='lat' dir='ltr'><strong>Platonis</strong></span> <span class='ocrx_word' id='word_1_50' title='bbox 1096 577 1130 609; x_wconf 91' lang='lat' dir='ltr'><strong>in</strong></span> <span class='ocrx_word' id='word_1_51' title='bbox 1145 577 1207 609; x_wconf 84' lang='lat' dir='ltr'><strong>hoe</strong></span> <span class='ocrx_word' id='word_1_52' title='bbox 1220 577 1306 610; x_wconf 89' lang='lat' dir='ltr'><strong>libro</strong></span> <span class='ocrx_word' id='word_1_53' title='bbox 1320 576 1498 610; x_wconf 86' lang='lat' dir='ltr'><strong>scribendo</strong></span> <span class='ocrx_word' id='word_1_54' title='bbox 1512 588 1590 610; x_wconf 91' lang='lat' dir='ltr'><strong>con-</strong></span> 
     </span>
     <span class='ocr_line' id='line_1_8' title="bbox 260 620 1589 675; baseline 0.002 -24"><span class='ocrx_word' id='word_1_55' title='bbox 260 620 375 652; x_wconf 88' lang='lat' dir='ltr'><strong>silium</strong></span> <span class='ocrx_word' id='word_1_56' title='bbox 383 620 489 652; x_wconf 83' lang='lat' dir='ltr'><strong>fuisse</strong></span> <span class='ocrx_word' id='word_1_57' title='bbox 503 627 620 674; x_wconf 74' lang='lat' dir='ltr'><strong>censet</strong></span> <span class='ocrx_word' id='word_1_58' title='bbox 631 621 806 654; x_wconf 79' lang='lat' dir='ltr'><strong>ostendere</strong></span> <span class='ocrx_word' id='word_1_59' title='bbox 821 621 1030 673; x_wconf 78' lang='lat' dir='ltr'><strong>reipublicae</strong></span> <span class='ocrx_word' id='word_1_60' title='bbox 1041 620 1283 675; x_wconf 70' lang='lat' dir='ltr'><strong>gubernandae</strong></span> <span class='ocrx_word' id='word_1_61' title='bbox 1292 622 1469 665; x_wconf 71' lang='lat' dir='ltr'><strong>rationem,</strong></span> <span class='ocrx_word' id='word_1_62' title='bbox 1488 631 1589 663; x_wconf 85' lang='lat' dir='ltr'><strong>quam</strong></span> 
     </span>
     <span class='ocr_line' id='line_1_9' title="bbox 258 665 1591 754; baseline -0.002 -13"><span class='ocrx_word' id='word_1_63' title='bbox 258 665 601 750; x_wconf 51' lang='lat' dir='ltr'><strong>ssgguffffn‘ss‘ffflffl</strong></span> <span class='ocrx_word' id='word_1_64' title='bbox 619 670 893 750; x_wconf 54' lang='lat'><strong>23:2012033‘2’35,</strong></span> <span class='ocrx_word' id='word_1_65' title='bbox 913 666 1591 754; x_wconf 51' lang='grc' dir='ltr'><strong>ἶῗὲἶῗίἲὲἓῖΐίηἵὶἳοῗέἓῖὲῑξὲ,Ρέῗζξῖ</strong></span> 
     </span>
     <span class='ocr_line' id='line_1_10' title="bbox 260 754 1590 798; baseline 0.002 -13"><span class='ocrx_word' id='word_1_66' title='bbox 260 754 370 794; x_wconf 85' lang='lat' dir='ltr'><strong>sitam,</strong></span> <span class='ocrx_word' id='word_1_67' title='bbox 394 754 483 786; x_wconf 92' lang='lat' dir='ltr'><strong>bono</strong></span> <span class='ocrx_word' id='word_1_68' title='bbox 506 755 579 787; x_wconf 89' lang='lat' dir='ltr'><strong>viro</strong></span> <span class='ocrx_word' id='word_1_69' title='bbox 603 764 676 787; x_wconf 87' lang='lat' dir='ltr'><strong>esse</strong></span> <span class='ocrx_word' id='word_1_70' title='bbox 699 754 873 798; x_wconf 80' lang='lat' dir='ltr'><strong>indignam</strong></span> <span class='ocrx_word' id='word_1_71' title='bbox 904 760 939 787; x_wconf 90' lang='lat' dir='ltr'><strong>et</strong></span> <span class='ocrx_word' id='word_1_72' title='bbox 961 754 1183 798; x_wconf 79' lang='lat' dir='ltr'><strong>spernendam</strong></span> <span class='ocrx_word' id='word_1_73' title='bbox 1207 755 1319 797; x_wconf 91' lang='lat' dir='ltr'><strong>potius</strong></span> <span class='ocrx_word' id='word_1_74' title='bbox 1341 765 1444 797; x_wconf 83' lang='lat' dir='ltr'><strong>quam</strong></span> <span class='ocrx_word' id='word_1_75' title='bbox 1473 759 1590 797; x_wconf 79' lang='lat' dir='ltr'><strong>optan—</strong></span> 
     </span>
     <span class='ocr_line' id='line_1_11' title="bbox 261 798 1590 842; baseline 0.001 -12"><span class='ocrx_word' id='word_1_76' title='bbox 261 798 350 838; x_wconf 88' lang='lat' dir='ltr'><strong>dam,</strong></span> <span class='ocrx_word' id='word_1_77' title='bbox 373 799 497 841; x_wconf 88' lang='lat' dir='ltr'><strong>quippe</strong></span> <span class='ocrx_word' id='word_1_78' title='bbox 521 809 607 841; x_wconf 86' lang='lat' dir='ltr'><strong>quae</strong></span> <span class='ocrx_word' id='word_1_79' title='bbox 625 800 764 831; x_wconf 89' lang='lat' dir='ltr'><strong>maximi</strong></span> <span class='ocrx_word' id='word_1_80' title='bbox 784 799 865 832; x_wconf 91' lang='lat' dir='ltr'><strong>mali</strong></span> <span class='ocrx_word' id='word_1_81' title='bbox 882 809 1002 832; x_wconf 86' lang='lat' dir='ltr'><strong>caussa</strong></span> <span class='ocrx_word' id='word_1_82' title='bbox 1025 800 1086 840; x_wconf 87' lang='lat' dir='ltr'><strong>sit,</strong></span> <span class='ocrx_word' id='word_1_83' title='bbox 1110 809 1205 832; x_wconf 87' lang='lat' dir='ltr'><strong>suam</strong></span> <span class='ocrx_word' id='word_1_84' title='bbox 1221 799 1366 841; x_wconf 90' lang='lat' dir='ltr'><strong>denique</strong></span> <span class='ocrx_word' id='word_1_85' title='bbox 1389 804 1423 831; x_wconf 85' lang='lat' dir='ltr'><strong>et</strong></span> <span class='ocrx_word' id='word_1_86' title='bbox 1437 800 1590 842; x_wconf 72' lang='lat' dir='ltr'>magistri</span> 
     </span>
     <span class='ocr_line' id='line_1_12' title="bbox 261 842 1586 886; baseline 0.001 -12"><span class='ocrx_word' id='word_1_87' title='bbox 261 842 385 886; x_wconf 80' lang='lat' dir='ltr'><strong>agendi</strong></span> <span class='ocrx_word' id='word_1_88' title='bbox 406 844 571 875; x_wconf 83' lang='lat' dir='ltr'><strong>rationem</strong></span> <span class='ocrx_word' id='word_1_89' title='bbox 595 843 774 876; x_wconf 85' lang='lat' dir='ltr'><strong>defendere</strong></span> <span class='ocrx_word' id='word_1_90' title='bbox 797 850 914 876; x_wconf 85' lang='lat' dir='ltr'><strong>eontra</strong></span> <span class='ocrx_word' id='word_1_91' title='bbox 936 843 1205 876; x_wconf 86' lang='lat' dir='ltr'><strong>adversariorum</strong></span> <span class='ocrx_word' id='word_1_92' title='bbox 1229 844 1491 876; x_wconf 87' lang='lat' dir='ltr'><strong>criminationes.</strong></span> <span class='ocrx_word' id='word_1_93' title='bbox 1514 844 1586 876; x_wconf 90' lang='lat' dir='ltr'><strong>Iam</strong></span> 
     </span>
     <span class='ocr_line' id='line_1_13' title="bbox 262 887 1590 931; baseline 0 -12"><span class='ocrx_word' id='word_1_94' title='bbox 262 898 341 920; x_wconf 84' lang='lat' dir='ltr'><strong>vero</strong></span> <span class='ocrx_word' id='word_1_95' title='bbox 366 887 468 920; x_wconf 85' lang='lat' dir='ltr'><strong>etiam</strong></span> <span class='ocrx_word' id='word_1_96' title='bbox 482 887 518 922; x_wconf 89' lang='lat' dir='ltr'><strong>C.</strong></span> <span class='ocrx_word' id='word_1_97' title='bbox 532 888 587 920; x_wconf 89' lang='lat' dir='ltr'><strong>Fr.</strong></span> <span class='ocrx_word' id='word_1_98' title='bbox 611 888 847 920; x_wconf 86' lang='lat' dir='ltr'><strong>Hermanni</strong></span> <span class='ocrx_word' id='word_1_99' title='bbox 871 898 1116 931; x_wconf 75' lang='lat' dir='ltr'><strong>cognoscamus</strong></span> <span class='ocrx_word' id='word_1_100' title='bbox 1139 889 1174 920; x_wconf 91' lang='lat' dir='ltr'><strong>in</strong></span> <span class='ocrx_word' id='word_1_101' title='bbox 1190 888 1255 920; x_wconf 87' lang='lat' dir='ltr'><strong>hac</strong></span> <span class='ocrx_word' id='word_1_102' title='bbox 1270 898 1392 921; x_wconf 84' lang='lat' dir='ltr'><strong>caussa</strong></span> <span class='ocrx_word' id='word_1_103' title='bbox 1414 887 1590 927; x_wconf 84' lang='lat' dir='ltr'><strong>iudicium,</strong></span> 
     </span>
     <span class='ocr_line' id='line_1_14' title="bbox 262 931 1589 975; baseline 0.001 -12"><span class='ocrx_word' id='word_1_104' title='bbox 262 931 352 974; x_wconf 89' lang='lat' dir='ltr'><strong>quod</strong></span> <span class='ocrx_word' id='word_1_105' title='bbox 368 931 503 974; x_wconf 84' lang='lat' dir='ltr'><strong>quidem</strong></span> <span class='ocrx_word' id='word_1_106' title='bbox 517 932 577 964; x_wconf 89' lang='lat' dir='ltr'><strong>ille</strong></span> <span class='ocrx_word' id='word_1_107' title='bbox 594 933 751 975; x_wconf 79' lang='lat' dir='ltr'><strong>exposuit</strong></span> <span class='ocrx_word' id='word_1_108' title='bbox 767 932 802 964; x_wconf 90' lang='lat' dir='ltr'><strong>in</strong></span> <span class='ocrx_word' id='word_1_109' title='bbox 818 931 921 965; x_wconf 87' lang='lat' dir='ltr'><strong>libro:</strong></span> <span class='ocrx_word' id='word_1_110' title='bbox 949 932 1138 965; x_wconf 67' lang='lat' dir='ltr'><strong>Gesclaiclzte</strong></span> <span class='ocrx_word' id='word_1_111' title='bbox 1155 933 1228 965; x_wconf 77' lang='lat' dir='ltr'><strong>und</strong></span> <span class='ocrx_word' id='word_1_112' title='bbox 1239 933 1270 965; x_wconf 77' lang='lat' dir='ltr'><strong>S·</strong></span> <span class='ocrx_word' id='word_1_113' title='bbox 1290 938 1370 964; x_wconf 80' lang='lat' dir='ltr'><strong>stem</strong></span> <span class='ocrx_word' id='word_1_114' title='bbox 1384 932 1445 965; x_wconf 83' lang='lat' dir='ltr'><strong>der</strong></span> <span class='ocrx_word' id='word_1_115' title='bbox 1465 931 1589 964; x_wconf 74' lang='lat' dir='ltr'><strong>Platon.</strong></span> 
     </span>
     <span class='ocr_line' id='line_1_15' title="bbox 263 975 1589 1019; baseline 0 -11"><span class='ocrx_word' id='word_1_116' title='bbox 263 975 484 1018; x_wconf 72' lang='lat' dir='ltr'><strong>Philosophie,</strong></span> <span class='ocrx_word' id='word_1_117' title='bbox 509 977 549 1008; x_wconf 89' lang='grc' dir='ltr'><strong>Τ.</strong></span> <span class='ocrx_word' id='word_1_118' title='bbox 573 976 598 1008; x_wconf 95' lang='grc' dir='ltr'><strong>Ῑ.</strong></span> <span class='ocrx_word' id='word_1_119' title='bbox 622 987 654 1019; x_wconf 91' lang='lat' dir='ltr'><strong>p.</strong></span> <span class='ocrx_word' id='word_1_120' title='bbox 671 975 737 1010; x_wconf 78' lang='lat'><strong>477</strong></span> <span class='ocrx_word' id='word_1_121' title='bbox 760 987 852 1019; x_wconf 87' lang='lat' dir='ltr'><strong>seqq.</strong></span> <span class='ocrx_word' id='word_1_122' title='bbox 876 977 954 1009; x_wconf 84' lang='lat' dir='ltr'><strong>coll.</strong></span> <span class='ocrx_word' id='word_1_123' title='bbox 977 987 1008 1019; x_wconf 91' lang='lat' dir='ltr'><strong>p.</strong></span> <span class='ocrx_word' id='word_1_124' title='bbox 1026 975 1102 1012; x_wconf 80' lang='lat'><strong>637.</strong></span> <span class='ocrx_word' id='word_1_125' title='bbox 1126 987 1204 1012; x_wconf 90' lang='lat' dir='ltr'><strong>anu.</strong></span> <span class='ocrx_word' id='word_1_126' title='bbox 1219 975 1241 1010; x_wconf 88' lang='lat'><strong>3</strong></span> <span class='ocrx_word' id='word_1_127' title='bbox 1287 1001 1295 1009; x_wconf 94' lang='lat'><strong>.</strong></span> <span class='ocrx_word' id='word_1_128' title='bbox 1325 977 1358 1009; x_wconf 90' lang='lat' dir='ltr'><strong>Is</strong></span> <span class='ocrx_word' id='word_1_129' title='bbox 1381 987 1461 1009; x_wconf 87' lang='lat' dir='ltr'><strong>vero</strong></span> <span class='ocrx_word' id='word_1_130' title='bbox 1484 987 1589 1009; x_wconf 85' lang='lat' dir='ltr'><strong>uuum</strong></span> 
     </span>
     <span class='ocr_line' id='line_1_16' title="bbox 263 1020 1590 1064; baseline -0.001 -11"><span class='ocrx_word' id='word_1_131' title='bbox 263 1020 543 1063; x_wconf 85' lang='lat' dir='ltr'><strong>olympiodorum</strong></span> <span class='ocrx_word' id='word_1_132' title='bbox 566 1025 682 1053; x_wconf 87' lang='lat' dir='ltr'><strong>censet</strong></span> <span class='ocrx_word' id='word_1_133' title='bbox 703 1031 819 1053; x_wconf 87' lang='lat' dir='ltr'><strong>verum</strong></span> <span class='ocrx_word' id='word_1_134' title='bbox 842 1023 1074 1064; x_wconf 80' lang='lat' dir='ltr'><strong>perspexisse,</strong></span> <span class='ocrx_word' id='word_1_135' title='bbox 1111 1022 1169 1063; x_wconf 88' lang='lat' dir='ltr'><strong>qui</strong></span> <span class='ocrx_word' id='word_1_136' title='bbox 1198 1021 1401 1054; x_wconf 85' lang='lat' dir='ltr'><strong>iudicaverit</strong></span> <span class='ocrx_word' id='word_1_137' title='bbox 1431 1021 1505 1064; x_wconf 80' lang='lat' dir='ltr'><strong>agi</strong></span> <span class='ocrx_word' id='word_1_138' title='bbox 1542 1020 1590 1052; x_wconf 90' lang='lat' dir='ltr'><strong>de</strong></span> 
     </span>
     <span class='ocr_line' id='line_1_17' title="bbox 263 1064 1592 1108; baseline -0.001 -11"><span class='ocrx_word' id='word_1_139' title='bbox 263 1065 501 1107; x_wconf 79' lang='lat' dir='ltr'><strong>principiis</strong></span> <span class='ocrx_word' id='word_1_140' title='bbox 530 1075 608 1098; x_wconf 90' lang='lat' dir='ltr'><strong>nos</strong></span> <span class='ocrx_word' id='word_1_141' title='bbox 639 1065 687 1098; x_wconf 88' lang='lat' dir='ltr'><strong>ad</strong></span> <span class='ocrx_word' id='word_1_142' title='bbox 723 1065 897 1098; x_wconf 88' lang='lat' dir='ltr'><strong>civilem</strong></span> <span class='ocrx_word' id='word_1_143' title='bbox 937 1065 1206 1099; x_wconf 78' lang='lat' dir='ltr'><strong>felicitatem</strong></span> <span class='ocrx_word' id='word_1_144' title='bbox 1237 1064 1592 1108; x_wconf 81' lang='lat' dir='ltr'><strong>perducentibus,</strong></span> 
     </span>
     <span class='ocr_line' id='line_1_18' title="bbox 265 1106 1591 1153; baseline -0.001 -12"><span class='ocrx_word' id='word_1_145' title='bbox 265 1109 343 1150; x_wconf 77' lang='grc' dir='ltr'><strong><em>περὶ</em></strong></span> <span class='ocrx_word' id='word_1_146' title='bbox 370 1112 436 1141; x_wconf 76' lang='grc' dir='ltr'><strong>τῶν</strong></span> <span class='ocrx_word' id='word_1_147' title='bbox 459 1107 577 1151; x_wconf 77' lang='grc' dir='ltr'><em>ἀρχῶν</em></span> <span class='ocrx_word' id='word_1_148' title='bbox 600 1108 816 1152; x_wconf 72' lang='grc' dir='ltr'><strong><em>διαλεχθῆναι</em></strong></span> <span class='ocrx_word' id='word_1_149' title='bbox 840 1113 908 1142; x_wconf 75' lang='grc' dir='ltr'><strong>τῶν</strong></span> <span class='ocrx_word' id='word_1_150' title='bbox 933 1113 1120 1151; x_wconf 77' lang='grc' dir='ltr'><em>φερουσῶν</em></span> <span class='ocrx_word' id='word_1_151' title='bbox 1143 1108 1227 1153; x_wconf 68' lang='grc' dir='ltr'>ἡμᾶς</span> <span class='ocrx_word' id='word_1_152' title='bbox 1253 1109 1309 1142; x_wconf 77' lang='grc' dir='ltr'><strong>ἐπὶ</strong></span> <span class='ocrx_word' id='word_1_153' title='bbox 1335 1107 1396 1153; x_wconf 74' lang='grc' dir='ltr'><strong>τὴν</strong></span> <span class='ocrx_word' id='word_1_154' title='bbox 1420 1106 1591 1152; x_wconf 74' lang='grc' dir='ltr'><strong><em>πολιτικὴν</em></strong></span> 
     </span>
     <span class='ocr_line' id='line_1_19' title="bbox 263 1151 1591 1197; baseline 0 -11"><span class='ocrx_word' id='word_1_155' title='bbox 263 1151 508 1192; x_wconf 70' lang='grc' dir='ltr'><strong><em>εὐδαιμονίαν,</em></strong></span> <span class='ocrx_word' id='word_1_156' title='bbox 548 1154 819 1197; x_wconf 86' lang='lat' dir='ltr'><strong>quandoquidem</strong></span> <span class='ocrx_word' id='word_1_157' title='bbox 849 1155 1046 1197; x_wconf 84' lang='lat' dir='ltr'><strong>principalis</strong></span> <span class='ocrx_word' id='word_1_158' title='bbox 1069 1154 1147 1186; x_wconf 85' lang='lat' dir='ltr'><strong>libri</strong></span> <span class='ocrx_word' id='word_1_159' title='bbox 1179 1154 1345 1188; x_wconf 86' lang='lat' dir='ltr'><strong>sententia</strong></span> <span class='ocrx_word' id='word_1_160' title='bbox 1374 1154 1491 1196; x_wconf 88' lang='lat' dir='ltr'><strong>utique</strong></span> <span class='ocrx_word' id='word_1_161' title='bbox 1523 1164 1591 1186; x_wconf 88' lang='lat' dir='ltr'><strong>non</strong></span> 
     </span>
     <span class='ocr_line' id='line_1_20' title="bbox 265 1198 1593 1242; baseline -0.001 -11"><span class='ocrx_word' id='word_1_162' title='bbox 265 1198 427 1231; x_wconf 78' lang='lat' dir='ltr'><strong>aliorsum</strong></span> <span class='ocrx_word' id='word_1_163' title='bbox 449 1199 612 1231; x_wconf 83' lang='lat' dir='ltr'><strong>referatur</strong></span> <span class='ocrx_word' id='word_1_164' title='bbox 634 1199 701 1231; x_wconf 89' lang='lat' dir='ltr'><strong>nisi</strong></span> <span class='ocrx_word' id='word_1_165' title='bbox 724 1210 782 1239; x_wconf 87' lang='lat' dir='ltr'><strong>eo,</strong></span> <span class='ocrx_word' id='word_1_166' title='bbox 811 1202 850 1231; x_wconf 89' lang='lat' dir='ltr'><strong>ut</strong></span> <span class='ocrx_word' id='word_1_167' title='bbox 872 1199 1031 1232; x_wconf 86' lang='lat' dir='ltr'><strong>doceatur</strong></span> <span class='ocrx_word' id='word_1_168' title='bbox 1052 1209 1158 1231; x_wconf 89' lang='lat' dir='ltr'><strong>unum</strong></span> <span class='ocrx_word' id='word_1_169' title='bbox 1181 1198 1233 1240; x_wconf 90' lang='lat' dir='ltr'><strong>id,</strong></span> <span class='ocrx_word' id='word_1_170' title='bbox 1264 1198 1354 1242; x_wconf 88' lang='lat' dir='ltr'><strong>quod</strong></span> <span class='ocrx_word' id='word_1_171' title='bbox 1384 1198 1510 1231; x_wconf 88' lang='lat' dir='ltr'><strong>bonum</strong></span> <span class='ocrx_word' id='word_1_172' title='bbox 1533 1199 1593 1230; x_wconf 87' lang='lat' dir='ltr'><strong>ho-</strong></span> 
     </span>
     <span class='ocr_line' id='line_1_21' title="bbox 264 1241 1591 1286; baseline 0 -11"><span class='ocrx_word' id='word_1_173' title='bbox 264 1248 464 1284; x_wconf 88' lang='lat' dir='ltr'><strong>nestumque</strong></span> <span class='ocrx_word' id='word_1_174' title='bbox 488 1242 552 1284; x_wconf 86' lang='lat' dir='ltr'><strong>sit,</strong></span> <span class='ocrx_word' id='word_1_175' title='bbox 575 1253 654 1275; x_wconf 84' lang='lat' dir='ltr'><strong>vere</strong></span> <span class='ocrx_word' id='word_1_176' title='bbox 676 1243 835 1286; x_wconf 86' lang='lat' dir='ltr'><strong>prodesse</strong></span> <span class='ocrx_word' id='word_1_177' title='bbox 864 1243 1101 1286; x_wconf 85' lang='lat' dir='ltr'><strong>hominemque</strong></span> <span class='ocrx_word' id='word_1_178' title='bbox 1123 1243 1249 1276; x_wconf 88' lang='lat' dir='ltr'><strong>iniuste</strong></span> <span class='ocrx_word' id='word_1_179' title='bbox 1284 1241 1415 1286; x_wconf 81' lang='lat' dir='ltr'><strong>agendo</strong></span> <span class='ocrx_word' id='word_1_180' title='bbox 1438 1243 1503 1275; x_wconf 89' lang='lat' dir='ltr'><strong>sibi</strong></span> <span class='ocrx_word' id='word_1_181' title='bbox 1526 1242 1591 1285; x_wconf 87' lang='lat' dir='ltr'><strong>ipsi</strong></span> 
     </span>
     <span class='ocr_line' id='line_1_22' title="bbox 265 1286 1595 1331; baseline -0.001 -11"><span class='ocrx_word' id='word_1_182' title='bbox 265 1297 405 1327; x_wconf 87' lang='lat' dir='ltr'><strong>nocere,</strong></span> <span class='ocrx_word' id='word_1_183' title='bbox 435 1287 484 1319; x_wconf 84' lang='lat' dir='ltr'><strong>ita</strong></span> <span class='ocrx_word' id='word_1_184' title='bbox 507 1291 546 1319; x_wconf 87' lang='lat' dir='ltr'><strong>ut</strong></span> <span class='ocrx_word' id='word_1_185' title='bbox 568 1288 659 1320; x_wconf 83' lang='lat' dir='ltr'><strong>vitae</strong></span> <span class='ocrx_word' id='word_1_186' title='bbox 689 1289 778 1320; x_wconf 89' lang='lat' dir='ltr'><strong>bona</strong></span> <span class='ocrx_word' id='word_1_187' title='bbox 805 1298 874 1320; x_wconf 92' lang='lat' dir='ltr'><strong>non</strong></span> <span class='ocrx_word' id='word_1_188' title='bbox 906 1288 1096 1331; x_wconf 85' lang='lat' dir='ltr'><strong>voluptate,</strong></span> <span class='ocrx_word' id='word_1_189' title='bbox 1129 1287 1188 1320; x_wconf 88' lang='lat' dir='ltr'><strong>sed</strong></span> <span class='ocrx_word' id='word_1_190' title='bbox 1218 1287 1392 1320; x_wconf 88' lang='lat' dir='ltr'><strong>honestate</strong></span> <span class='ocrx_word' id='word_1_191' title='bbox 1423 1286 1595 1320; x_wconf 86' lang='lat' dir='ltr'><strong>metienda</strong></span> 
     </span>
     <span class='ocr_line' id='line_1_23' title="bbox 265 1330 1595 1375; baseline 0.001 -12"><span class='ocrx_word' id='word_1_192' title='bbox 265 1332 343 1364; x_wconf 85' lang='lat' dir='ltr'><strong>sint.</strong></span> <span class='ocrx_word' id='word_1_193' title='bbox 374 1330 487 1364; x_wconf 83' lang='lat' dir='ltr'><strong>Verba</strong></span> <span class='ocrx_word' id='word_1_194' title='bbox 501 1331 608 1374; x_wconf 85' lang='lat' dir='ltr'><strong>ipsius</strong></span> <span class='ocrx_word' id='word_1_195' title='bbox 632 1332 715 1363; x_wconf 83' lang='lat' dir='ltr'><strong>haec</strong></span> <span class='ocrx_word' id='word_1_196' title='bbox 734 1335 834 1364; x_wconf 84' lang='lat' dir='ltr'><strong>sunt:</strong></span> <span class='ocrx_word' id='word_1_197' title='bbox 858 1332 957 1374; x_wconf 85' lang='lat' dir='ltr'><strong>„Der</strong></span> <span class='ocrx_word' id='word_1_198' title='bbox 977 1332 1067 1364; x_wconf 77' lang='lat' dir='ltr'><strong>Kern</strong></span> <span class='ocrx_word' id='word_1_199' title='bbox 1084 1331 1140 1364; x_wconf 75' lang='lat' dir='ltr'><strong>des</strong></span> <span class='ocrx_word' id='word_1_200' title='bbox 1157 1330 1348 1375; x_wconf 69' lang='lat' dir='ltr'><strong>Gesprc‘lchr</strong></span> <span class='ocrx_word' id='word_1_201' title='bbox 1370 1331 1465 1364; x_wconf 74' lang='lat' dir='ltr'><strong>bleibt</strong></span> <span class='ocrx_word' id='word_1_202' title='bbox 1479 1331 1595 1374; x_wconf 71' lang='lat' dir='ltr'><strong>jeder:-</strong></span> 
     </span>
     <span class='ocr_line' id='line_1_24' title="bbox 255 1375 1595 1420; baseline -0.001 -11"><span class='ocrx_word' id='word_1_203' title='bbox 255 1376 343 1420; x_wconf 69' lang='lat' dir='ltr'><strong>falls</strong></span> <span class='ocrx_word' id='word_1_204' title='bbox 365 1376 427 1408; x_wconf 79' lang='lat' dir='ltr'><strong>der</strong></span> <span class='ocrx_word' id='word_1_205' title='bbox 441 1376 579 1418; x_wconf 59' lang='lat' dir='ltr'><strong>Beweie&#39;r,</strong></span> <span class='ocrx_word' id='word_1_206' title='bbox 603 1376 682 1409; x_wconf 73' lang='lat' dir='ltr'><strong>olas-⁹</strong></span> <span class='ocrx_word' id='word_1_207' title='bbox 704 1376 767 1408; x_wconf 79' lang='lat' dir='ltr'><strong>das</strong></span> <span class='ocrx_word' id='word_1_208' title='bbox 783 1375 871 1409; x_wconf 75' lang='lat' dir='ltr'><strong>Guoe</strong></span> <span class='ocrx_word' id='word_1_209' title='bbox 893 1376 994 1409; x_wconf 79' lang='lat' dir='ltr'><strong>allein</strong></span> <span class='ocrx_word' id='word_1_210' title='bbox 1015 1375 1186 1420; x_wconf 78' lang='lat' dir='ltr'><strong>wakrlmst</strong></span> <span class='ocrx_word' id='word_1_211' title='bbox 1207 1375 1349 1409; x_wconf 72' lang='lat' dir='ltr'><strong>m&#39;ttzlich</strong></span> <span class='ocrx_word' id='word_1_212' title='bbox 1371 1376 1419 1409; x_wconf 72' lang='lat' dir='ltr'><strong>sei</strong></span> <span class='ocrx_word' id='word_1_213' title='bbox 1439 1375 1512 1409; x_wconf 76' lang='lat' dir='ltr'><strong>und</strong></span> <span class='ocrx_word' id='word_1_214' title='bbox 1533 1375 1595 1408; x_wconf 74' lang='lat' dir='ltr'><strong>der</strong></span> 
     </span>
     <span class='ocr_line' id='line_1_25' title="bbox 266 1419 1595 1461; baseline -0.001 -8"><span class='ocrx_word' id='word_1_215' title='bbox 266 1420 404 1453; x_wconf 76' lang='lat' dir='ltr'><strong>Memck</strong></span> <span class='ocrx_word' id='word_1_216' title='bbox 432 1419 501 1452; x_wconf 73' lang='lat' dir='ltr'><strong>sich</strong></span> <span class='ocrx_word' id='word_1_217' title='bbox 530 1420 637 1453; x_wconf 72' lang='lat' dir='ltr'><strong>durch</strong></span> <span class='ocrx_word' id='word_1_218' title='bbox 676 1420 902 1453; x_wconf 75' lang='lat' dir='ltr'><strong>Unrechttlum</strong></span> <span class='ocrx_word' id='word_1_219' title='bbox 931 1420 1026 1453; x_wconf 74' lang='lat' dir='ltr'><strong>selbst</strong></span> <span class='ocrx_word' id='word_1_220' title='bbox 1052 1420 1192 1461; x_wconf 73' lang='lat' dir='ltr'><strong>sclzade,</strong></span> <span class='ocrx_word' id='word_1_221' title='bbox 1222 1420 1301 1453; x_wconf 81' lang='lat' dir='ltr'><strong>eben</strong></span> <span class='ocrx_word' id='word_1_222' title='bbox 1331 1419 1483 1453; x_wconf 64' lang='lat' dir='ltr'><strong>dasbath</strong></span> <span class='ocrx_word' id='word_1_223' title='bbox 1514 1419 1595 1452; x_wconf 80' lang='lat' dir='ltr'><strong>aber</strong></span> 
     </span>
     <span class='ocr_line' id='line_1_26' title="bbox 266 1463 1594 1498; baseline -0.002 0"><span class='ocrx_word' id='word_1_224' title='bbox 266 1465 327 1498; x_wconf 81' lang='lat' dir='ltr'><strong>der</strong></span> <span class='ocrx_word' id='word_1_225' title='bbox 352 1464 541 1497; x_wconf 65' lang='lat' dir='ltr'><strong>Maaaastab</strong></span> <span class='ocrx_word' id='word_1_226' title='bbox 571 1465 631 1497; x_wconf 81' lang='lat' dir='ltr'><strong>der</strong></span> <span class='ocrx_word' id='word_1_227' title='bbox 655 1464 741 1497; x_wconf 63' lang='lat' dir='ltr'><strong>Luat</strong></span> <span class='ocrx_word' id='word_1_228' title='bbox 767 1465 842 1497; x_wconf 81' lang='lat' dir='ltr'><strong>dem</strong></span> <span class='ocrx_word' id='word_1_229' title='bbox 865 1464 991 1498; x_wconf 75' lang='grc' dir='ltr'><strong>ΙιὸΙιενπ</strong></span> <span class='ocrx_word' id='word_1_230' title='bbox 1018 1464 1076 1497; x_wconf 72' lang='lat' dir='ltr'><strong>dee</strong></span> <span class='ocrx_word' id='word_1_231' title='bbox 1100 1463 1212 1498; x_wconf 65' lang='lat' dir='ltr'><strong>Galen</strong></span> <span class='ocrx_word' id='word_1_232' title='bbox 1234 1464 1433 1497; x_wconf 66' lang='lat' dir='ltr'><strong>nachstehm</strong></span> <span class='ocrx_word' id='word_1_233' title='bbox 1456 1464 1594 1496; x_wconf 61' lang='lat' dir='ltr'><strong>milace)⁹</strong></span> 
     </span>
     <span class='ocr_line' id='line_1_27' title="bbox 267 1508 1595 1552; baseline -0.002 -10"><span class='ocrx_word' id='word_1_234' title='bbox 267 1509 424 1551; x_wconf 88' lang='lat' dir='ltr'><strong>Denique</strong></span> <span class='ocrx_word' id='word_1_235' title='bbox 456 1510 557 1541; x_wconf 85' lang='lat' dir='ltr'><strong>etiam</strong></span> <span class='ocrx_word' id='word_1_236' title='bbox 587 1508 758 1542; x_wconf 84' lang='lat' dir='ltr'><strong>audivisse</strong></span> <span class='ocrx_word' id='word_1_237' title='bbox 792 1509 941 1550; x_wconf 89' lang='lat' dir='ltr'><strong>iuvabit,</strong></span> <span class='ocrx_word' id='word_1_238' title='bbox 978 1509 1162 1552; x_wconf 88' lang='lat' dir='ltr'><strong>nuperrimi</strong></span> <span class='ocrx_word' id='word_1_239' title='bbox 1192 1509 1302 1542; x_wconf 87' lang='lat' dir='ltr'><strong>critici</strong></span> <span class='ocrx_word' id='word_1_240' title='bbox 1332 1514 1366 1542; x_wconf 91' lang='lat' dir='ltr'><strong>et</strong></span> <span class='ocrx_word' id='word_1_241' title='bbox 1396 1509 1595 1551; x_wconf 75' lang='lat' dir='ltr'><strong>interpretes</strong></span> 
     </span>
     <span class='ocr_line' id='line_1_28' title="bbox 268 1553 1596 1596; baseline -0.001 -10"><span class='ocrx_word' id='word_1_242' title='bbox 268 1553 350 1596; x_wconf 87' lang='lat' dir='ltr'><strong>quid</strong></span> <span class='ocrx_word' id='word_1_243' title='bbox 373 1554 414 1586; x_wconf 89' lang='lat' dir='ltr'><strong>de</strong></span> <span class='ocrx_word' id='word_1_244' title='bbox 438 1564 473 1586; x_wconf 84' lang='lat' dir='ltr'><strong>re</strong></span> <span class='ocrx_word' id='word_1_245' title='bbox 497 1558 712 1586; x_wconf 84' lang='lat' dir='ltr'><strong>controversa</strong></span> <span class='ocrx_word' id='word_1_246' title='bbox 742 1554 1019 1587; x_wconf 76' lang='lat' dir='ltr'><strong>existimaverint.</strong></span> <span class='ocrx_word' id='word_1_247' title='bbox 1061 1554 1196 1587; x_wconf 80' lang='lat' dir='ltr'><strong>Etenim</strong></span> <span class='ocrx_word' id='word_1_248' title='bbox 1226 1553 1494 1586; x_wconf 87' lang='lat' dir='ltr'><strong>Reinhartus</strong></span> <span class='ocrx_word' id='word_1_249' title='bbox 1523 1554 1596 1595; x_wconf 89' lang='lat' dir='ltr'><strong>qui-</strong></span> 
     </span>
     <span class='ocr_line' id='line_1_29' title="bbox 267 1596 1595 1640; baseline -0.001 -9"><span class='ocrx_word' id='word_1_250' title='bbox 267 1598 356 1639; x_wconf 88' lang='lat' dir='ltr'><strong>dem,</strong></span> <span class='ocrx_word' id='word_1_251' title='bbox 379 1598 438 1640; x_wconf 90' lang='lat' dir='ltr'><strong>qui</strong></span> <span class='ocrx_word' id='word_1_252' title='bbox 461 1597 502 1630; x_wconf 90' lang='lat' dir='ltr'><strong>de</strong></span> <span class='ocrx_word' id='word_1_253' title='bbox 531 1598 597 1631; x_wconf 87' lang='lat' dir='ltr'><strong>hoc</strong></span> <span class='ocrx_word' id='word_1_254' title='bbox 628 1598 764 1640; x_wconf 76' lang='lat' dir='ltr'><strong>dialogo</strong></span> <span class='ocrx_word' id='word_1_255' title='bbox 794 1599 943 1631; x_wconf 86' lang='lat' dir='ltr'><strong>omnium</strong></span> <span class='ocrx_word' id='word_1_256' title='bbox 973 1599 1140 1631; x_wconf 85' lang='lat' dir='ltr'><strong>uberrime</strong></span> <span class='ocrx_word' id='word_1_257' title='bbox 1169 1598 1326 1640; x_wconf 86' lang='lat' dir='ltr'><strong>exposuit</strong></span> <span class='ocrx_word' id='word_1_258' title='bbox 1360 1597 1530 1640; x_wconf 80' lang='lat' dir='ltr'><strong>(Prolegg.</strong></span> <span class='ocrx_word' id='word_1_259' title='bbox 1553 1596 1595 1629; x_wconf 80' lang='lat' dir='ltr'><strong>ad</strong></span> 
     </span>
     <span class='ocr_line' id='line_1_30' title="bbox 267 1641 1597 1686; baseline -0.001 -11"><span class='ocrx_word' id='word_1_260' title='bbox 267 1643 442 1685; x_wconf 87' lang='lat' dir='ltr'><strong>Interpret.</strong></span> <span class='ocrx_word' id='word_1_261' title='bbox 467 1643 579 1675; x_wconf 83' lang='lat' dir='ltr'><strong>Germ.</strong></span> <span class='ocrx_word' id='word_1_262' title='bbox 602 1643 741 1675; x_wconf 86' lang='lat' dir='ltr'><strong>Hieron.</strong></span> <span class='ocrx_word' id='word_1_263' title='bbox 765 1642 913 1683; x_wconf 71' lang='lat' dir='ltr'><strong>Mulieri,</strong></span> <span class='ocrx_word' id='word_1_264' title='bbox 938 1642 1014 1675; x_wconf 90' lang='lat' dir='ltr'><strong>Vol.</strong></span> <span class='ocrx_word' id='word_1_265' title='bbox 1026 1643 1069 1675; x_wconf 92' lang='lat'><strong>11.</strong></span> <span class='ocrx_word' id='word_1_266' title='bbox 1092 1653 1123 1686; x_wconf 89' lang='lat' dir='ltr'><strong>p.</strong></span> <span class='ocrx_word' id='word_1_267' title='bbox 1143 1641 1357 1683; x_wconf 81' lang='lat'><strong>329—394.),</strong></span> <span class='ocrx_word' id='word_1_268' title='bbox 1379 1646 1597 1686; x_wconf 84' lang='lat' dir='ltr'><strong>posteaquam</strong></span> 
     </span>
     <span class='ocr_line' id='line_1_31' title="bbox 269 1686 1597 1721; baseline -0.001 -1"><span class='ocrx_word' id='word_1_269' title='bbox 269 1687 416 1721; x_wconf 83' lang='lat' dir='ltr'><strong>ostendit</strong></span> <span class='ocrx_word' id='word_1_270' title='bbox 438 1687 614 1720; x_wconf 82' lang='lat' dir='ltr'><strong>Platonem</strong></span> <span class='ocrx_word' id='word_1_271' title='bbox 637 1687 815 1720; x_wconf 89' lang='lat' dir='ltr'><strong>illustratis</strong></span> <span class='ocrx_word' id='word_1_272' title='bbox 844 1691 944 1720; x_wconf 86' lang='lat' dir='ltr'><strong>antea</strong></span> <span class='ocrx_word' id='word_1_273' title='bbox 974 1688 1009 1719; x_wconf 89' lang='lat' dir='ltr'><strong>in</strong></span> <span class='ocrx_word' id='word_1_274' title='bbox 1040 1687 1117 1719; x_wconf 82' lang='lat' dir='ltr'><strong>aliis</strong></span> <span class='ocrx_word' id='word_1_275' title='bbox 1146 1687 1357 1720; x_wconf 86' lang='lat' dir='ltr'><strong>sermonibus</strong></span> <span class='ocrx_word' id='word_1_276' title='bbox 1386 1686 1463 1719; x_wconf 87' lang='lat' dir='ltr'><strong>aliis</strong></span> <span class='ocrx_word' id='word_1_277' title='bbox 1493 1686 1597 1719; x_wconf 77' lang='lat' dir='ltr'><strong>virtu-</strong></span> 
     </span>
     <span class='ocr_line' id='line_1_32' title="bbox 268 1731 1595 1774; baseline -0.002 -10"><span class='ocrx_word' id='word_1_278' title='bbox 268 1732 360 1764; x_wconf 92' lang='lat' dir='ltr'><strong>tibus</strong></span> <span class='ocrx_word' id='word_1_279' title='bbox 382 1731 527 1774; x_wconf 86' lang='lat' dir='ltr'><strong>denique</strong></span> <span class='ocrx_word' id='word_1_280' title='bbox 550 1732 586 1764; x_wconf 87' lang='lat' dir='ltr'><strong>in</strong></span> <span class='ocrx_word' id='word_1_281' title='bbox 608 1732 673 1764; x_wconf 88' lang='lat' dir='ltr'><strong>hoc</strong></span> <span class='ocrx_word' id='word_1_282' title='bbox 696 1731 783 1764; x_wconf 87' lang='lat' dir='ltr'><strong>libro</strong></span> <span class='ocrx_word' id='word_1_283' title='bbox 806 1733 907 1764; x_wconf 88' lang='lat' dir='ltr'><strong>etiam</strong></span> <span class='ocrx_word' id='word_1_284' title='bbox 932 1731 974 1764; x_wconf 83' lang='lat' dir='ltr'><strong>ad</strong></span> <span class='ocrx_word' id='word_1_285' title='bbox 998 1732 1161 1765; x_wconf 87' lang='lat' dir='ltr'><strong>iustitiam</strong></span> <span class='ocrx_word' id='word_1_286' title='bbox 1185 1731 1420 1764; x_wconf 85' lang='lat' dir='ltr'><strong>illustrandam</strong></span> <span class='ocrx_word' id='word_1_287' title='bbox 1443 1731 1595 1763; x_wconf 89' lang='lat' dir='ltr'><strong>animum</strong></span> 
     </span>
     <span class='ocr_line' id='line_1_33' title="bbox 270 1775 1598 1819; baseline -0.002 -10"><span class='ocrx_word' id='word_1_288' title='bbox 270 1776 454 1809; x_wconf 82' lang='lat' dir='ltr'><strong>advertisse</strong></span> <span class='ocrx_word' id='word_1_289' title='bbox 477 1775 608 1808; x_wconf 86' lang='lat' dir='ltr'><strong>duabus</strong></span> <span class='ocrx_word' id='word_1_290' title='bbox 624 1776 759 1819; x_wconf 89' lang='lat' dir='ltr'><strong>quidem</strong></span> <span class='ocrx_word' id='word_1_291' title='bbox 778 1777 989 1818; x_wconf 88' lang='lat' dir='ltr'><strong>potissimum</strong></span> <span class='ocrx_word' id='word_1_292' title='bbox 1006 1775 1107 1809; x_wconf 87' lang='lat' dir='ltr'><strong>rebus</strong></span> <span class='ocrx_word' id='word_1_293' title='bbox 1122 1779 1320 1819; x_wconf 86' lang='lat' dir='ltr'><strong>permotum,</strong></span> <span class='ocrx_word' id='word_1_294' title='bbox 1342 1776 1398 1809; x_wconf 81' lang='lat' dir='ltr'><strong>vel</strong></span> <span class='ocrx_word' id='word_1_295' title='bbox 1420 1775 1598 1818; x_wconf 80' lang='lat' dir='ltr'><strong>ingruente</strong></span> 
     </span>
     <span class='ocr_line' id='line_1_34' title="bbox 269 1820 1598 1864; baseline -0.001 -11"><span class='ocrx_word' id='word_1_296' title='bbox 269 1821 306 1853; x_wconf 90' lang='lat' dir='ltr'><strong>in</strong></span> <span class='ocrx_word' id='word_1_297' title='bbox 330 1821 401 1853; x_wconf 92' lang='lat' dir='ltr'><strong>dies</strong></span> <span class='ocrx_word' id='word_1_298' title='bbox 431 1821 540 1863; x_wconf 85' lang='lat' dir='ltr'><strong>magis</strong></span> <span class='ocrx_word' id='word_1_299' title='bbox 571 1820 784 1863; x_wconf 88' lang='lat' dir='ltr'><strong>eloquentiae</strong></span> <span class='ocrx_word' id='word_1_300' title='bbox 821 1821 1023 1864; x_wconf 86' lang='lat' dir='ltr'><strong>sophisticae</strong></span> <span class='ocrx_word' id='word_1_301' title='bbox 1054 1821 1090 1853; x_wconf 90' lang='lat' dir='ltr'><strong>in</strong></span> <span class='ocrx_word' id='word_1_302' title='bbox 1121 1820 1240 1853; x_wconf 85' lang='lat' dir='ltr'><strong>Sicilia</strong></span> <span class='ocrx_word' id='word_1_303' title='bbox 1272 1825 1364 1852; x_wconf 83' lang='lat' dir='ltr'><strong>ortae</strong></span> <span class='ocrx_word' id='word_1_304' title='bbox 1400 1820 1598 1853; x_wconf 77' lang='lat' dir='ltr'><strong>auctoritate</strong></span> 
     </span>
     <span class='ocr_line' id='line_1_35' title="bbox 270 1864 1597 1908; baseline -0.001 -11"><span class='ocrx_word' id='word_1_305' title='bbox 270 1865 326 1898; x_wconf 87' lang='lat' dir='ltr'><strong>vel</strong></span> <span class='ocrx_word' id='word_1_306' title='bbox 359 1865 448 1897; x_wconf 86' lang='lat' dir='ltr'><strong>tristi</strong></span> <span class='ocrx_word' id='word_1_307' title='bbox 471 1865 620 1898; x_wconf 85' lang='lat' dir='ltr'><strong>Socratis</strong></span> <span class='ocrx_word' id='word_1_308' title='bbox 658 1875 766 1908; x_wconf 90' lang='lat' dir='ltr'><strong>nuper</strong></span> <span class='ocrx_word' id='word_1_309' title='bbox 797 1865 922 1898; x_wconf 83' lang='lat' dir='ltr'><strong>iniuste</strong></span> <span class='ocrx_word' id='word_1_310' title='bbox 956 1865 1170 1899; x_wconf 85' lang='lat' dir='ltr'><strong>condemnati</strong></span> <span class='ocrx_word' id='word_1_311' title='bbox 1209 1869 1243 1898; x_wconf 89' lang='lat' dir='ltr'><strong>et</strong></span> <span class='ocrx_word' id='word_1_312' title='bbox 1273 1865 1395 1908; x_wconf 83' lang='lat' dir='ltr'><strong>capitis</strong></span> <span class='ocrx_word' id='word_1_313' title='bbox 1431 1864 1597 1906; x_wconf 88' lang='lat' dir='ltr'><strong>suplicio</strong></span> 
     </span>
     <span class='ocr_line' id='line_1_36' title="bbox 270 1908 1599 1952; baseline -0.002 -9"><span class='ocrx_word' id='word_1_314' title='bbox 270 1910 382 1943; x_wconf 75' lang='lat' dir='ltr'><strong>affecti</strong></span> <span class='ocrx_word' id='word_1_315' title='bbox 410 1909 701 1951; x_wconf 70' lang='lat' dir='ltr'><strong>recordatione*)‚</strong></span> <span class='ocrx_word' id='word_1_316' title='bbox 730 1909 874 1952; x_wconf 86' lang='lat' dir='ltr'><strong>denique</strong></span> <span class='ocrx_word' id='word_1_317' title='bbox 905 1909 946 1942; x_wconf 86' lang='lat' dir='ltr'><strong>de</strong></span> <span class='ocrx_word' id='word_1_318' title='bbox 967 1909 1087 1942; x_wconf 87' lang='lat' dir='ltr'><strong>ultimo</strong></span> <span class='ocrx_word' id='word_1_319' title='bbox 1118 1910 1223 1942; x_wconf 87' lang='lat' dir='ltr'><strong>totius</strong></span> <span class='ocrx_word' id='word_1_320' title='bbox 1251 1910 1370 1952; x_wconf 83' lang='lat' dir='ltr'><strong>scripti</strong></span> <span class='ocrx_word' id='word_1_321' title='bbox 1398 1908 1492 1941; x_wconf 70' lang='lat' dir='ltr'><strong>cons·</strong></span> <span class='ocrx_word' id='word_1_322' title='bbox 1509 1908 1542 1941; x_wconf 89' lang='lat' dir='ltr'><strong>io</strong></span> <span class='ocrx_word' id='word_1_323' title='bbox 1565 1912 1599 1942; x_wconf 86' lang='lat' dir='ltr'><strong>et</strong></span> 
     </span>
     <span class='ocr_line' id='line_1_37' title="bbox 271 1953 1598 1997; baseline -0.002 -10"><span class='ocrx_word' id='word_1_324' title='bbox 271 1954 442 1997; x_wconf 90' lang='lat' dir='ltr'><strong>proposito</strong></span> <span class='ocrx_word' id='word_1_325' title='bbox 471 1954 520 1987; x_wconf 77' lang='lat' dir='ltr'><strong>ita</strong></span> <span class='ocrx_word' id='word_1_326' title='bbox 549 1955 619 1987; x_wconf 85' lang='lat' dir='ltr'><strong>fere</strong></span> <span class='ocrx_word' id='word_1_327' title='bbox 649 1954 776 1987; x_wconf 79' lang='lat' dir='ltr'><strong>statuit.</strong></span> <span class='ocrx_word' id='word_1_328' title='bbox 823 1955 948 1988; x_wconf 81' lang='lat' dir='ltr'><strong>Censet</strong></span> <span class='ocrx_word' id='word_1_329' title='bbox 977 1955 1068 1987; x_wconf 89' lang='lat' dir='ltr'><strong>enim</strong></span> <span class='ocrx_word' id='word_1_330' title='bbox 1097 1965 1137 1987; x_wconf 90' lang='lat' dir='ltr'><strong>eo</strong></span> <span class='ocrx_word' id='word_1_331' title='bbox 1167 1954 1236 1986; x_wconf 90' lang='lat' dir='ltr'><strong>ima</strong></span> <span class='ocrx_word' id='word_1_332' title='bbox 1262 1954 1351 1987; x_wconf 87' lang='lat' dir='ltr'><strong>&#39;nem</strong></span> <span class='ocrx_word' id='word_1_333' title='bbox 1381 1963 1422 1986; x_wconf 80' lang='lat' dir='ltr'><strong>ae</strong></span> <span class='ocrx_word' id='word_1_334' title='bbox 1452 1953 1598 1996; x_wconf 81' lang='lat' dir='ltr'><strong>speciem</strong></span> 
     </span>
     <span class='ocr_line' id='line_1_38' title="bbox 271 1997 1599 2041; baseline -0.001 -10"><span class='ocrx_word' id='word_1_335' title='bbox 271 1999 353 2031; x_wconf 87' lang='lat' dir='ltr'><strong>artis</strong></span> <span class='ocrx_word' id='word_1_336' title='bbox 382 1997 517 2040; x_wconf 89' lang='lat' dir='ltr'><strong>publice</strong></span> <span class='ocrx_word' id='word_1_337' title='bbox 555 2008 596 2031; x_wconf 85' lang='lat' dir='ltr'><strong>ac</strong></span> <span class='ocrx_word' id='word_1_338' title='bbox 626 1998 783 2040; x_wconf 86' lang='lat' dir='ltr'><strong>privatim</strong></span> <span class='ocrx_word' id='word_1_339' title='bbox 818 1998 905 2032; x_wconf 90' lang='lat' dir='ltr'><strong>bene</strong></span> <span class='ocrx_word' id='word_1_340' title='bbox 939 1999 1100 2041; x_wconf 84' lang='lat' dir='ltr'><strong>beateque</strong></span> <span class='ocrx_word' id='word_1_341' title='bbox 1132 1998 1234 2031; x_wconf 84' lang='lat' dir='ltr'><strong>viven</strong></span> <span class='ocrx_word' id='word_1_342' title='bbox 1260 1999 1271 2030; x_wconf 90' lang='lat' dir='ltr'><strong>i</strong></span> <span class='ocrx_word' id='word_1_343' title='bbox 1301 1999 1441 2040; x_wconf 82' lang='lat' dir='ltr'><strong>eiusque</strong></span> <span class='ocrx_word' id='word_1_344' title='bbox 1470 1997 1599 2031; x_wconf 82' lang='lat' dir='ltr'><strong>ethices</strong></span> 
     </span>
     <span class='ocr_line' id='line_1_39' title="bbox 272 2042 1596 2086; baseline -0.001 -12"><span class='ocrx_word' id='word_1_345' title='bbox 272 2043 446 2086; x_wconf 87' lang='lat' dir='ltr'><strong>principiis</strong></span> <span class='ocrx_word' id='word_1_346' title='bbox 470 2042 630 2075; x_wconf 80' lang='lat' dir='ltr'><strong>fundatae</strong></span> <span class='ocrx_word' id='word_1_347' title='bbox 659 2043 829 2084; x_wconf 87' lang='lat' dir='ltr'><strong>exhiberi,</strong></span> <span class='ocrx_word' id='word_1_348' title='bbox 861 2053 946 2086; x_wconf 84' lang='lat' dir='ltr'><strong>quae</strong></span> <span class='ocrx_word' id='word_1_349' title='bbox 977 2053 1080 2085; x_wconf 90' lang='lat' dir='ltr'><strong>quum</strong></span> <span class='ocrx_word' id='word_1_350' title='bbox 1103 2053 1236 2075; x_wconf 88' lang='lat' dir='ltr'><strong>omnem</strong></span> <span class='ocrx_word' id='word_1_351' title='bbox 1265 2052 1461 2085; x_wconf 77' lang='lat' dir='ltr'><strong>germanam</strong></span> <span class='ocrx_word' id='word_1_352' title='bbox 1491 2046 1596 2074; x_wconf 84' lang='lat' dir='ltr'><strong>artem</strong></span> 
     </span>
     <span class='ocr_line' id='line_1_40' title="bbox 272 2085 1599 2130; baseline 0 -11"><span class='ocrx_word' id='word_1_353' title='bbox 272 2087 461 2127; x_wconf 87' lang='lat' dir='ltr'><strong>contineat,</strong></span> <span class='ocrx_word' id='word_1_354' title='bbox 491 2091 563 2120; x_wconf 89' lang='lat' dir='ltr'><strong>tum</strong></span> <span class='ocrx_word' id='word_1_355' title='bbox 585 2087 822 2120; x_wconf 81' lang='lat' dir='ltr'><strong>fraudulentae</strong></span> <span class='ocrx_word' id='word_1_356' title='bbox 845 2098 885 2120; x_wconf 82' lang='lat' dir='ltr'><strong>ac</strong></span> <span class='ocrx_word' id='word_1_357' title='bbox 906 2088 1084 2130; x_wconf 80' lang='lat' dir='ltr'><strong>pestiferae</strong></span> <span class='ocrx_word' id='word_1_358' title='bbox 1108 2087 1191 2128; x_wconf 83' lang='lat' dir='ltr'><strong>arti,</strong></span> <span class='ocrx_word' id='word_1_359' title='bbox 1221 2086 1332 2129; x_wconf 80' lang='lat' dir='ltr'><strong>qualis</strong></span> <span class='ocrx_word' id='word_1_360' title='bbox 1355 2086 1400 2119; x_wconf 87' lang='lat' dir='ltr'><strong>sit</strong></span> <span class='ocrx_word' id='word_1_361' title='bbox 1429 2085 1599 2119; x_wconf 82' lang='lat' dir='ltr'><strong>rhetorica</strong></span> 
     </span>
     <span class='ocr_line' id='line_1_41' title="bbox 272 2129 1598 2175; baseline -0.002 -10"><span class='ocrx_word' id='word_1_362' title='bbox 272 2129 472 2175; x_wconf 73' lang='lat' dir='ltr'><strong>sophistices</strong></span> <span class='ocrx_word' id='word_1_363' title='bbox 502 2131 580 2164; x_wconf 87' lang='lat' dir='ltr'><strong>labe</strong></span> <span class='ocrx_word' id='word_1_364' title='bbox 608 2132 753 2173; x_wconf 82' lang='lat' dir='ltr'><strong>infecta,</strong></span> <span class='ocrx_word' id='word_1_365' title='bbox 783 2132 952 2164; x_wconf 78' lang='lat' dir='ltr'><strong>contraria</strong></span> <span class='ocrx_word' id='word_1_366' title='bbox 982 2132 1027 2164; x_wconf 90' lang='lat' dir='ltr'><strong>sit</strong></span> <span class='ocrx_word' id='word_1_367' title='bbox 1057 2135 1090 2164; x_wconf 90' lang='lat' dir='ltr'><strong>et</strong></span> <span class='ocrx_word' id='word_1_368' title='bbox 1119 2131 1282 2174; x_wconf 84' lang='lat' dir='ltr'><strong>opposita.</strong></span> <span class='ocrx_word' id='word_1_369' title='bbox 1345 2131 1396 2163; x_wconf 88' lang='lat' dir='ltr'><strong>De</strong></span> <span class='ocrx_word' id='word_1_370' title='bbox 1428 2141 1496 2173; x_wconf 89' lang='lat' dir='ltr'><strong>qua</strong></span> <span class='ocrx_word' id='word_1_371' title='bbox 1524 2140 1598 2163; x_wconf 88' lang='lat' dir='ltr'><strong>sen·</strong></span> 
     </span>
     <span class='ocr_line' id='line_1_42' title="bbox 273 2173 1599 2219; baseline -0.002 -9"><span class='ocrx_word' id='word_1_372' title='bbox 273 2176 379 2210; x_wconf 86' lang='lat' dir='ltr'><strong>tentia</strong></span> <span class='ocrx_word' id='word_1_373' title='bbox 395 2186 457 2208; x_wconf 87' lang='lat' dir='ltr'><strong>sua</strong></span> <span class='ocrx_word' id='word_1_374' title='bbox 471 2175 543 2219; x_wconf 90' lang='lat' dir='ltr'><strong>ipse</strong></span> <span class='ocrx_word' id='word_1_375' title='bbox 555 2176 638 2209; x_wconf 85' lang='lat' dir='ltr'><strong>haec</strong></span> <span class='ocrx_word' id='word_1_376' title='bbox 653 2176 811 2208; x_wconf 86' lang='lat' dir='ltr'><strong>disseruit</strong></span> <span class='ocrx_word' id='word_1_377' title='bbox 819 2175 892 2218; x_wconf 82' lang='lat'>**):</span> <span class='ocrx_word' id='word_1_378' title='bbox 917 2177 1011 2218; x_wconf 79' lang='lat' dir='ltr'><strong>„Am</strong></span> <span class='ocrx_word' id='word_1_379' title='bbox 1025 2175 1202 2208; x_wconf 70' lang='lat' dir='ltr'><strong>eichmeen</strong></span> <span class='ocrx_word' id='word_1_380' title='bbox 1216 2175 1340 2218; x_wconf 61' lang='lat' dir='ltr'><strong>ditqu</strong></span> <span class='ocrx_word' id='word_1_381' title='bbox 1355 2175 1418 2208; x_wconf 76' lang='lat' dir='ltr'><strong>wir</strong></span> <span class='ocrx_word' id='word_1_382' title='bbox 1431 2174 1516 2214; x_wconf 63' lang='lat'><strong>200121</strong></span> <span class='ocrx_word' id='word_1_383' title='bbox 1535 2173 1599 2208; x_wconf 69' lang='lat' dir='ltr'><strong>dm</strong></span> 
     </span>
     <span class='ocr_line' id='line_1_43' title="bbox 271 2218 1601 2264; baseline -0.002 -11"><span class='ocrx_word' id='word_1_384' title='bbox 271 2231 345 2253; x_wconf 85' lang='lat' dir='ltr'><strong>vom</strong></span> <span class='ocrx_word' id='word_1_385' title='bbox 365 2219 480 2253; x_wconf 75' lang='lat' dir='ltr'><strong>Platon</strong></span> <span class='ocrx_word' id='word_1_386' title='bbox 501 2220 601 2253; x_wconf 71' lang='lat' dir='ltr'><strong>sehon</strong></span> <span class='ocrx_word' id='word_1_387' title='bbox 623 2220 670 2253; x_wconf 78' lang='lat' dir='ltr'><strong>im</strong></span> <span class='ocrx_word' id='word_1_388' title='bbox 689 2220 879 2263; x_wconf 72' lang='lat' dir='ltr'><strong>Euthydem</strong></span> <span class='ocrx_word' id='word_1_389' title='bbox 901 2219 1102 2264; x_wconf 65' lang='lat' dir='ltr'><strong>mffqeseellte</strong></span> <span class='ocrx_word' id='word_1_390' title='bbox 1114 2219 1213 2253; x_wconf 81' lang='lat' dir='ltr'><strong>Ideal</strong></span> <span class='ocrx_word' id='word_1_391' title='bbox 1233 2219 1325 2252; x_wconf 70' lang='lat' dir='ltr'><strong>einer</strong></span> <span class='ocrx_word' id='word_1_392' title='bbox 1336 2218 1500 2260; x_wconf 56' lang='lat' dir='ltr'><strong>michan,</strong></span> <span class='ocrx_word' id='word_1_393' title='bbox 1523 2218 1601 2251; x_wconf 73' lang='lat' dir='ltr'><strong>vou-</strong></span> 
     </span>
     <span class='ocr_line' id='line_1_44' title="bbox 272 2262 1600 2309; baseline -0.002 -11"><span class='ocrx_word' id='word_1_394' title='bbox 272 2265 510 2307; x_wconf 67' lang='lat' dir='ltr'><strong>hammon-ster»,</strong></span> <span class='ocrx_word' id='word_1_395' title='bbox 532 2264 628 2307; x_wconf 71' lang='lat' dir='ltr'><strong>jedes</strong></span> <span class='ocrx_word' id='word_1_396' title='bbox 650 2265 838 2309; x_wconf 64' lang='lat' dir='ltr'><strong>walin-hasce</strong></span> <span class='ocrx_word' id='word_1_397' title='bbox 866 2264 990 2297; x_wconf 73' lang='lat' dir='ltr'><strong>Wissen</strong></span> <span class='ocrx_word' id='word_1_398' title='bbox 1019 2264 1092 2297; x_wconf 78' lang='lat' dir='ltr'><strong>und</strong></span> <span class='ocrx_word' id='word_1_399' title='bbox 1113 2263 1191 2308; x_wconf 79' lang='lat' dir='ltr'><strong>jede</strong></span> <span class='ocrx_word' id='word_1_400' title='bbox 1214 2263 1302 2296; x_wconf 76' lang='lat' dir='ltr'><strong>echte</strong></span> <span class='ocrx_word' id='word_1_401' title='bbox 1330 2263 1435 2296; x_wconf 72' lang='lat' dir='ltr'><strong>Kane!</strong></span> <span class='ocrx_word' id='word_1_402' title='bbox 1463 2263 1501 2296; x_wconf 74' lang='lat' dir='ltr'><strong>in</strong></span> <span class='ocrx_word' id='word_1_403' title='bbox 1530 2262 1600 2296; x_wconf 71' lang='lat' dir='ltr'><strong>sich</strong></span> 
     </span>
     <span class='ocr_line' id='line_1_45' title="bbox 264 2307 1600 2353; baseline -0.001 -11"><span class='ocrx_word' id='word_1_404' title='bbox 264 2310 464 2353; x_wconf 68' lang='lat' dir='ltr'><strong>fasse‘nde‘n,</strong></span> <span class='ocrx_word' id='word_1_405' title='bbox 494 2309 617 2342; x_wconf 65' lang='lat' dir='ltr'><strong>emisch</strong></span> <span class='ocrx_word' id='word_1_406' title='bbox 625 2309 836 2352; x_wconf 64' lang='lat' dir='ltr'><strong>-politischen</strong></span> <span class='ocrx_word' id='word_1_407' title='bbox 868 2308 1095 2342; x_wconf 60' lang='lat' dir='ltr'><strong>Lebemkume</strong></span> <span class='ocrx_word' id='word_1_408' title='bbox 1130 2308 1180 2341; x_wconf 72' lang='lat' dir='ltr'><strong>als</strong></span> <span class='ocrx_word' id='word_1_409' title='bbox 1208 2307 1273 2341; x_wconf 79' lang='lat' dir='ltr'><strong>den</strong></span> <span class='ocrx_word' id='word_1_410' title='bbox 1306 2307 1600 2351; x_wconf 71' lang='lat' dir='ltr'><strong>orundqodanaeen</strong></span> 
     </span>
     <span class='ocr_line' id='line_1_46' title="bbox 272 2349 1598 2395; baseline -0.002 -8"><span class='ocrx_word' id='word_1_411' title='bbox 272 2353 331 2387; x_wconf 68' lang='lat' dir='ltr'><strong>des</strong></span> <span class='ocrx_word' id='word_1_412' title='bbox 346 2352 413 2387; x_wconf 70' lang='lat' dir='ltr'><strong>Ges</strong></span> <span class='ocrx_word' id='word_1_413' title='bbox 437 2353 536 2387; x_wconf 70' lang='lat' dir='ltr'><strong>mehe</strong></span> <span class='ocrx_word' id='word_1_414' title='bbox 558 2354 714 2395; x_wconf 68' lang='lat' dir='ltr'><strong>amelien,</strong></span> <span class='ocrx_word' id='word_1_415' title='bbox 737 2354 774 2387; x_wconf 81' lang='lat' dir='ltr'><strong>in</strong></span> <span class='ocrx_word' id='word_1_416' title='bbox 796 2353 945 2387; x_wconf 71' lang='lat' dir='ltr'><strong>welcleem</strong></span> <span class='ocrx_word' id='word_1_417' title='bbox 968 2353 1032 2386; x_wconf 78' lang='lat' dir='ltr'><strong>alle</strong></span> <span class='ocrx_word' id='word_1_418' title='bbox 1061 2351 1171 2386; x_wconf 65' lang='lat' dir='ltr'><strong>The-&#39;10</strong></span> <span class='ocrx_word' id='word_1_419' title='bbox 1193 2352 1265 2386; x_wconf 75' lang='lat' dir='ltr'><strong>und</strong></span> <span class='ocrx_word' id='word_1_420' title='bbox 1282 2351 1512 2395; x_wconf 74' lang='lat' dir='ltr'><strong>Bezielmnqen</strong></span> <span class='ocrx_word' id='word_1_421' title='bbox 1527 2349 1598 2385; x_wconf 71' lang='lat' dir='ltr'><strong>dee-</strong></span> 
     </span>
     <span class='ocr_line' id='line_1_47' title="bbox 273 2394 1601 2441; baseline -0.002 -10"><span class='ocrx_word' id='word_1_422' title='bbox 273 2398 382 2431; x_wconf 71' lang='lat' dir='ltr'><strong>selben</strong></span> <span class='ocrx_word' id='word_1_423' title='bbox 398 2399 411 2431; x_wconf 79' lang='lat' dir='ltr'><strong>i</strong></span> <span class='ocrx_word' id='word_1_424' title='bbox 435 2409 495 2431; x_wconf 76' lang='lat' dir='ltr'><strong>ren</strong></span> <span class='ocrx_word' id='word_1_425' title='bbox 510 2398 721 2441; x_wconf 73' lang='lat' dir='ltr'><strong>Mittelpunkt</strong></span> <span class='ocrx_word' id='word_1_426' title='bbox 735 2398 842 2431; x_wconf 77' lang='lat' dir='ltr'><strong>haben</strong></span> <span class='ocrx_word' id='word_1_427' title='bbox 858 2398 930 2431; x_wconf 76' lang='lat' dir='ltr'><strong>und</strong></span> <span class='ocrx_word' id='word_1_428' title='bbox 952 2398 1020 2441; x_wconf 60' lang='lat' dir='ltr'><strong>aits</strong></span> <span class='ocrx_word' id='word_1_429' title='bbox 1030 2396 1169 2430; x_wconf 66' lang='lat' dir='ltr'><strong>walchen</strong></span> <span class='ocrx_word' id='word_1_430' title='bbox 1184 2396 1254 2430; x_wconf 67' lang='lat' dir='ltr'><strong>sich</strong></span> <span class='ocrx_word' id='word_1_431' title='bbox 1275 2396 1358 2430; x_wconf 75' lang='lat' dir='ltr'><strong>ohne</strong></span> <span class='ocrx_word' id='word_1_432' title='bbox 1374 2395 1500 2439; x_wconf 74' lang='lat' dir='ltr'><strong>Zwanq</strong></span> <span class='ocrx_word' id='word_1_433' title='bbox 1513 2394 1601 2428; x_wconf 68' lang='lat' dir='ltr'><strong>auda</strong></span> 
     </span>
     <span class='ocr_line' id='line_1_48' title="bbox 273 2440 1601 2486; baseline -0.002 -11"><span class='ocrx_word' id='word_1_434' title='bbox 273 2442 328 2475; x_wconf 75' lang='lat' dir='ltr'><strong>die</strong></span> <span class='ocrx_word' id='word_1_435' title='bbox 366 2442 543 2476; x_wconf 75' lang='lat' dir='ltr'><strong>scheinbar</strong></span> <span class='ocrx_word' id='word_1_436' title='bbox 580 2442 862 2486; x_wconf 66' lang='lat' dir='ltr'><strong>abschwetfendeu</strong></span> <span class='ocrx_word' id='word_1_437' title='bbox 890 2441 1159 2484; x_wconf 68' lang='lat' dir='ltr'><strong>Batrachtunqm</strong></span> <span class='ocrx_word' id='word_1_438' title='bbox 1194 2440 1442 2485; x_wconf 62' lang='lat' dir='ltr'><strong>zurt’lckfsshm</strong></span> <span class='ocrx_word' id='word_1_439' title='bbox 1480 2440 1601 2473; x_wconf 60' lang='lat' dir='ltr'><strong>laeena.</strong></span> 
     </span>
     <span class='ocr_line' id='line_1_49' title="bbox 275 2483 1602 2529; baseline -0.002 -9"><span class='ocrx_word' id='word_1_440' title='bbox 275 2486 364 2520; x_wconf 71' lang='lat' dir='ltr'><strong>Eine</strong></span> <span class='ocrx_word' id='word_1_441' title='bbox 385 2486 490 2520; x_wconf 70' lang='lat' dir='ltr'><strong>solche</strong></span> <span class='ocrx_word' id='word_1_442' title='bbox 506 2486 627 2529; x_wconf 71' lang='lat' dir='ltr'><strong>Kame,</strong></span> <span class='ocrx_word' id='word_1_443' title='bbox 650 2487 687 2520; x_wconf 77' lang='lat' dir='ltr'><strong>in</strong></span> <span class='ocrx_word' id='word_1_444' title='bbox 709 2487 801 2520; x_wconf 75' lang='lat' dir='ltr'><strong>ihrer</strong></span> <span class='ocrx_word' id='word_1_445' title='bbox 825 2486 1110 2520; x_wconf 69' lang='lat' dir='ltr'><strong>Vollkomnwnheit</strong></span> <span class='ocrx_word' id='word_1_446' title='bbox 1126 2485 1278 2529; x_wconf 70' lang='lat' dir='ltr'><strong>qedachc,</strong></span> <span class='ocrx_word' id='word_1_447' title='bbox 1301 2484 1414 2519; x_wconf 67' lang='lat' dir='ltr'><strong>warde</strong></span> <span class='ocrx_word' id='word_1_448' title='bbox 1436 2484 1499 2518; x_wconf 77' lang='lat' dir='ltr'><strong>alle</strong></span> <span class='ocrx_word' id='word_1_449' title='bbox 1523 2483 1602 2517; x_wconf 64' lang='lat' dir='ltr'><strong>Ver-</strong></span> 
     </span>
     <span class='ocr_line' id='line_1_50' title="bbox 273 2526 1603 2574; baseline -0.003 -10"><span class='ocrx_word' id='word_1_450' title='bbox 273 2530 432 2564; x_wconf 65' lang='lat' dir='ltr'><strong>maniosa</strong></span> <span class='ocrx_word' id='word_1_451' title='bbox 460 2531 518 2564; x_wconf 73' lang='lat' dir='ltr'><strong>des</strong></span> <span class='ocrx_word' id='word_1_452' title='bbox 539 2531 744 2574; x_wconf 61' lang='lat' dir='ltr'><strong>&amp;ffenllicken</strong></span> <span class='ocrx_word' id='word_1_453' title='bbox 774 2530 847 2565; x_wconf 76' lang='lat' dir='ltr'><strong>und</strong></span> <span class='ocrx_word' id='word_1_454' title='bbox 875 2531 933 2565; x_wconf 71' lang='lat' dir='ltr'><strong>du</strong></span> <span class='ocrx_word' id='word_1_455' title='bbox 963 2530 1144 2564; x_wconf 69' lang='lat' dir='ltr'><strong>besondern</strong></span> <span class='ocrx_word' id='word_1_456' title='bbox 1168 2530 1296 2564; x_wconf 74' lang='lat' dir='ltr'><strong>Lebem</strong></span> <span class='ocrx_word' id='word_1_457' title='bbox 1324 2529 1412 2562; x_wconf 74' lang='lat' dir='ltr'><strong>nach</strong></span> <span class='ocrx_word' id='word_1_458' title='bbox 1440 2528 1506 2562; x_wconf 74' lang='lat' dir='ltr'><strong>den</strong></span> <span class='ocrx_word' id='word_1_459' title='bbox 1537 2526 1603 2562; x_wconf 69' lang='lat' dir='ltr'><strong>Ge-</strong></span> 
     </span>
     <span class='ocr_line' id='line_1_51' title="bbox 274 2572 1602 2619; baseline -0.002 -11"><span class='ocrx_word' id='word_1_460' title='bbox 274 2581 380 2609; x_wconf 71' lang='lat' dir='ltr'><strong>eetzen</strong></span> <span class='ocrx_word' id='word_1_461' title='bbox 403 2575 463 2609; x_wconf 82' lang='lat' dir='ltr'><strong>der</strong></span> <span class='ocrx_word' id='word_1_462' title='bbox 495 2576 661 2619; x_wconf 73' lang='lat' dir='ltr'><strong>Vernanft</strong></span> <span class='ocrx_word' id='word_1_463' title='bbox 681 2575 897 2609; x_wconf 69' lang='lat' dir='ltr'><strong>behemclaen</strong></span> <span class='ocrx_word' id='word_1_464' title='bbox 918 2575 991 2609; x_wconf 82' lang='lat' dir='ltr'><strong>und</strong></span> <span class='ocrx_word' id='word_1_465' title='bbox 1011 2575 1099 2609; x_wconf 77' lang='lat' dir='ltr'><strong>nach</strong></span> <span class='ocrx_word' id='word_1_466' title='bbox 1121 2575 1185 2608; x_wconf 79' lang='lat' dir='ltr'><strong>den</strong></span> <span class='ocrx_word' id='word_1_467' title='bbox 1206 2574 1328 2618; x_wconf 75' lang='lat' dir='ltr'><strong>Reqeln</strong></span> <span class='ocrx_word' id='word_1_468' title='bbox 1349 2573 1410 2607; x_wconf 72' lang='lat' dir='ltr'><strong>der</strong></span> <span class='ocrx_word' id='word_1_469' title='bbox 1425 2572 1602 2607; x_wconf 69' lang='lat' dir='ltr'><strong>Sch‘imhn‘t</strong></span> 
     </span>
    </p>
   </div>
   <div class='ocr_carea' id='block_1_5' title="bbox 277 2648 475 2654">
    <p class='ocr_par' dir='ltr' id='par_1_5' title="bbox 277 2648 475 2654">
     <span class='ocr_line' id='line_1_52' title="bbox 277 2648 475 2654; baseline 0 0"><span class='ocrx_word' id='word_1_470' title='bbox 277 2648 475 2654; x_wconf 95' lang='lat' dir='ltr'><strong> </strong></span> 
     </span>
    </p>
   </div>
   <div class='ocr_carea' id='block_1_6' title="bbox 342 2682 787 2747">
    <p class='ocr_par' dir='ltr' id='par_1_6' title="bbox 342 2682 787 2747">
     <span class='ocr_line' id='line_1_53' title="bbox 342 2682 787 2747; baseline 0.002 -40"><span class='ocrx_word' id='word_1_471' title='bbox 342 2683 432 2747; x_wconf 41' lang='lat' dir='ltr'><strong>novt:</strong></span> <span class='ocrx_word' id='word_1_472' title='bbox 441 2690 466 2741; x_wconf 87' lang='lat' dir='ltr'><strong>pi</strong></span> <span class='ocrx_word' id='word_1_473' title='bbox 483 2682 689 2747; x_wconf 53' lang='grc' dir='ltr'><strong>Βξῖῧῖἳηὲἐᾳδίὶ</strong></span> <span class='ocrx_word' id='word_1_474' title='bbox 710 2689 787 2714; x_wconf 84' lang='lat' dir='ltr'><strong>seqq.</strong></span> 
     </span>
    </p>
   </div>
  </div>
 </body>
</html>
