1676 2938
223 244 301 278 282
761 241 1019 279 PLATONIS

222 348 457 396 κινδύνων,
497 346 579 399 εἰμὶ
617 345 662 388 δὲ
700 345 766 388 ἐπὶ
804 352 863 400 τῷ
900 345 1149 402 βουλομένῳ
1184 344 1318 400 ὥςπερ
1344 347 1387 389 οἱ
1409 349 1548 401 ἄτιμοι

221 418 297 452 τοῦ
324 409 558 459 ἐθέλοντος,
594 412 650 451 ἄν
675 424 718 451 τε
745 411 915 453 τύπτειν
943 412 1161 465 βούληται,
1196 411 1245 453 τὸ
1272 410 1470 452 νεανικὸν
1495 410 1548 464 δὴ

222 478 348 516 τοῦτο
370 481 447 515 τοῦ
469 481 549 515 σοῦ
575 474 722 527 λόγου,
750 473 818 516 ἐπὶ
845 473 1012 529 κόρῤης,
1041 473 1116 516 έοὶν
1141 488 1184 516 τε
1210 476 1399 530 χρήματα
1425 474 1548 527 ἀφαι-

221 542 408 592 ρεῖσθαι,
448 537 523 580 ἐάν
558 552 601 579 τε
638 536 852 592 ἐκβάλλειν
890 538 936 581 ἐκ
973 544 1046 592 τῆς
1071 539 1255 590 πόλεως,
1294 538 1368 581 ἐάν
1393 553 1460 589 τε,
1499 539 1548 579 τὸ

221 603 414 657 ἔσχατον,
452 603 717 651 ἀποκτεῖναι,
764 602 834 645 καὶ
869 602 980 645 οὕτω
1018 595 1256 645 διάκεῖσθαι
1291 604 1463 645 πάντων
1496 601 1549 656 δὴ

221 668 434 721 αἴσχιστόν
473 667 606 716 ἐστιν,
645 666 702 716 ὠς
741 667 765 709 ὁ
801 667 874 716 σὸς
908 667 1044 721 λόγος.
1082 666 1106 708 ὁ
1142 665 1187 708 δὲ
1223 665 1276 721 δὴ
1306 666 1403 721 ἐμὸς
1429 665 1548 715 ὅςτις,

221 732 422 781 πολλάκις
447 730 524 786 μὲν
550 732 632 786 ἤδη
655 731 826 785 εἴρηται,
856 730 981 773 οὐδὲν
1007 729 1051 772 δὲ
1079 731 1231 772 κωλύει
1258 730 1327 772 καὶ
1355 728 1414 772 ἔτι
1439 727 1548 783 λέγε-

222 799 341 837 σθαι·
372 798 424 838 οὔ
452 810 572 850 φημι,
615 789 650 836 ὦ
681 797 934 846 Καλλίκλεις,
971 797 1019 837 τὸ
1044 795 1274 836 τύπτεσθαι
1301 793 1368 836 ἐπὶ
1394 792 1550 847 κόρῤης

221 860 374 909 ἀδίκως
411 860 624 914 αἴσχιστον
663 855 794 911 εἶναι,
836 859 934 902 οὐδέ
969 874 1018 913 γε
1054 860 1103 900 τὸ
1130 856 1353 912 τέμνεσθαι
1380 860 1476 900 οὔτε
1502 857 1551 899 τὸ

220 982 269 1014 its.
296 984 334 1014 ut
361 980 404 1014 ad
434 981 501 1014 τῶν
533 982 646 1022 φίλων
680 991 806 1014 novum
842 979 1003 1023 quiddam
1038 979 1189 1015 socedat.
1251 979 1373 1012 Latine
1401 978 1549 1011 dixeris:

220 1036 358 1068 neque
388 1026 491 1058 mihi
521 1026 607 1068 ipsi
630 1035 766 1068 neque
790 1026 991 1068 cuiquam
1015 1025 1245 1058 amicorum
1269 1028 1344 1056 eut
1365 1023 1550 1056 semilis.-

220 1071 337 1103 rium.
383 1071 506 1102 Veram
531 1080 605 1103 esse
629 1070 718 1103 hano
740 1070 905 1103 rationem
928 1070 1092 1102 evincunt
1112 1069 1174 1102 illa
1196 1079 1227 1111 p.
1251 1066 1327 1102 509.
1350 1068 1395 1100 B:
1421 1065 1466 1110 μὴ
1490 1065 1549 1100 δῦ-

225 1116 350 1147 ι-ἀσθαι
380 1115 533 1157 βοηθεῖν
555 1114 636 1158 μήτε
659 1114 771 1158 ἑαυτῷ
793 1112 875 1157 μήτε
899 1118 968 1148 τοῖς
992 1112 1102 1146 αὑτοῦ
1126 1115 1238 1154 φίλοις
1262 1124 1295 1145 τε
1318 1113 1373 1145 καὶ
1398 1111 1550 1150 οἰκείοις,

219 1159 280 1192 ubi
302 1170 371 1192 non
395 1164 447 1192 est
469 1160 633 1202 scriptum
657 1157 737 1202 μήτε
762 1163 830 1193 τοῖς
853 1158 1005 1193 οἰκείοις.

288 1203 361 1236 τοῦ
383 1202 639 1247 ἐθέλοντος]
671 1203 812 1236 seclusit
834 1203 1006 1246 Hirschig.
1027 1206 1066 1235 ut
1089 1205 1295 1244 suspectum.

286 1249 327 1282 D.
375 1247 418 1280 τὸ
450 1246 655 1281 νεανικὸν
685 1245 734 1292 δὴ
758 1247 897 1291 τοῦτο]
930 1248 1007 1280 Bas.
1024 1245 1057 1280 2.
1080 1246 1171 1279 Flor.
1195 1257 1229 1278 x.
1254 1243 1289 1278 τὰ
1316 1257 1344 1278 ν.
1371 1242 1415 1288 δὴ
1438 1244 1549 1285 τοῦτο,

221 1292 256 1325 τὸ
282 1292 340 1325 τοῦ
366 1292 430 1325 σοῦ
454 1294 480 1325 λ.
504 1292 668 1336 probante
692 1292 900 1325 Heindorfio.

285 1338 325 1370 E.
371 1334 533 1372 ἀδίκως
563 1338 792 1379 αἴσχιστον
822 1332 960 1380 εἶναι]
992 1335 1032 1367 V.
1066 1332 1243 1377 αἴσχιστόν
1267 1331 1291 1366 τ’
1318 1330 1410 1367 εἶναι
1433 1333 1551 1366 invitis

219 1381 315 1415 codd.
345 1382 482 1425 optimis
511 1386 546 1415 et
574 1382 741 1425 plurimis.
786 1382 869 1414 Mox
900 1391 961 1424 pro
993 1379 1087 1424 vulg.
1112 1377 1316 1422 βαλλάντιον
1338 1378 1442 1412 Coisl.
1465 1379 1554 1411 Ven.

264 1493 355 1532 εἰμὶ
389 1492 435 1525 δὲ
468 1491 538 1525 ἐπὶ
564 1504 579 1524 τ
593 1495 619 1536 ςῦ
642 1492 668 1535 β
676 1491 851 1531 ουλομέ-
921 1491 1084 1524 Callicles
1100 1490 1213 1523 adhuc
1231 1490 1378 1530 iuvenis,
1400 1492 1439 1522 ut
1460 1491 1553 1532 petet

223 1549 278 1580 νῳ
302 1538 368 1580 --]
411 1547 504 1570 esse
537 1548 597 1570 me
628 1537 672 1568 in
705 1537 852 1569 ouius·
920 1546 963 1569 ex
987 1546 1019 1578 p.
1043 1534 1119 1569 515.
1143 1536 1184 1567 A.
1222 1535 1275 1567 De
1297 1535 1551 1568 constructione

220 1582 329 1614 libet
356 1586 600 1625 potestate,
636 1581 772 1613 sicuti
796 1581 853 1613 in·
919 1591 953 1613 v.
981 1591 1013 1622 p.
1035 1578 1112 1613 514.
1136 1580 1181 1611 E:
1222 1576 1257 1611 τὸ
1291 1578 1477 1621 λεγόμενον
1508 1577 1551 1619 δὴ

221 1627 353 1659 famia
409 1627 549 1658 notati
603 1625 854 1658 cuiuslibet
920 1627 1027 1657 τοῦτο.
1058 1624 1206 1666 Sophist.
1233 1633 1264 1666 p.
1287 1621 1364 1656 241.
1389 1623 1430 1656 D.
1455 1627 1489 1655 et
1514 1622 1548 1654 τὸ

220 1672 404 1703 arbitrio
428 1670 611 1703 obnoxii
634 1671 732 1702 sint.
766 1670 852 1709 Nam
922 1669 987 1702 σὸν
1024 1667 1066 1711 δὴ
1104 1670 1202 1700 τοῦτο
1231 1667 1312 1702 ibid.
1342 1679 1374 1710 p.
1403 1666 1479 1700 233.
1510 1667 1549 1699 Β.

219 1711 311 1748 εἶναι
347 1718 404 1747 τοῦ
441 1714 623 1748 ἐθέλοντος
662 1714 787 1747 dicitur
816 1718 854 1747 ut
920 1714 1094 1746 Lucisn.
1111 1713 1207 1744 Asin.
1224 1723 1256 1754 p.
1269 1710 1346 1746 586.
1368 1711 1420 1744 ed.
1435 1711 1548 1744 Reits:

221 1757 311 1793 εἶναι
329 1770 355 1792 s.
372 1760 555 1803 γίγνεσθαι
573 1758 709 1797 ἑαυτοῦ,
728 1759 769 1791 de
809 1769 853 1791 uo
920 1758 1054 1799 ἔκρινα,
1084 1760 1183 1789 τοῦτο
1214 1754 1258 1800 δὴ
1287 1754 1323 1789 τὸ
1355 1759 1415 1789 τοῦ
1436 1754 1549 1798 λόγου,

222 1816 253 1837 ν.
277 1804 428 1837 Matth.
459 1805 490 1843 §-
512 1802 590 1837 315.
621 1803 699 1836 coll.
723 1804 753 1843 ξ.
820 1802 854 1836 O.
922 1802 1191 1844 παλινδρομῆσαι
1230 1802 1367 1840 μᾶλλον.
1420 1800 1469 1832 Ιιιι
1515 1811 1549 1843 g.

221 1849 371 1882 Eandem
419 1847 702 1892 significationem
752 1847 855 1880 habet
921 1857 952 1889 p.
976 1845 1060 1880 467:
1085 1843 1323 1885 ὑπεφαίνοντο
1345 1849 1443 1888 γοῦν,
1466 1856 1489 1876 ιι
1530 1841 1549 1876 ὁ

221 1894 325 1926 dictio
358 1888 450 1925 εἶναι
484 1891 543 1925 ἐπί
576 1904 654 1930 τινι,
698 1893 741 1924 in
776 1892 854 1924 ali·
922 1889 964 1934 δὴ
990 1890 1023 1923 τὸ
1050 1893 1111 1923 τοῦ
1134 1887 1293 1932 Ὀμήρου,
1323 1888 1481 1930 ἐλέφαντι
1505 1892 1550 1932 τῷ

223 1939 349 1971 cuius
381 1940 606 1980 potestate
629 1947 738 1969 esse.
780 1937 854 1969 Xe·
922 1939 1051 1979 πριστῷ
1089 1933 1208 1974 ὅμοιοι.
1276 1934 1334 1966 Sic
1376 1934 1466 1966 euim
1501 1934 1551 1966 ibi

222 1982 348 2025 noph.
382 1981 532 2014 Anabus.
565 1981 596 2022 1,
627 1980 667 2022 4,
691 1980 732 2014 4:
768 1981 852 2023 βου·
920 1979 1146 2013 scribendum.
1178 1978 1310 2021 Nigrin.
1340 1980 1372 2018 §.
1397 1976 1461 2011 312
1494 1978 1549 2010 nal

221 2025 369 2065 λούεται,
403 2026 497 2060 ὅπως
528 2024 656 2067 μήποτε
687 2026 732 2058 ἔτι
763 2026 854 2058 ἔσται
922 2028 1019 2057 τοῦτο
1042 2022 1086 2067 δὴ
1117 2024 1182 2064 (sie
1211 2023 1300 2056 euim
1325 2022 1385 2064 pro
1409 2022 1448 2055 δὲ
1470 2022 1552 2065 leg.)

222 2071 277 2104 ἐπὶ
296 2074 340 2114 τῷ
358 2068 509 2114 ἀδελφῷ,
527 2070 587 2102 ubi
601 2081 633 2103 v.
651 2071 853 2113 Krueger.
921 2067 957 2101 τὸ
995 2067 1033 2101 ἐν
1071 2071 1145 2102 ταῖς
1183 2067 1387 2110 τραγῳδίαις
1426 2078 1459 2099 τε
1495 2066 1551 2099 καὶ

222 2116 428 2159 Intelligitur
458 2120 571 2148 autem
602 2115 853 2148 severissimum
921 2111 1114 2156 κωμῳδίαις
1144 2110 1340 2155 λεγόμενον.
1395 2111 1476 2144 Mox
1509 2109 1551 2143 τὸ

219 2158 350 2200 ἀτιμίας
370 2171 489 2203 genus,
512 2158 602 2201 quod
624 2170 719 2192 reum
742 2159 854 2201 ipsum
921 2158 1102 2200 ἔσχατον
1115 2156 1287 2199 intelligas
1299 2156 1366 2188 sic:
1386 2155 1428 2187 id
1442 2154 1552 2198 quod

221 2207 360 2247 eiusque
374 2209 527 2247 posteros
548 2205 706 2237 omnibus
729 2203 853 2236 civium
921 2205 1157 2234 extremum
1208 2200 1416 2233 malorum
1460 2211 1480 2233 e
1493 2210 1511 2232 s
1527 2203 1550 2231 t.

220 2251 352 2282 iuribus
386 2250 421 2281 in
454 2259 495 2292 pe
536 2253 652 2281 etuum
674 2247 852 2291 privabam
921 2247 1100 2289 Perpetem
1152 2245 1243 2278 enim
1296 2244 1550 2277 Findeisen.

222 2306 254 2327 v.
270 2295 375 2337 Legg.
392 2293 451 2326 IX.
465 2303 496 2336 p.
555 2292 586 2326 5.
603 2292 642 2325 C.
674 2293 727 2325 De
746 2291 854 2325 tribus
920 2292 1159 2333 interpretetur
1197 2288 1380 2322 tandem.
1431 2288 1550 2330 Neque

221 2337 351 2378 ἀτιμίας
371 2338 554 2382 generibus
576 2336 675 2370 docte
697 2337 855 2380 exposuit
922 2335 1109 2368 Fioinus
1138 2337 1228 2367 reete
1257 2333 1435 2367 intellexit.
1488 2332 1551 2365 Ce-

222 2385 373 2417 Mcier.
422 2382 469 2415 de
510 2381 637 2414 bonis
673 2381 853 2414 damnet.
921 2383 1150 2413 termutotum
1173 2378 1289 2411 locum
1310 2377 1551 2420 intenegative

220 2439 254 2471 p.
277 2426 342 2461 101
366 2437 425 2469 seq
451 2451 458 2458 .
492 2424 555 2459 137
583 2436 677 2469 seqq.
706 2430 741 2459 et
769 2425 852 2458 Lit.
921 2423 1118 2458 inchoatum
1161 2423 1253 2456 exire
1293 2423 1330 2455 in
1365 2421 1550 2455 ontionem

224 2473 353 2506 Attic-
376 2482 409 2514 p.
427 2438 508 2504 363.
921 2468 1082 2502 directum
1106 2467 1207 2501 facile
1227 2470 1330 2511 patet.

266 2518 310 2550 D.
355 2514 398 2548 τὸ
427 2514 632 2547 νεανικὸν
656 2511 707 2556 δὴ
730 2516 854 2547 τοῦτο
964 2514 1005 2546 Ε.
1035 2510 1141 2546 οὐδὲ
1162 2522 1208 2556 ys
1232 2509 1275 2545 τὸ
1300 2508 1551 2553 τέμνεσθαι]

225 2573 249 2593 τ.
276 2571 305 2593 σ.
329 2558 378 2604 λ.]
412 2558 522 2602 quod
551 2563 644 2591 'eret
674 2558 856 2592 seilicet
922 2558 960 2590 In
993 2557 1047 2590 his
1079 2556 1278 2596 τέμνεσθαι,
1315 2558 1357 2588 nt
1383 2554 1459 2587 Lat.
1489 2564 1551 2587 se·

223 2604 420 2638 iuvenile
443 2603 607 2636 dietum
631 2608 754 2636 tuum.
788 2601 855 2636 Sed
921 2602 1032 2642 cari,
1062 2600 1226 2641 scindi,
1255 2602 1308 2632 est
1335 2600 1377 2631 in
1408 2598 1552 2631 frunt·

228 2646 384 2683 νεανικόν
426 2648 459 2681 h.
499 2647 521 2679 l.
569 2646 855 2690 petulanti-e
921 2646 1149 2679 dissecari.
1182 2654 1216 2678 v.
1238 2642 1483 2677 Onnubon.
1508 2642 1551 2675 ad

225 2693 510 2738 significationem
527 2692 721 2725 adiunctum
740 2690 854 2729 habet,
921 2690 1059 2725 Sueten.
1083 2690 1171 2732 Aug.
1194 2698 1224 2722 ο.
1250 2686 1302 2721 13.
1325 2698 1357 2731 p.
1380 2686 1456 2721 250.
1498 2687 1552 2719 De

225 2745 264 2772 ut
286 2739 375 2772 infra
397 2748 429 2782 p.
452 2735 529 2772 509.
551 2738 592 2770 A.
639 2737 721 2770 Erat
743 2740 855 2769 sutem
921 2731 1218 2778 βαλανιιοτόμοις,
1247 2742 1333 2775 quos
1363 2732 1552 2765 Plautus
