1702 2924
267 148 342 185 168

810 143 1066 183 PLATOMS

263 253 320 301 ὡς
342 251 463 301 ἔοικε,
486 250 556 293 καὶ
579 250 692 302 παρὰ
713 252 794 292 σοῦ
812 249 882 292 καὶ
895 245 986 303 παρ’
1014 248 1118 303 ἐμοῦ
1137 248 1412 302 ὁμολογεῖται.
1444 248 1590 289 ΠΩΛ.

266 317 366 358 Ναί.
407 317 509 357 ΣΩ.
542 315 653 357 Πότε
674 311 754 357 οὖν
775 315 829 356 σὺ
850 311 935 369 φῂς
955 316 1131 368 ἄμεινον
1156 309 1266 354 εἶναι
1282 315 1415 354 ταῦτα
1434 315 1593 360 acesim

264 379 363 433 εἰπέ,
391 382 485 422 τίνα
510 376 614 432 ὅρον
633 378 772 431 ὁρίζει.
818 380 963 420 ΠΩΛ.
993 378 1060 420 Σὺ
1080 376 1156 431 μὲν
1180 372 1270 427 οὖν,
1301 371 1335 418 ὦ
1355 376 1591 428 Σώκρατες,

199 449 234 494 O
265 441 489 497 ἀπόκριναι
516 444 644 485 ταύτὸ
671 450 808 487 τοῦτο.
864 444 965 485 ΣΩ.
988 438 1105 496 Ἐγὼ
1131 440 1208 495 μὲν
1235 442 1383 482 τοίνυν
1410 440 1531 494 φημί,
1558 434 1593 481 ὦ

267 512 413 559 Πῶλε,
457 509 496 549 εἴ
520 518 587 550 σοι
613 504 709 561 παρ’
737 505 842 561 ἐμοῦ
870 507 990 561 ἥδιόν
1016 505 1128 548 ἐστιν
1155 505 1344 554 α’κούειν,
1386 504 1489 545 ὅταν
1515 503 1592 557 μὲν

264 574 434 622 δικαίως
459 588 522 621 τις
547 574 681 614 ταῦτα
707 579 822 626 ποιῇ,
858 574 1032 625 ἄμεινον
1060 567 1181 622 εἶναι,
1221 570 1324 611 ὅταν
1350 569 1395 610 δὲ
1422 565 1590 618 ἀδίκως,

263 639 422 680 κάκιον.

350 702 455 759 Cap.
485 701 653 744 XXVI.
714 700 859 740 ΠΩΛ.
922 699 1118 740 Χαλεπόν
1154 695 1201 751 γέ
1239 707 1284 738 σε
1323 695 1504 749 ἐλέγξαι,
1557 689 1591 736 ὦ

264 770 504 821 Σώκρατες,
533 762 618 807 ἀλλ’
642 765 735 820 οὐχὶ
752 765 833 806 κᾶν
852 768 951 814 παῖς
972 777 1017 806 σε
1033 763 1241 817 ἐλέγξειεν,
1269 763 1333 804 ὅτι
1352 763 1432 804 οὐκ
1451 762 1591 815 ἀληθῆ

263 831 417 886 λέγεις,·
447 833 547 873 ΣΩ.
579 830 753 884 Πολλὴν
780 831 863 882 ἄρα
891 827 972 882 ἐγὼ
999 831 1058 885 τῷ
1085 828 1202 870 παιδὶ
1230 828 1352 881 χάριν
1379 825 1468 878 ἔξω,
1496 826 1593 880 ἴσην

334 951 440 986 Πότε
469 946 552 984 οὖν
585 951 634 984 σὺ
665 948 746 993 φῂς
777 947 859 993 ἅμ.]
895 948 1001 983 Codd.
1028 947 1184 990 Πότερον
1213 942 1295 987 οὖν,
1328 948 1479 991 exceptis
1501 946 1593 980 Flor.

265 1008 294 1030 a.
319 1008 345 1030 s.
369 998 507 1030 Meerm.
524 996 612 1039 Aug.
647 995 712 1028 Sed
735 995 837 1027 unice
859 1004 941 1027 vera
963 997 1015 1026 est
1036 993 1177 1037 vulgata
1198 993 1310 1035 lectio,
1331 993 1431 1026 sicuti
1453 995 1593 1035 apparet

264 1053 307 1075 ex
327 1041 540 1085 praecedenti
565 1039 677 1073 ἐνίοτε
700 1038 773 1079 μέν,
797 1038 908 1071 ἐνίοτε
933 1037 981 1071 δέ.

265 1156 420 1196 poterant
442 1153 491 1184 sic
513 1151 699 1184 enuntiari:
723 1150 759 1183 εἰ
780 1150 819 1184 δὲ
841 1150 897 1195 μή,

266 1196 301 1230 τὸ
332 1196 414 1241 μέγα
446 1195 627 1229 δύνασθαί
656 1206 709 1228 σοι
741 1198 898 1236 φαίνεται

264 1239 346 1274 κακὰ
353 1254 372 1273 ν
404 1236 494 1273 εἶναι
529 1242 584 1273 καὶ
619 1238 761 1282 σμικρὸν
792 1237 896 1272 δύνα-

266 1287 360 1324 σθαι,
392 1286 458 1318 sin
482 1286 626 1318 minus
650 1285 795 1327 (utilitas
818 1284 897 1317 inde

265 1331 444 1373 capiatur),
459 1340 646 1373 magnam
661 1330 897 1372 potentiam

265 1385 357 1408 esse
396 1374 549 1407 malum
579 1379 621 1406 et
650 1385 803 1407 revera
833 1384 897 1406 ex-

265 1420 409 1463 iguam
444 1419 701 1462 potentiam.
746 1419 898 1462 Apparet

266 1465 356 1496 enim
378 1464 573 1507 posterioris
599 1473 732 1505 quoque
755 1463 897 1495 membri

265 1509 455 1541 subiectum
473 1518 547 1540 esse
564 1505 598 1540 τὸ
616 1507 698 1550 μέγα
712 1505 896 1539 δύνασθαι.

309 1553 349 1585 Β.
398 1550 458 1584 Σὺ
494 1552 573 1592 μὲν
608 1546 686 1584 οὖν
719 1569 762 1576 -
797 1548 895 1584 α’πό-

267 1608 414 1639 κριναι
445 1593 573 1629 ταύτὸ
617 1595 763 1640 τοῦτο]
798 1597 842 1630 Η.
867 1606 895 1628 e.

267 1642 354 1674 lmo
372 1645 433 1681 tu,
458 1641 648 1680 Socrate,
673 1639 785 1672 idem
807 1640 895 1680 hoc,

266 1684 379 1730 quod
416 1695 467 1718 ex
501 1695 562 1717 me
604 1685 779 1727 quaeris
791 1710 799 1725 ‚
840 1695 896 1717 re-

266 1741 310 1773 sp
321 1740 369 1762 on
379 1729 399 1762 d
409 1740 436 1762 e.
469 1729 564 1762 Nihil
581 1739 722 1762 caussae
745 1734 807 1770 est,
836 1739 897 1762 cur

266 1775 456 1808 scribamus
501 1784 579 1806 cum
626 1773 769 1806 Heind
782 1773 896 1807 orsio

266 1817 450 1860 ἀπόκριναι
474 1815 575 1852 αὐτὸς
601 1820 715 1856 τοῦτο,
748 1817 897 1861 quando-

266 1863 402 1906 quidem
431 1864 525 1895 notio
554 1862 764 1906 pronominis
794 1859 898 1896 utitor

265 1909 335 1940 iam
371 1908 565 1941 continetur
600 1906 661 1939 illo
702 1904 745 1940 σύ
753 1931 763 1946 ,
807 1906 898 1951 quod

266 1952 314 1984 sic
344 1952 381 1984 in
410 1951 578 1995 principio
609 1951 772 1984 orationis
796 1951 897 1984 cono-

266 2002 378 2029 catum
421 1994 569 2029 τόνωσιν
606 1996 717 2029 habet.
779 1996 897 2039 Neque

265 2039 448 2086 probamus
488 2039 579 2082 quod
620 2051 663 2073 ex
702 2040 898 2074 coniectura

266 2084 372 2119 edidit
395 2084 421 2117 C
430 2095 450 2117 ο
458 2095 475 2117 r
485 2094 531 2117 ae
539 2094 555 2117 s
578 2081 760 2126 ἀπόκριναι
784 2087 897 2128 σαυτῷ

268 2132 373 2162 τοῦτο.
421 2128 521 2170 Quod
549 2129 579 2161 si
603 2129 700 2162 Plato
723 2128 897 2171 voluisset,

266 2173 472 2216 scripsisset,
511 2173 649 2216 opinor,
690 2169 804 2208 Αὐτὸς
832 2174 873 2213 μὲ
879 2186 897 2205 v

266 2213 335 2251 οὖν
346 2236 388 2242 -
401 2215 585 2259 ἀπόκριναι
610 2228 639 2250 σ.
665 2229 689 2250 ι.

311 2262 393 2306 Cap.
423 2262 550 2296 XXVI.
596 2261 635 2296 C.
693 2259 866 2295 Χαλεπό
879 2274 897 2293 ν

266 2318 313 2349 γε
334 2325 378 2332 -
400 2306 537 2350 λέγεις
549 2305 580 2359 ,·]
611 2306 665 2339 Ad
687 2305 809 2339 verba:
838 2317 895 2348 χιι·

266 2349 372 2383 λεπόν
395 2350 434 2394 γε’
459 2362 495 2384 σε
519 2349 663 2394 ἐλεγξαι,
698 2344 727 2383 αἶ
750 2349 791 2383 Σ.
800 2375 809 2391 ,
841 2361 896 2384 ve-

266 2395 398 2428 rissime
437 2395 641 2429 Scholiasta:
686 2392 754 2428 ’tat'
793 2393 895 2437 εἰρω-

269 2442 366 2474 νείαν
390 2437 488 2472 τοῦτό
512 2451 538 2481 φ
564 2450 635 2478 σιν,
667 2437 715 2474 ὥς
740 2439 843 2482 δηλοῖ
861 2437 895 2474 τὸ

268 2482 459 2527 ἐπαγόμενο
466 2496 492 2515 ν.
560 2488 572 2516 t
594 2485 644 2517 sic
667 2483 706 2527 γὲ
731 2484 766 2516 in
790 2483 901 2518 ironia

267 2539 335 2562 non
349 2529 553 2571 infrequens.
568 2539 600 2560 v.
615 2529 649 2561 M
660 2540 680 2561 a
688 2533 753 2561 etz
762 2538 784 2561 n
792 2539 811 2562 e
819 2539 846 2562 r.
857 2529 900 2562 ad

268 2574 414 2616 Lyeurg.
429 2583 460 2616 p.
475 2570 551 2606 302.
588 2573 749 2606 Proxima
770 2572 804 2605 Η
815 2573 899 2606 ein-

267 2617 288 2650 d
297 2618 433 2651 orfius
477 2617 563 2649 citra
602 2617 898 2661 interrogationem

965 1151 1161 1194 accipienda
1207 1150 1351 1194 putabat
1392 1160 1468 1182 cum
1509 1148 1595 1181 Ste-

964 1197 1125 1240 phano,
1166 1206 1210 1228 ne
1247 1195 1358 1228 subito
1395 1195 1430 1226 in
1468 1193 1593 1226 serium

965 1245 1110 1274 verteret
1132 1240 1250 1274 oratio.
1295 1238 1361 1272 Sed
1384 1240 1432 1271 ita
1454 1237 1595 1271 offendit

965 1285 1055 1318 istud
1078 1282 1161 1324 κᾶν,
1193 1283 1282 1327 quod
1305 1284 1392 1317 foret
1413 1282 1514 1326 plane
1537 1283 1595 1314 ab-

965 1330 1113 1363 surdum.
1159 1329 1258 1362 Unde
1287 1329 1341 1361 vir
1368 1328 1486 1361 doctus
1508 1325 1595 1359 illud

964 1375 1000 1407 in
1031 1372 1075 1407 ἄν
1103 1377 1269 1407 mutatum
1299 1371 1446 1406 volebat.
1490 1371 1595 1413 Equi-

964 1419 1040 1452 dem
1062 1419 1360 1462 interrogationem
1386 1415 1596 1450 retinendam

964 1463 1118 1496 arbitror.
1164 1462 1264 1505 Quod
1293 1462 1384 1495 enim
1415 1460 1522 1494 Polus
1550 1459 1594 1493 ab

963 1508 1118 1541 irrisione
1130 1512 1268 1551 repente
1278 1507 1401 1539 transit
1416 1505 1460 1538 ad
1473 1504 1595 1537 seriam

964 1552 1054 1585 hanc
1075 1552 1382 1594 reprehensionem,
1404 1550 1439 1582 id
1462 1549 1597 1594 egregie

964 1597 1117 1641 depingit
1130 1597 1313 1638 hominem,
1336 1596 1395 1639 qui
1408 1599 1461 1628 est
1480 1594 1594 1627 animo

963 1641 1048 1674 adeo
1081 1646 1265 1682 commoto,
1301 1645 1341 1673 nt
1373 1639 1595 1674 acerbissima

964 1696 1117 1728 quaeque
1162 1685 1198 1718 in
1245 1685 1418 1718 Socratem
1462 1682 1594 1717 effutire

964 1730 1106 1763 studeat.
1164 1730 1241 1763 Non
1282 1727 1483 1762 mutandum
1519 1736 1595 1761 esse

964 1774 1049 1809 illud
1064 1772 1128 1807 κᾶν
1142 1773 1264 1807 docent
1278 1774 1379 1807 etiam
1394 1772 1456 1806 illa
1474 1783 1508 1816 p.
1519 1770 1596 1806 4⁷1.

965 1819 1027 1860 D.,
1058 1818 1128 1851 .ubi
1158 1819 1314 1852 Socrates
1351 1817 1393 1851 ad
1425 1817 1511 1852 hacc
1545 1826 1593 1849 re-

964 1864 1150 1941 {effers
1166 1863 1222 1943 τε)
1249 1860 1425 1948 wan

965 1920 1171 1996 &gei-&yeuay
1213 1933 1223 1948 ³
1250 1920 1276 1950 ῳ
1514 1963 1518 1967 ·

1009 1997 1052 2030 D.
1077 1995 1205 2038 ἐχθὲς
1222 1996 1288 2029 καὶ
1305 1993 1423 2038 πρώη
1436 1994 1466 2038 ν]
1490 2005 1596 2037 quae

965 2041 1225 2075 acciderunt
1246 2039 1406 2074 nudius
1428 2039 1595 2081 tertius,

964 2084 998 2118 h.
1026 2096 1056 2118 e.
1085 2096 1170 2118 non
1204 2085 1267 2118 ita
1300 2083 1487 2128 pridem,
1525 2095 1594 2117 nn-

963 2129 1160 2172 perrime.
1213 2128 1309 2163 Alibi
1338 2127 1463 2172 legitur
1492 2129 1593 2162 etiam

963 2173 1048 2216 χθὲς
1078 2174 1134 2206 καὶ
1166 2172 1287 2216 πρώην
1326 2177 1360 2207 et
1390 2171 1509 2215 πρώην
1536 2173 1592 2206 καὶ

963 2216 1055 2260 χθές.
1080 2228 1111 2250 v.
1136 2217 1321 2251 Loheck.
1344 2216 1388 2251 ad
1409 2217 1594 2259 Phrynich.

963 2273 997 2306 p.
1024 2260 1101 2296 323.
1161 2261 1380 2296 Illustrarunt
1427 2261 1593 2295 formulae

963 2317 1064 2340 usum
1105 2306 1175 2340 inte
1240 2330 1249 2340 .
1290 2306 1335 2340 ad
1374 2306 1594 2350 Aristoph-

963 2351 1071 2385 Rana.
1116 2361 1148 2383 V.
1177 2317 1262 2386 ¹3,ss
1307 2350 1506 2385 Gataker.
1551 2349 1594 2383 ad

963 2396 1089 2429 Anton.
1112 2395 1157 2435 X,
1180 2394 1211 2429 ¹1.

1007 2437 1243 2482 Ἀρχέλαον
1304 2438 1443 2482 δήπου
1503 2442 1594 2471 τοῦ·

970 2496 1044 2517 τον
1066 2502 1108 2508 -
1163 2483 1400 2524 „Archelaus‚
1433 2482 1474 2516 de
1497 2484 1596 2516 cuius

968 2529 1111 2561 facinori
1137 2539 1177 2561 us
1191 2528 1248 2562 hic
1263 2529 1337 2561 fuse
1359 2528 1482 2570 sgitur‚
1504 2527 1594 2560 haud

966 2583 1087 2616 purum
1121 2579 1239 2616 putum
1268 2578 1339 2606 erat
1368 2571 1479 2604 scelus
1510 2573 1596 2612 sive,

966 2621 1004 2651 ut
1026 2616 1228 2659 loquuntur,
1250 2617 1348 2652 nnus
1377 2617 1501 2650 virtute
1524 2616 1596 2650 red—
