1696 2976
570 140 641 176 An
672 139 1103 178 PROTAGORAM.
1525 136 1551 179 9

131 255 347 307 disciplina,
371 254 644 295 exercitatione
665 253 969 305 comparandam
992 264 1077 293 esse
1098 251 1352 297 arbitrantur,
1376 257 1416 292 ut
1436 252 1551 305 plane

130 325 285 353 mecum
307 313 562 352 consentiant.
621 310 775 350 Etenim
797 311 864 362 qui
892 315 1055 350 naturae
1076 309 1187 362 culpa
1210 311 1250 349 in
1270 323 1313 350 se
1333 309 1450 350 habet
1470 315 1550 350 tur-

130 370 358 422 pitudinem,
381 381 469 409 eum
490 371 640 408 tantum
662 367 772 407 abest
791 372 834 406 ut
849 369 1027 419 puniant,
1050 372 1094 407 ut
1109 379 1245 407 omnes
1264 367 1351 407 talis
1371 368 1552 408 fortunae

130 428 334 471 misereat;
358 428 390 465 si
412 427 498 478 quis
518 429 646 465 autem
663 425 763 463 vitiis
778 424 943 471 laborat,
966 437 1066 477 quae
1088 437 1110 464 a
1130 424 1306 465 socordia
1327 429 1394 464 aut
1413 425 1549 464 inertia

130 484 443 535 proficiscuntur,
466 495 553 523 eum
568 494 661 522 vero
679 482 867 532 castigant
888 494 934 521 ac
949 482 1189 532 gravissimis
1209 482 1348 534 poenis
1365 481 1551 527 afficiunt,

129 541 246 592 idque
273 552 353 580 non
384 539 459 579 alio
499 539 679 584 consilio,
720 539 794 577 nisi
832 542 874 577 ut
902 538 1067 578 malefici
1114 538 1162 577 ad
1203 538 1347 578 bonam
1396 538 1551 589 frugem

129 602 362 637 revocentur
379 628 390 643 ,
442 597 563 636 ceteri
616 601 747 635 autem
796 595 845 635 de
904 596 1002 635 vitiis
1059 595 1255 646 fugiendis
1312 595 1551 635 admonean-

131 661 206 694 tur.
266 654 402 705 Neque
439 652 554 699 illud,
604 653 707 705 quod
746 652 794 691 de
833 652 922 692 filiis
966 652 1164 692 clarorum
1202 658 1240 692 et
1276 652 1551 692 excellentium

128 712 301 751 virorum
337 711 483 750 dictum
519 714 598 755 est,
633 709 712 749 ullo
747 709 864 749 modo
895 709 1046 749 videtur
1078 709 1349 750 demonstrare
1368 710 1551 749 virtutem

128 768 261 808 doceri
293 780 373 807 non
413 779 540 819 posse.
612 767 763 806 Etenim
808 768 1005 806 communi
1048 766 1252 806 hominum
1295 768 1553 807 consensione

127 826 282 869 iustitia,
305 825 576 876 temperantia,
598 823 694 863 aliae
723 825 898 869 virtutes,
922 823 1104 863 omnibus
1133 823 1282 864 civibus
1313 829 1393 863 tam
1414 835 1551 864 neces-

127 883 252 921 sariae
272 882 506 927 iudicantur,
528 886 571 920 nt
599 881 681 920 sine
702 882 750 920 iis
771 880 994 932 respublica
1023 884 1126 920 stare
1153 892 1269 931 posse
1299 880 1405 921 nullo
1435 886 1551 932 pacto

127 939 312 978 videatur.
354 938 546 985 Quocirca
567 939 747 978 universa
767 938 958 983 educatio,
981 950 1100 989 quum
1116 939 1264 989 privata
1280 943 1362 977 tum
1379 937 1549 989 publica,

127 1008 173 1035 eo
195 1000 357 1047 spectat,
378 999 422 1034 ut
441 995 611 1040 iuvenes
636 1000 822 1046 quantum
843 995 930 1034 fieri
950 996 1089 1046 possit,
1120 995 1167 1033 ad
1188 995 1340 1035 virtutis
1362 996 1550 1034 exercita-

127 1053 270 1091 tionem
292 1052 602 1092 conformentur.
645 1052 779 1103 Neque
798 1051 930 1090 dicere
950 1057 1058 1091 recte
1075 1051 1165 1091 licet
1185 1051 1258 1090 hac
1281 1054 1433 1091 ratione
1453 1051 1551 1091 nihil

125 1110 274 1160 profici.
334 1109 419 1148 Imo
440 1121 533 1148 vero
554 1120 691 1148 omnes
720 1109 767 1148 ad
790 1108 956 1160 aliquam
988 1109 1140 1148 virtutis
1170 1109 1361 1148 rationem
1390 1107 1551 1148 faculta-

125 1172 280 1218 temque
302 1165 561 1210 adducuntur,
583 1177 712 1216 neque
733 1165 992 1204 dubitandum
1014 1171 1091 1210 est,
1122 1166 1215 1217 quin
1236 1165 1550 1217 improbissimus

127 1235 174 1262 ex
193 1224 252 1267 iis,
275 1224 342 1274 qui
363 1222 436 1262 sub
458 1221 608 1273 legibus
638 1227 676 1262 et
702 1224 806 1262 inter
833 1222 1015 1262 homines
1043 1223 1196 1268 vivunt,
1220 1234 1309 1261 cum
1331 1222 1551 1274 agrestibus

126 1291 172 1319 ac
193 1278 373 1331 solivagis
393 1278 620 1318 hominibus
642 1283 891 1331 comparatus
902 1281 1054 1319 virtutis
1072 1291 1234 1332 compos
1253 1292 1338 1320 esse
1357 1279 1548 1320 videatur.

125 1336 259 1388 ltaque
279 1349 329 1376 ne
349 1337 375 1375 ii
397 1336 567 1387 quidem,
590 1338 657 1388 qui
678 1348 697 1375 a
710 1342 918 1387 parentum
934 1337 1076 1376 virtute
1086 1337 1345 1382 desciverunt,
1367 1342 1550 1390 propter-

126 1405 171 1433 ea
208 1393 423 1445 degeneres
467 1392 661 1432 habentur
683 1425 692 1438 ‚
729 1393 833 1445 quod
878 1395 984 1432 omni
1013 1394 1172 1433 omnino
1208 1394 1351 1434 virtute
1380 1394 1550 1434 destituti

125 1456 227 1495 sunt,
249 1450 319 1490 sed
341 1450 428 1502 quia
448 1454 612 1501 propter
639 1451 833 1490 minorem
862 1450 1008 1501 ingenii
1035 1450 1249 1490 bonitatem
1279 1451 1326 1490 ad
1356 1452 1549 1492 maiorum

125 1519 287 1546 suorum
315 1507 592 1558 praestantiam
626 1508 832 1559 pervenire
867 1519 946 1546 non
976 1512 1202 1559 potuerunt.
1232 1532 1290 1538 —-
1320 1508 1446 1548 Finita
1475 1509 1549 1549 hac

124 1565 301 1604 oratione
335 1564 572 1615 Protagoras
616 1564 744 1604 denuo
788 1577 830 1604 se
863 1564 1071 1615 profitetur
1113 1565 1265 1604 virtutis
1303 1565 1548 1616 magistrum,

124 1633 313 1673 suamque
348 1620 592 1672 disciplinam
630 1622 681 1661 ait
715 1621 839 1661 multo
873 1622 1083 1672 grandiore
1104 1622 1261 1673 dignam
1293 1634 1378 1662 esse
1406 1625 1546 1674 pretio,

124 1690 241 1730 quam
259 1678 364 1731 quod
384 1680 469 1729 ipse
485 1690 506 1717 a
523 1678 723 1730 discipulis
748 1679 906 1730 exigere
934 1678 1066 1719 soleat.
1103 1679 1146 1719 P.
1171 1683 1252 1723 322
1275 1679 1306 1718 D
1333 1703 1379 1708 -
1399 1678 1480 1719 328
1502 1680 1546 1720 D.

236 1735 317 1774 Hac
345 1735 582 1786 Protagorae
617 1737 793 1774 oratione
824 1736 1063 1775 audientium
1097 1736 1216 1775 animi
1251 1736 1349 1775 adeo
1379 1738 1548 1788 permoti

124 1796 236 1836 sunt,
271 1796 316 1830 ut
336 1803 474 1831 omnes
494 1791 656 1843 plausus
677 1805 722 1831 ac
743 1792 948 1838 clamores,
973 1792 1133 1844 quibus,
1171 1793 1226 1832 uti
1253 1798 1431 1833 veterum
1461 1807 1547 1833 mos

125 1853 219 1894 erat,
241 1847 338 1888 aliae
359 1848 558 1899 sophistae
578 1851 778 1889 orationes
809 1855 995 1901 exceptae
1026 1862 1111 1889 esse
1132 1849 1336 1895 dicuntur,
1364 1852 1449 1902 ipsa
1479 1851 1546 1890 ad-

123 1905 329 1944 miratione
358 1906 711 1956 comprimerentur
742 1911 779 1945 et
808 1907 991 1946 Socrates
1020 1907 1309 1958 obstupefactus
1337 1906 1402 1947 diu
1431 1908 1546 1948 etiam

123 1962 298 2001 oratione
319 1962 427 2001 finita
449 1974 469 2000 a
498 1962 737 2014 Protagorae
767 1962 874 2002 vultu
902 1963 1105 2014 penderet.
1163 1963 1263 2003 Tum
1292 1975 1386 2003 vero
1414 1965 1544 2005 animo

124 2018 301 2064 collecto,
323 2023 530 2070 postquam
552 2019 779 2070 Hippocrati
800 2021 944 2071 gratias
965 2021 1060 2071 egit,
1083 2020 1188 2072 quod
1208 2032 1250 2060 se
1271 2020 1481 2073 impulerit,
1503 2027 1547 2062 ut

124 2088 170 2114 eo
191 2076 353 2120 veniret,
384 2075 623 2127 Protagorae
646 2077 823 2116 oratione
853 2077 892 2116 id
922 2077 1104 2117 effectum
1136 2089 1221 2117 esse
1242 2078 1471 2124 confitetur,
1502 2085 1547 2119 ut

125 2133 222 2183 ipse,
246 2133 339 2184 quin
362 2134 482 2171 virtus
498 2132 667 2172 humana
690 2145 784 2173 cura
806 2146 851 2172 ac
873 2133 1075 2185 disciplina
1097 2134 1197 2173 tradi
1210 2136 1344 2187 possit,
1367 2147 1447 2174 non
1467 2137 1543 2175 iam

124 2188 286 2228 dubitet.
336 2188 412 2228 Sed
435 2189 482 2229 de
504 2189 745 2241 singularum
767 2191 951 2230 virtutum
975 2192 1248 2231 coniunctione
1277 2196 1316 2231 et
1344 2193 1545 2244 conspira-

124 2245 229 2285 tione
250 2245 342 2297 quid
362 2246 608 2286 sentiendum
630 2259 716 2286 esse
743 2248 939 2294 videatur,
975 2248 1014 2287 id
1053 2260 1099 2287 ex
1134 2248 1235 2287 illius
1267 2249 1443 2289 oratione
1463 2261 1544 2289 non

123 2303 215 2341 satis
235 2314 278 2341 se
298 2303 525 2352 cognovisse
547 2303 651 2350 dicit,
672 2309 875 2355 rogatque,
910 2310 952 2344 ut
973 2314 1058 2344 eam
1079 2317 1163 2344 rem
1185 2304 1302 2356 paulo
1323 2307 1544 2346 accuratius

122 2363 395 2411 persequatur,
418 2359 534 2411 idque
554 2359 681 2412 longis
702 2361 944 2401 orationibus
964 2362 1103 2408 missis,
1136 2367 1179 2401 ut
1199 2361 1371 2402 breviter
1399 2362 1460 2403 vel
1480 2376 1543 2403 re-

123 2415 353 2467 spondendo
381 2415 441 2454 vel
470 2417 749 2468 interrogando
780 2417 1038 2471 colloquatur.
1098 2418 1232 2470 Itaque
1265 2432 1387 2472 quum
1407 2420 1541 2460 Prota·

123 2483 238 2523 goras
266 2473 305 2511 in
334 2472 603 2523 superioribus
630 2473 799 2524 plurium
834 2476 1022 2515 virtutum
1056 2477 1296 2515 mentionem
1334 2477 1541 2522 iniecisset,

123 2528 304 2568 Socrates
324 2540 429 2568 nunc
451 2542 498 2568 ex
520 2541 565 2568 eo
587 2532 751 2581 quaerit,
773 2537 904 2572 utrum
925 2532 999 2571 hae
1021 2544 1157 2572 omnes
1185 2544 1258 2584 pro
1285 2545 1363 2573 una
1393 2538 1542 2573 tantum

124 2585 338 2637 eademque
358 2586 500 2625 virtute
527 2585 730 2627 habendae
758 2589 980 2633 videantur,
1011 2600 1058 2627 an
1088 2590 1216 2629 variae
1245 2590 1362 2629 unius
1391 2590 1542 2629 virtutis

91 2646 96 2648 “
123 2646 254 2692 partes
282 2642 511 2682 iudicandae
541 2643 628 2682 sint.
688 2644 944 2696 Amplectitur
972 2645 1145 2696 sophista
1174 2647 1431 2698 posteriorem
1452 2658 1541 2686 sen-

123 2699 295 2737 tentiam.
336 2699 471 2750 Itaque
492 2698 575 2738 ille:
599 2699 639 2740 Si
659 2701 776 2752 igitur
797 2707 898 2747 sunt,
921 2702 1059 2754 inquit,
1082 2715 1104 2742 0
1126 2702 1250 2748 boue,
1273 2703 1387 2742 unius
1407 2708 1541 2753 partes

122 2754 285 2801 virtutis,
307 2755 381 2795 hae
400 2757 508 2807 ipsae
528 2760 660 2807 partes
681 2763 746 2797 aut
766 2758 882 2810 plane
914 2758 1078 2799 eandem
1106 2759 1252 2799 habere
1280 2764 1444 2810 possunt
1471 2772 1540 2800 na-

122 2814 270 2857 turam,
301 2823 416 2863 quam
444 2818 579 2859 totum,
603 2815 931 2864 quemadmodum
962 2817 1047 2855 auri
1076 2815 1289 2868 particulae
1310 2829 1331 2855 a
1359 2820 1440 2855 toto
1460 2829 1540 2856 non

124 2866 326 2912 differunt;
362 2874 427 2908 aut
453 2870 557 2909 inter
590 2882 632 2910 se
667 2870 841 2911 diversae
868 2877 1054 2924 poterunt
1085 2885 1170 2912 esse
1191 2874 1266 2918 sic,
1289 2877 1345 2926 gut
1365 2873 1539 2926 singulae
