1702 2924
469 68 713 132 GORGIAS}
743 92 788 130 P.
819 94 913 129 458.
945 94 1040 129 459.
1069 92 1129 130 ed.
1160 92 1217 130 St.
1440 96 1518 132 119

162 202 227 256 δή,
258 193 292 242 ὦ
322 203 364 242 Γ
359 202 504 254 οργία,
544 203 571 242 ἃ
599 199 808 254 θαυμάζω
837 197 885 240 ἐν
912 203 1003 248 τοῖς
1028 198 1275 254 λεγομένοις
1301 197 1387 241 ὑπὸ
1418 207 1520 242 σοῦ·

163 266 264 314 ἴσως
300 267 383 319 γάρ
420 282 488 309 τοι
514 270 597 308 σοῦ
624 265 768 318 ὀρθῶς
795 264 996 318 λέγοντος
1023 264 1106 319 ἐγὼ
1133 260 1215 308 οὐκ
1241 265 1386 318 ὀρθῶς
1414 266 1520 308 ὑπο·

162 333 379 386 λαμβάνω.
420 332 648 387 ῥητορικὸν
685 328 773 385 φῂς
810 334 951 372 ποιεῖν
989 326 1080 380 οἷός
1115 326 1152 372 τ’
1182 327 1317 379 εἶναι,
1357 329 1432 372 ἐοίν
1458 346 1521 379 τις

163 398 369 452 βούληται
390 398 506 452 παρὰ
525 403 606 439 σοῦ
626 397 888 451 μανθάνειν;
918 398 960 437 Γ
961 397 1046 438 ΟΡ.
1066 397 1168 438 Ναί.
1205 398 1310 438 Σῼ.
1345 397 1520 438 Οὐκοῦν

161 461 254 516 περὶ
274 464 450 506 πάντων
473 458 567 512 ὤςτ’
599 461 646 504 ἐν
667 465 778 518 ὄχλῳ
798 462 991 503 πιθανὸν
1012 458 1135 512 εἶναι,
1152 454 1219 504 ὀὐ
1246 462 1519 513 διδάσκοντα,

160 528 267 571 ἀλλὰ
306 530 541 579 πείθοντας
593 530 634 570 Γ
632 530 716 570 ΟΡ.
761 528 891 569 Πάνυ
928 526 1007 581 μὲν
1045 523 1138 569 οὖν.

160 595 312 636 τοίνυν
339 594 416 649 δὴ,
456 592 522 637 ὅτι
558 594 630 636 καὶ
656 593 753 646 περὶ
779 600 858 635 τοῦ
885 593 1079 647 ὑγιεινοῦ
1106 599 1185 635 τοῦ
1212 593 1362 645 ἰατροῦ
1389 596 1518 634 πιθα-

160 660 345 712 νώτερος
382 657 496 701 ἔσται
523 660 548 702 ὁ
576 659 730 715 ῥήτωρ.
786 661 827 700 Γ
828 659 915 700 ΟΡ.
958 658 1045 699 Καὶ
1073 658 1155 712 γὰρ
1184 656 1354 712 ἔλεγον,
1395 655 1442 699 ἔν
1469 673 1516 711 γε

160 726 278 779 ὄχλῳ.
333 727 432 766 ΣΩ.
476 726 652 767 Οὐκοῦν
677 726 727 766 τὸ
756 722 803 766 ἐν
831 726 941 781 ὄχλῳ
968 725 1097 766 τοῦτό
1127 724 1241 765 ἐστιν
1269 723 1316 765 ἐν
1342 727 1433 773 τοῖς
1458 722 1516 778 μὴ

158 791 338 841 εἰδόσινς
388 791 443 832 οὐ
488 790 572 845 γὰρ
607 790 750 845 δήπου
787 787 834 831 ἔν
871 805 919 843 γε
955 793 1046 838 τοῖς
1082 790 1213 835 εἰδόσι
1250 794 1330 832 τοῦ
1367 790 1517 842 ἰατροῦ

159 857 453 910 πιθανώτερος
480 853 606 897 ἔσται.
656 859 697 898 Γ
697 857 783 898 ΟΡ.
819 851 981 910 Ἀληθῆ
1009 853 1153 908 λέγεις.
1202 856 1304 896 Σῼ.
1339 855 1517 896 Οὐκοῦν

158 921 275 975 εἴπερ
302 927 380 964 τοῦ
411 923 561 975 ἰατροῦ
590 923 885 975 πιθανώτερος
913 918 1051 972 ἔσται,
1091 928 1171 963 τοῦ
1200 921 1363 969 εἰδότος
1389 924 1515 961 πιθα-

159 987 343 1039 νώτερος
376 987 590 1041 ’γίγνεταις
641 989 769 1029 ΓΟΡ.
811 989 942 1029 Πάνυ
970 1001 1028 1038 γε.
1096 988 1200 1029 ΣΩ.
1254 987 1346 1028 Οὐκ
1371 986 1517 1039 ἰατρός

156 1067 204 1106 γε
241 1054 324 1094 ὤν·
363 1048 391 1107 ἦ
425 1054 533 1107 γάρς
582 1056 706 1095 ΓΟΡ.
748 1054 851 1095 Ναί..
908 1054 1012 1094 Σῼ.
1055 1047 1107 1094 ‘0
1135 1052 1179 1094 δὲ
1207 1052 1265 1106 μὴ
1297 1052 1441 1104 ἰατρός
1468 1066 1514 1104 γε
1544 1050 1582 1092 Β

156 1119 298 1173 δήπου
317 1119 618 1174 ἀνεπιστήμων
636 1111 698 1160 ὧν
719 1119 743 1161 ὁ
772 1119 916 1171 ἰατρὸς
935 1117 1188 1172 ἐπιστήμων.
1222 1121 1263 1159 Γ
1263 1119 1348 1159 ΟΡ.
1367 1121 1517 1171 Δῆλον

160 1180 236 1225 ὅτι.
294 1186 396 1227 ΣΩ.
442 1180 493 1227 Ὅ
529 1186 609 1227 οὐκ
646 1184 766 1234 εἰδὼς
794 1187 877 1237 ἄρα
905 1191 984 1226 τοῦ
1010 1184 1174 1233 εἰδότος
1202 1182 1250 1226 ἐν
1278 1183 1358 1225 οὐκ
1386 1183 1516 1224 εἰδόσι

158 1251 454 1305 πιθανώτερος
491 1249 626 1300 ἔσται,
669 1246 775 1292 ὅταν
811 1250 835 1292 ὁ
873 1250 1014 1304 ῥήτωρ
1041 1256 1120 1291 τοῦ
1148 1250 1297 1302 ἰατροῦ
1326 1248 1515 1290 πιθανώ-

158 1329 278 1367 τερος
305 1313 347 1369 ᾖ.
374 1322 502 1358 τοῦτο
531 1317 777 1370 συμβαίνει,
819 1316 845 1369 ἢ
874 1318 977 1357 ἄλλο
1005 1330 1067 1365 τι;
1119 1317 1245 1357 ΓΟΡ.
1284 1316 1422 1356 Τοῦτο
1451 1313 1515 1355 ἐν-

159 1382 304 1422 ταῦθα
340 1396 387 1435 γε
428 1382 665 1435 συμβαίνει.
724 1383 825 1422 Σῼ.
859 1378 1035 1423 Οὐκοῦν
1062 1380 1130 1422 καὶ
1161 1379 1257 1434 περὶ
1284 1380 1360 1429 τὰς
1387 1382 1517 1428 ἄλλας

159 1446 326 1496 ἁπάσας
363 1446 510 1501 τέχνας
547 1445 745 1495 ὠςαύτως
782 1444 862 1499 ἔχει
901 1446 924 1487 ὁ
965 1446 1105 1500 ῥήτωρ
1134 1445 1204 1486 καὶ
1231 1446 1260 1500 ή
1288 1445 1514 1499 ῥητορική·

160 1512 268 1554 αὐτὰ
305 1512 383 1566 μὲν
422 1511 474 1554 τὰ
509 1513 737 1566 πράγματα
777 1510 906 1553 οὐδὲν
944 1511 1010 1552 δεῖ
1045 1509 1181 1565 αὐτὴν
1218 1509 1374 1552 εἰδέναι
1402 1506 1517 1559 ὅπως

226 1636 295 1668 καὶ
328 1639 455 1668 ταῦτα
485 1633 619 1669 αὐτὸν
648 1633 814 1678 ἐπαγγ.]
840 1635 895 1667 καὶ
921 1638 1024 1667 ταῦτα
1047 1645 1113 1667 om.
1139 1634 1255 1669 Clark.
1282 1634 1387 1667 Goisl.
1411 1633 1516 1666 Vind.

157 1682 189 1715 1.
209 1682 241 1716 6.
274 1683 353 1715 Par.
377 1682 534 1715 EFIW.
570 1681 664 1714 Flor.
689 1682 712 1716 f.
738 1692 764 1714 S.
799 1681 846 1713 Et
874 1685 987 1724 potest
1016 1685 1110 1713 reete
1142 1679 1276 1713 abesse.
1313 1680 1389 1713 Om.
1415 1680 1515 1712 Turr.

153 1729 271 1761 Herm.

224 1773 265 1805 E.
314 1772 442 1805 δοκεῖ
472 1771 687 1815 τουτοισί]
722 1772 764 1804 V.
789 1769 955 1810 τούτοισι,
981 1771 1072 1813 quod
1097 1781 1141 1804 ex
1165 1770 1299 1813 aliquot
1321 1770 1420 1802 libris
1445 1780 1518 1802 eor—

155 1819 245 1851 rexit
268 1818 417 1851 Bekker.

1205 529 1308 568 ΣΩ.
1347 523 1520 581 ’meres
1547 530 1631 571 459

226 1866 265 1896 P.
288 1862 367 1896 459.
406 1861 579 1906 Ἐλεγες
611 1865 768 1895 τοίνυν
801 1861 868 1905 δὴ,
904 1860 989 1905 ὅτι]
1025 1861 1148 1894 Malim
1180 1871 1258 1893 eum
1282 1860 1444 1893 Bekkero
1470 1872 1517 1892 τοι.

159 1913 235 1948 νῦν,
260 1909 352 1951 quod
374 1912 489 1941 tamen
513 1909 550 1940 in
573 1907 672 1940 codd.
697 1918 766 1940 non
791 1912 973 1950 repertum.

228 1955 268 1987 Β.
315 1950 453 1987 οὐδὲν
476 1953 545 1987 δεῖ
565 1951 702 1997 αὐτὴν
726 1952 918 1995 εἰδέναι]
945 1951 1147 1996 Sybrandus
1172 1949 1282 1984 αὐτὸν
1304 1951 1457 1993 requirit.

161 2067 312 2100 nescio
358 2077 411 2099 an
457 2076 554 2098 non.
628 2066 804 2099 Interdum

160 2117 276 2145 tamen
323 2111 521 2144 dubitanter
566 2111 724 2144 affirmat.
771 2122 804 2143 v.

161 2159 277 2201 Symp.
302 2156 379 2190 216.
403 2158 443 2190 E.
478 2157 640 2190 Weisk.
670 2157 714 2190 ad
737 2157 805 2190 Xe-

160 2204 264 2282 321232f·
289 2201 642 2281 iff⁰ff·}'1¹1123’03·
670 2204 804 2281 321³,ss-

163 2295 251 2327 eian.
275 2294 402 2326 Toxar.
417 2304 452 2336 p.
467 2292 521 2327 84.
543 2312 587 2317 —-
611 2292 688 2336 τὴν
713 2290 803 2337 ἡμέ-

168 2352 185 2381 ρ
197 2352 218 2371 α
231 2352 249 2370 ι»
279 2337 353 2381 ὅλη
364 2351 383 2370 ν
413 2340 435 2371 i.
459 2350 492 2381 q.
516 2338 600 2374 ὥςτε
625 2338 707 2381 ὅλην
732 2338 804 2371 δια-

161 2383 339 2428 γενέσθαι.

208 2429 251 2462 τό
274 2427 302 2473 γ’
337 2428 445 2470 ἐμὸν
469 2426 602 2462 οὐδὲν
625 2428 804 2473 κωλύει]

163 2476 300 2508 Politia.
325 2487 357 2518 p.
377 2473 456 2508 258.
471 2476 516 2507 B:
540 2473 583 2508 οὐ
608 2473 646 2507 τὰ
673 2473 715 2508 σὰ
740 2487 806 2508 κω-

164 2520 261 2554 λύειν
286 2523 456 2561 φαίνεται,
480 2521 542 2553 ubi
564 2531 597 2553 v.
621 2531 701 2554 ann.

207 2568 246 2599 P.
269 2565 347 2599 459.
382 2567 419 2598 Β.
460 2569 584 2598 τοῦτο
609 2565 653 2599 ἐν
665 2564 808 2599 ταῦθά

160 2624 206 2656 γε
232 2611 274 2655 σ.]
300 2613 337 2644 in
362 2616 434 2644 arte
455 2611 599 2645 medica.

920 2063 1126 2099 ώςαύτως
1158 2066 1246 2106 ἔχει
1273 2083 1319 2088 -
1347 2061 1517 2108 ῥητορι-

873 2109 941 2154 κή·
966 2108 1073 2143 αὐτὰ
1097 2110 1175 2150 μὲν
1201 2107 1244 2142 τὰ
1270 2109 1355 2153 πμ]
1381 2112 1434 2142 De
1451 2110 1518 2141 hac

872 2160 1044 2189 structura
1076 2166 1108 2188 ν.
1138 2155 1181 2188 ad
1204 2166 1238 2198 p.
1260 2154 1339 2190 450.
1364 2156 1408 2188 A.
1452 2156 1519 2187 Pro

873 2199 983 2245 αὐτὴν
1027 2202 1198 2243 Sybran
1208 2200 1286 2233 dus
1332 2201 1519 2244 legendum

872 2249 1018 2290 putabat
1030 2245 1151 2285 αὐτόν,
1175 2247 1339 2288 quoniam
1351 2246 1410 2278 hic
1432 2257 1519 2278 sem-

873 2304 934 2336 per
968 2292 1009 2324 de
1041 2296 1174 2325 oratore
1205 2295 1240 2323 et
1268 2302 1338 2323 non
1370 2291 1412 2323 de
1442 2292 1521 2324 rhe-

873 2339 981 2371 torica
1004 2348 1115 2370 sermo
1139 2347 1215 2370 esse
1238 2336 1406 2369 videatur.
1452 2337 1520 2369 Sed

873 2384 1011 2416 videtur
1040 2384 1184 2425 scriptor
1215 2392 1310 2414 nuno
1344 2382 1385 2415 de
1420 2382 1519 2414 indu-

875 2430 960 2462 stria
976 2428 1032 2461 καὶ
1050 2425 1070 2472 ἦ
1085 2426 1247 2470 ῥητορικὴ
1261 2428 1520 2470 interposuisse,

876 2485 1039 2517 quorsum
1052 2472 1163 2516 αὐτὴν
1179 2474 1335 2511 refertur.
1367 2475 1420 2506 De
1444 2474 1522 2515 ipsa

876 2520 1048 2553 sententia
1061 2523 1176 2552 autem
1196 2520 1359 2552 consulas
1376 2518 1521 2551 Phaedr.

876 2577 908 2608 p.
921 2564 998 2598 272.
1013 2564 1091 2598 273.
1107 2566 1164 2606 D.,
1186 2575 1288 2608 quem
1313 2564 1429 2596 locum
1453 2564 1522 2595 iam

876 2610 1091 2644 Routhius
1115 2610 1274 2644 contulit.
