1702 2924
246 147 321 189 168
777 147 1034 188 PLATONIS
1079 149 1082 153 ’

243 250 484 306 ἐκτέμνηται
519 251 589 295 καὶ
631 253 732 304 τοὺς
768 251 1021 309 ὀφθαλμοὺς
1067 254 1262 311 ἑκκάηται
1275 289 1287 308 ,
1333 258 1404 300 καὶ
1444 259 1572 307 ἄλλας

244 315 402 365 πολλὰς
436 316 506 358 καὶ
542 317 722 371 μεγάλας
767 318 838 360 καὶ
884 319 1155 370 παντοδαπὰς
1191 322 1331 376 λώβας
1369 322 1495 371 αὐτός
1529 336 1573 364 τε

246 379 452 434 λωβηθεὶς
478 379 548 422 καὶ
572 381 672 431 τοὺς
700 382 832 425 αὐτοῦ
865 382 1020 426 ἐπιδὼν
1047 385 1200 434 παῖδάς
1226 399 1269 427 τε
1294 385 1364 428 καὶ
1391 388 1574 439 γυναῖκα

246 445 294 486 τὸ
321 442 495 498 ἔσχατον
522 445 832 502 α’νασταυρωθῇ
868 448 894 502 ἢ
933 453 1227 503 καταπιττωθῃ
1241 481 1253 499 .,
1289 443 1413 498 οὗτος
1439 450 1574 492 soom.-

247 506 494 562 μονέστερος
529 507 665 558 ἔσται,
701 510 728 565 ἢ
773 511 847 554 ἐὰν
884 512 1106 566 διαφυγὼν
1144 514 1355 566 τύραννος
1391 521 1574 569 καταστῇ

247 573 316 615 καὶ
343 575 483 627 ἄρχων
518 572 564 615 ἐν
589 581 640 628 τῇ
667 576 786 617 πόλει
821 577 969 631 διαβιῷ
1000 579 1135 619 ποιῶν
1163 577 1186 619 ὅ
1212 593 1253 619 τι
1278 576 1332 619 ἂν
1359 579 1574 632 βούληται.

249 639 427 691 ζηλωτὸς
453 636 514 680 ὢν
540 637 609 680 καὶ
637 639 1026 695 εὐδαιμονιζόμενος
1062 640 1146 683 ὑπὸ
1185 643 1271 683 τῶν
1298 644 1481 684 πολιτῶν
1506 642 1577 685 καὶ

175 699 217 741 D
246 704 332 743 τῶν
351 704 490 744 ἄλλων
504 700 654 753 ξένωνς
682 710 812 745 ταῦτα
828 703 961 759 λέγεις
979 705 1192 748 ἀδύνατον
1209 702 1317 747 εἶναι
1333 704 1576 761 ἐξελέγχεινς

315 833 351 866 C.
377 828 505 869 οὗτος
535 831 930 878 εὐδαιμονέστερος
961 836 1090 881 ἔσται]
1123 835 1425 877 εὐδαιμονέστατος
1457 837 1574 872 Clark.

249 878 324 910 Vat.
358 878 462 911 Coisl.
500 880 585 912 Ven.
619 879 698 913 ΞΣ.
736 881 837 914 vind.
874 881 905 915 2.
935 881 967 915 6.
1000 880 1030 915 7.
1069 883 1144 915 Par.
1179 883 1274 917 VW.
1312 883 1401 927 Aug.
1438 884 1578 917 Meerm.

250 922 346 963 Quae
369 923 445 956 vide
468 934 511 956 ne
534 934 615 957 vera
638 925 683 956 sit
707 925 816 958 lectio.
862 927 948 958 Nam
980 927 1116 969 ponitur
1145 927 1373 970 superlativus
1404 938 1463 971 pro
1487 938 1578 961 com·

248 968 401 1009 parativo
425 968 492 1009 sic,
522 972 562 1001 ut
589 974 763 1003 remaneat
791 970 844 1002 vis
867 971 1083 1013 comparandi
1105 977 1264 1014 sequente
1295 970 1315 1016 ἦ
1337 972 1393 1005 vel
1415 974 1577 1016 genitivo.

249 1022 280 1044 v.
305 1013 491 1047 Hermann.
515 1012 559 1046 ad
582 1013 695 1056 Viget.
719 1025 750 1057 p.
775 1013 848 1047 718.
874 1015 952 1048 coll.
976 1016 1151 1049 Matthiae.
1176 1017 1326 1049 Gramm.
1349 1018 1379 1057 §-
1403 1016 1480 1052 464.
1517 1018 1576 1050 At-

251 1066 315 1098 que
338 1056 416 1089 inde
448 1058 709 1099 explicationem
741 1059 843 1092 habet
873 1060 979 1093 altera
1006 1060 1108 1093 lectio
1139 1055 1238 1095 οὗτος
1269 1059 1462 1100 εὐδαίμων,
1491 1072 1578 1104 quae

251 1105 302 1133 est
324 1101 360 1133 in
384 1101 461 1134 Ald.
486 1102 563 1135 Bas.
589 1101 619 1135 1.
644 1108 719 1135 octo
743 1103 969 1144 Florentium,
998 1105 1074 1137 Par.
1105 1105 1278 1139 BCEFI.
1331 1106 1419 1138 Nam
1442 1116 1484 1138 ea
1506 1111 1580 1139 ortt

249 1145 383 1178 videtur
405 1157 448 1179 ex
472 1145 579 1181 οὕτως
602 1144 795 1187 εὐδαίμων,
827 1159 893 1191 quo
923 1149 1124 1192 superlativi
1153 1151 1221 1182 vim
1252 1151 1440 1193 exprimere
1462 1151 1577 1183 volue-

250 1194 330 1222 runt
350 1192 572 1233 grammatici.
618 1192 761 1225 Videtur
789 1197 903 1226 tamen
926 1194 1067 1237 vulgata
1098 1194 1200 1228 lectio
1236 1194 1360 1227 firmnri
1383 1194 1496 1228 verbis
1519 1195 1579 1228 So-

249 1235 351 1290 crgtie
373 1245 405 1278 p.
429 1234 504 1269 473.
528 1237 579 1268 D:
603 1234 908 1280 εὐδαιμονέστερος
940 1241 1060 1271 τοίνυν
1090 1236 1254 1272 οὐδέποτε
1277 1239 1368 1272 ἔσται
1398 1237 1578 1281 οὐδέτερος

250 1283 374 1315 αυτιῦν.

294 1369 338 1401 D.
386 1367 590 1412 σμικρόν·
624 1367 700 1402 ἐὰν
732 1368 905 1414 α’δίκως]
953 1371 1281 1406 Schleiermacherue
1313 1373 1402 1406 coni.
1430 1372 1481 1411 εἰ,
1515 1370 1578 1405 ἐὰν

250 1410 377 1448 ἀδίκως
402 1413 452 1446 ἐπ.
489 1414 687 1456 τυραννίδι,
719 1411 833 1455 εἶπες,
864 1420 904 1449 ut
925 1416 1001 1449 Poli
1029 1417 1110 1458 illa,
1140 1415 1203 1450 ἐὰν
1231 1415 1360 1451 ἀδικῶν
1390 1415 1578 1459 ἄνθρωπος

951 1549 983 1570 π.
1009 1550 1034 1570 τ.
1067 1550 1094 1570 κ.
1125 1537 1168 1582 y.]
1204 1538 1317 1572 luten.
1347 1538 1578 1582 λωβηθέντας.

949 1582 1093 1616 Thom.
1115 1584 1219 1626 Mag.
1242 1594 1275 1626 p.
1294 1581 1378 1618 335:
1410 1582 1444 1616 τὸ
1469 1582 1576 1616 ἐπεῖ·

248 1530 335 1568 εἶναι
367 1535 519 1576 δίκαιον,
556 1534 637 1569 ἀλλὰ
677 1536 793 1570 δοκεῖν
830 1536 886 1570 δεῖ

249 1579 394 1615 ἐθέλειν.
456 1580 540 1613 Ibid.
580 1582 623 1613 X.
662 1591 693 1624 p.
730 1580 805 1615 613.
841 1582 881 1614 Ε.

248 1625 398 1658 Antius
429 1625 472 1658 ad
495 1624 595 1658 Polit.
629 1636 660 1668 p.
683 1624 760 1659 397.
791 1626 882 1659 hunc

249 1669 362 1702 locum
386 1670 483 1703 iuxta
507 1674 606 1712 atque
629 1670 726 1703 illum
743 1670 823 1703 libri
836 1672 879 1704 ΙΙ.

249 1714 292 1747 de
307 1714 450 1756 Republ.
475 1719 666 1757 corruptum
688 1719 813 1758 putans
835 1716 881 1749 le-

198 1757 205 1764 '
247 1759 396 1802 gendum
413 1764 529 1792 censet
543 1760 695 1802 ληφθεὶς
711 1760 880 1802 στρεβλοῦ-

251 1816 299 1836 ται
323 1804 377 1836 καὶ
410 1803 603 1846 ἐκτέμνηται
634 1802 712 1839 τοὺς
742 1803 880 1846 ὀφθαλ-

247 1846 333 1888 μοὺς
356 1849 411 1881 καὶ
447 1847 618 1891 ἐκκάηται,
651 1850 731 1892 quia
763 1850 881 1882 oculos

248 1904 317 1926 nou
340 1894 448 1934 exuri,
472 1893 531 1926 sed
554 1896 667 1926 excuti
690 1894 745 1927 vel
767 1895 880 1927 excidi

248 1938 366 1971 solitos
400 1947 474 1971 esse
506 1940 688 1972 memoriae
718 1939 879 1972 traditum

248 1983 301 2014 sit.
353 1981 420 2015 Sed
454 1982 551 2015 codd.
586 1982 627 2015 de
658 1983 797 2026 vulgata
833 1984 879 2016 le-

247 2027 359 2060 ctione
392 2027 616 2059 consentiunt.
663 2028 789 2061 Oculos
821 2039 879 2061 au-

229 2075 313 2104 ·tem
343 2082 412 2104 non
442 2074 574 2104 tautum
604 2072 731 2112 excidi,
761 2083 877 2105 verum

247 2116 350 2149 etiam
386 2117 482 2148 exuri
520 2116 638 2149 solitos
675 2127 749 2149 esse
787 2127 878 2150 nune

248 2161 319 2203 ipse
357 2159 472 2193 docuit
510 2161 624 2193 allatis
664 2160 751 2194 locis
788 2162 878 2194 Ari-

247 2205 385 2248 stopb.
410 2205 521 2238 Nubb.
533 2204 588 2239 24.
602 2206 689 2237 Avv.
709 2204 784 2239 341.
800 2205 875 2239 584.

247 2249 344 2283 1612.
382 2249 529 2282 Acheru.
569 2248 622 2284 93.
660 2250 876 2283 Demosth.

247 2305 306 2336 pro
339 2295 462 2327 Coron.
492 2305 524 2336 p.
546 2293 622 2334 247,
656 2294 708 2327 11.
741 2295 783 2327 al.
815 2295 877 2327 ci-

246 2349 325 2371 cer.
354 2340 406 2371 De
429 2339 510 2381 Rep.
534 2339 602 2379 111,
626 2338 677 2372 17.
723 2339 875 2372 Herod.

245 2383 322 2423 XII,
343 2383 395 2416 18.
420 2382 568 2416 Verbum
591 2382 765 2423 ἐκτέμνειν
787 2384 876 2417 idom

245 2427 344 2460 docet
375 2431 412 2459 ut
436 2428 511 2460 Lat.
542 2438 690 2460 secare
719 2429 875 2471 usurpari

245 2472 299 2505 de.
319 2472 530 2505 castratione.
560 2483 593 2506 V.
624 2472 812 2516 Euthyphr.
843 2483 876 2516 p.

246 2516 276 2550 6.
300 2517 341 2549 A.
361 2516 478 2559 Symp.
504 2515 577 2549 195.
602 2518 650 2558 C.‚
682 2517 805 2560 quibus
827 2517 874 2550 lo-

245 2562 294 2594 cis
340 2561 608 2604 Voegelinus
665 2561 760 2594 addit
802 2563 874 2595 Ae·

246 2606 383 2647 echyl.
406 2606 504 2645 Eum.
527 2616 557 2638 v.
582 2605 648 2639 185
669 2616 706 2639 se
730 2618 763 2649 q.

289 2651 408 2683 (λκαὶ
436 2647 532 2685 τούς
556 2648 687 2683 αὑτοῦ
738 2648 874 2684 πιδών

951 1626 1028 1659 δον
1051 1624 1098 1661 οἷς
1121 1626 1178 1659 ἐπὶ
1203 1625 1289 1660 πολὺ
1311 1626 1367 1660 ἐπὶ
1393 1632 1577 1670 συμφορᾶς

950 1673 1086 1704 τίθεται.
1111 1672 1168 1705 Sic
1191 1673 1292 1704 etiam
1311 1671 1507 1711 ἐπόψεσθαι
1523 1683 1576 1715 up.

948 1717 1126 1749 Isocrat.
1148 1717 1199 1749 De
1218 1717 1299 1749 Pac.
1323 1727 1356 1759 p.
1374 1716 1449 1750 198.
1467 1717 1576 1750 Bekk.

948 1761 1165 1794 Demosth.
1195 1771 1255 1803 pro
1287 1761 1410 1794 Coton.
1463 1786 1470 1793 .
1499 1760 1576 1794 295.

948 1806 987 1838 R.
1010 1806 1122 1840 Hom.
1153 1805 1248 1839 Iliad.
1279 1806 1395 1847 XXII,
1451 1805 1489 1838 1:
1518 1818 1576 1838 κα·

949 1848 990 1882 κὰ
1014 1848 1103 1883 πόλλ’
1136 1848 1307 1883 ἐπιδόντα.
1352 1850 1574 1893 Aristoph.

948 1894 1094 1927 Acharn.
1118 1894 1227 1936 1156„
1249 1894 1310 1927 ubi
1331 1905 1363 1927 V.
1388 1895 1576 1938 Bergler.

947 1939 1052 1972 Verbi
1074 1949 1174 1972 usum
1196 1950 1292 1972 exem
1316 1939 1359 1972 lie
1392 1939 1576 1972 illustravit

947 1983 1247 2027 Wyttenbach.
1328 1983 1498 2016 Plutarch.
1521 1984 1574 2016 Do

947 2029 980 2061 S.
1012 2029 1053 2061 N.
1086 2029 1126 2061 V.
1156 2039 1188 2070 p.
1220 2027 1273 2061 17.
1317 2027 1444 2060 Eodem
1470 2028 1573 2062 modo

946 2076 1112 2105 nostrates
1153 2076 1317 2115 usurpant
1349 2083 1381 2103 v.
1419 2072 1477 2104 mie
1512 2084 1573 2105 au-

945 2117 1052 2150 selaeu.
1085 2135 1124 2141 —
1162 2117 1227 2150 Pro
1273 2118 1574 2160 καταπιιτωθῇ

947 2161 1185 2194 Carnarius
1235 2162 1484 2204 καταποντωθῇ
1528 2162 1576 2194 le-

944 2205 1091 2249 gendum
1115 2205 1276 2248 putabat,
1308 2206 1389 2248 quia
1420 2217 1573 2238 καταπιτ·

946 2252 1040 2293 τωθῇ
1064 2261 1126 2283 nec
1157 2250 1287 2283 dicutur
1320 2260 1384 2283 nec
1417 2251 1574 2293 probabi·

943 2294 1011 2327 lem
1050 2295 1303 2337 compositionis
1338 2295 1478 2328 formam
1516 2294 1574 2327 he·

944 2340 1030 2372 beat.
1095 2339 1162 2372 Sed
1203 2340 1484 2372 καταπιττοῦσθαι
1522 2343 1574 2371 est

943 2385 1037 2426 pice
1060 2384 1184 2416 illini
1207 2389 1248 2417 et
1266 2383 1460 2423 eremari,
1484 2383 1573 2425 quod

943 2439 965 2460 a
1000 2428 1250 2471 lexicographis
1284 2429 1372 2462 inter
1399 2428 1573 2461 eruciatus

942 2482 999 2549 ἓξ.
1013 2474 1183 2550 ...iffi
1209 2476 1573 2551 {effastssfi‘f‘i'}

941 2562 1018 2594 Non
1030 2562 1174 2595 absurde
1196 2562 1412 2595 Routhiue
1437 2561 1479 2594 ud
1494 2561 1528 2593 h.
1547 2561 1570 2593 l.

941 2606 1051 2645 „Mihi
1064 2607 1228 2649 quidem’',
1242 2607 1363 2649 inquit,
1377 2605 1570 2649 ,designari

941 2651 1005 2684 hoc
1026 2651 1100 2684 loco
1123 2651 1256 2685 videtur
1283 2650 1319 2683 id
1348 2661 1457 2694 genus
1489 2660 1567 2693 eup-
