1676 2938
1360 183 1441 222 337

379 187 625 229 oomnis,
654 187 700 227 P.
732 189 824 226 524.
857 189 949 226 525.
979 186 1040 225 ed.
1059 186 1129 238 st.

85 309 163 349 σας
189 302 342 341 θεᾶται
377 297 557 341 ἑκάστου
592 296 673 352 τὴν
709 297 881 352 ψυχήν,
921 295 1003 338 οὐκ
1031 294 1152 344 εἰδὼς
1179 292 1286 335 ὅτου
1315 291 1440 342 ἐστίν,

83 363 189 407 ἀλλὰ
223 365 426 414 πολλάκις
469 369 549 406 τοῦ
592 363 780 418 μεγάλου
822 359 1028 415 βασιλέως
1071 359 1376 413 ἐπιλαβόμενος
1414 358 1442 413 ἢ

84 433 218 472 ἄλλον
255 429 444 472 ὁτουοῦν
489 427 694 483 βασιλέως
740 427 767 481 ἢ
813 427 1033 469 δυνάστου
1071 425 1265 469 κατεῖδεν
1313 424 1444 467 οὐδὲν

84 496 199 550 ὑγιὲς
226 494 279 538 ὂν
305 502 380 550 τῆς
408 501 562 550 ψυχῆς,
591 494 696 536 ἀλλὰ
725 491 1177 546 διαμεμαστι,γωμε’νην
1205 489 1277 533 καὶ
1299 491 1444 532 οὐλῶν

84 560 242 616 μεστὴν
268 560 354 603 ὑπὸ
384 559 613 613 ἐπιορκιῶν
651 559 722 601 καὶ
759 559 926 608 ἀδικίας
942 590 952 607 ,
990 559 1016 598 ἃ
1055 554 1209 611 ἑκάστη
1237 556 1265 611 ἡ
1292 556 1443 610 πρᾶξις
1472 556 1555 600 525

84 629 219 669 αὐτοῦ
247 626 512 681 ἐξωμόρξατο
541 626 598 675 εἰς
624 624 703 680 τὴν
731 625 890 679 ψυχήν,
922 623 992 664 καὶ
1016 624 1157 665 πάντα
1180 621 1330 664 σκολιὰ
1359 621 1443 663 ὑπὸ

83 693 274 741 ψεύδους
300 691 372 734 καὶ
400 692 647 743 ἀλαζονείας
670 689 742 732 καὶ
765 689 894 731 οὐδὲν
923 689 1034 730 εὐθὺ
1055 688 1125 730 διὰ
1145 687 1194 729 τὸ
1217 690 1324 729 ἄνευ
1344 688 1442 742 ἀλη-

84 759 207 808 θείας
222 759 492 812 τεθράφθαι·
510 756 581 800 καὶ
598 757 685 799 ὑπὸ
698 754 892 807 ἐξουσίας
903 755 974 796 καὶ
997 757 1168 808 τρυφῆς
1185 753 1255 795 καὶ
1279 753 1445 807 ὕβρεως

81 824 150 866 καὶ
180 825 385 878 ἀκρατίας
411 826 498 865 τῶν
525 823 721 876 πράξεων
748 821 1036 875 ἀσυμμετρίας
1062 835 1105 861 τε
1128 820 1200 861 καὶ
1227 820 1443 873 αἰσχρότη-

83 905 156 938 τος
181 887 400 944 γέμουσαν
434 889 514 944 τὴν
544 889 688 943 ψυχὴν
716 883 839 929 εἶδεν.
879 885 984 928 ἰδὼν
1021 884 1067 927 δὲ
1095 885 1254 939 ἀτίμως
1281 885 1443 939 ταύτην

84 952 331 1008 ἀπέπεμψεν
368 955 478 996 εὐθὺ
513 961 588 1008 τῆς
616 959 838 1008 φρουρᾶς,
877 947 922 994 οἷ
956 949 1095 1005 μέλλει
1124 951 1313 992 ἐλθοῦσα
1342 951 1443 992 ἀνα-

888 1017 996 1077 Cap.
1026 1018 1242 1061 LXXXI.
1305 1020 1443 1071 Προς-

84 1023 234 1075 τλῆναι
273 1020 324 1062 τὰ
360 1021 632 1075 προςήκοντα
680 1020 815 1074 πάθη.

153 1145 191 1177 Ρ.
215 1143 294 1178 525.
340 1141 362 1176 ἃ
394 1142 554 1186 ἑκάστη
594 1141 613 1186 ἡ
655 1144 813 1184 πρᾶξις
851 1139 1008 1184 αὐτοῦ]
1057 1139 1185 1184 ἑκάστη
1218 1141 1334 1175 Clark.
1365 1141 1443 1174 Vat.

86 1189 188 1222 Vind.
214 1190 245 1222 1.
269 1188 302 1223 6.
325 1190 403 1224 Par.
428 1189 631 1222 BCEFW.
656 1199 780 1221 novem
803 1188 997 1220 Florentini
1021 1193 1056 1220 et
1078 1187 1154 1220 cod.
1170 1188 1315 1220 Eusebii
1330 1187 1442 1220 Oxon.

86 1246 147 1278 pro
180 1235 274 1278 vulg.
305 1232 448 1276 ἑκάστῳ.
497 1233 663 1266 Codicum
694 1234 896 1276 scripturam
928 1231 1055 1276 ἑκάστη
1087 1243 1206 1266 veram
1231 1244 1324 1274 esse,
1358 1233 1444 1265 Her-

87 1291 214 1313 manno
244 1284 423 1320 monente,
463 1290 507 1312 ex
540 1290 580 1311 eo
611 1279 836 1322 intelligitur,
868 1278 960 1321 quod
993 1279 1034 1311 de
1065 1278 1214 1322 singulis
1246 1278 1445 1312 hominibus

87 1326 218 1359 dictum
241 1330 294 1358 est
315 1325 384 1357 iam
408 1328 526 1365 antea,
551 1328 654 1366 atque
677 1325 791 1367 imago
814 1325 864 1356 rei
887 1324 997 1356 multo
1020 1323 1188 1357 illustrior
1211 1323 1267 1365 fit,
1290 1325 1353 1356 ubi
1376 1325 1446 1356 sin·

86 1372 247 1415 gulorum
271 1371 463 1404 facinorum
488 1371 587 1412 quasi
612 1371 789 1403 cicatrices
821 1370 856 1402 in
882 1371 997 1403 animo
1027 1370 1122 1402 cerni
1146 1369 1318 1404 dicuntur.
1365 1369 1444 1402 Fal-

87 1428 147 1449 sus
162 1427 239 1449 sum
253 1416 335 1449 olim
354 1427 405 1456 eo,
430 1415 530 1469 quod,
537 1413 674 1458 ἑκάστῃ,
699 1415 862 1456 dativum,
886 1420 1088 1458 putaveram
1112 1416 1149 1447 in
1173 1415 1273 1448 libris
1297 1420 1443 1448 exstare.

90 1463 180 1494 Dein
205 1466 286 1494 vett.
311 1461 404 1494 editt.
431 1459 642 1503 τετράφθαι,
675 1461 765 1503 quod
795 1472 838 1494 ex
863 1461 980 1493 Clark.
1004 1461 1082 1493 vat.
1106 1461 1193 1493 Ven.
1219 1460 1258 1494 Ξ.
1285 1461 1387 1493 Vind.
1411 1460 1444 1493 2.

89 1506 119 1540 6.
152 1508 228 1539 Par.
260 1507 333 1540 BG.
365 1511 545 1541 mutatum.
605 1506 790 1539 Enimvero
823 1505 1018 1547 τετράφθαι
1053 1505 1098 1538 ad
1127 1506 1271 1539 verbum
1306 1506 1446 1548 τρέπειι

90 1551 323 1593 referendum,
354 1550 561 1595 τεθράφθαι
589 1556 703 1584 autem
736 1563 757 1584 a
782 1551 925 1593 τρέφειν
949 1552 1090 1584 ductum
1115 1557 1176 1585 est.
1226 1553 1444 1594 Quamquam

88 1598 155 1631 bac
178 1599 216 1630 in
238 1609 275 1631 re
299 1597 409 1639 codd„
431 1601 470 1630 ut
493 1597 542 1637 fit,
566 1597 712 1630 multum
736 1598 956 1630 fluctuantur.
981 1597 1027 1630 vs
1038 1597 1081 1630 ad
1096 1598 1214 1639 Remp.
1232 1598 1295 1630 111.
1318 1608 1351 1640 p.
1367 1596 1444 1631 405.

88 1644 130 1676 A.
153 1641 230 1676 409.
255 1643 297 1676 A.
329 1643 472 1676 Theaet.
495 1622 571 1676 17'2.
602 1643 646 1675 D.
679 1644 771 1676 conf.
803 1644 1002 1676 Buttmann.
1036 1643 1094 1676 Gr.
1127 1644 1156 1684 ξ.
1190 1642 1266 1676 114.
1298 1643 1334 1675 in
1368 1654 1443 1676 voc.

90 1687 208 1731 τρέφω
233 1693 266 1721 ct
288 1688 440 1721 Lobeck.
465 1687 615 1731 Paralip
643 1687 755 1731 p.46

157 1734 227 1766 καὶ
252 1732 486 1777 ἀκρατιάς]
512 1733 706 1766 SicClark.
722 1735 802 1766 Vat.
819 1734 906 1765 Ven.
934 1734 973 1766 Σ.
1007 1733 1109 1765 Vind.
1135 1732 1167 1766 2.
1192 1733 1223 1767 6.
1249 1732 1280 1766 7.
1310 1734 1389 1766 Par.
1406 1734 1444 1766 B.

89 1778 181 1812 Flor.
210 1789 241 1812 a.
273 1791 308 1812 x.
340 1779 439 1812 Bodl.
470 1780 558 1823 Aug.
583 1780 724 1812 Meerm.
754 1790 816 1823 pro
841 1779 935 1822 vulg.
966 1775 1147 1820 &uoueri-as·
1177 1780 1305 1812 Euseb.
1336 1776 1444 1821 ἄκρα·-

90 1880 246 1921 aliquo
263 1884 502 1922 occupatus
523 1881 620 1912 fuit.
645 1881 732 1913 Nam

91 1923 129 1957 τὰ
161 1923 346 1969 παθήματα
378 1924 398 1957 ἃ
431 1923 487 1958 διὰ
529 1923 587 1968 τὴν
619 1924 732 1968 ἐπιτή-

92 1969 153 2002 δευ
147 1980 214 2002 ’mv
237 1971 337 2012 ἔσχε]
359 1968 378 2002 ὁ
402 1967 460 2003 lim
455 1971 598 2013 ‘rpentes
630 1982 733 2013 oppo-

91 2020 221 2048 nuntur
245 2021 313 2050 τοῖς
339 2019 397 2059 τῆς
423 2014 574 2057 φύσεως.

136 2061 176 2093 Ε.
223 2060 429 2096 ἐκειιους
477 2060 730 2104 ἐπιστήσας]

93 2105 204 2140 Videl.
228 2117 359 2149 prope
383 2118 439 2139 se.

138 2152 350 2185 κατεῖδεν
409 2149 545 2185 οὐδὲν
598 2149 731 2195 ὑγιές]

92 2196 252 2229 Aoristus
281 2198 452 2239 quomodo
486 2197 733 2240 intelligendus

92 2242 147 2281 sit,
172 2241 343 2275 docebunt
364 2244 518 2276 Buttm.
544 2244 573 2283 §-
601 2242 676 2276 124.
700 2242 731 2276 6.

93 2291 211 2319 annot.
248 2286 280 2320 4.
317 2287 473 2321 Matth.
513 2290 543 2328 ξ.
586 2287 662 2321 503.
699 2287 734 2321 3.

90 2333 205 2364 Rost.
237 2333 267 2372 ἓ.
293 2331 367 2366 116.
391 2332 422 2365 8.
454 2338 571 2366 annot.
594 2332 625 2367 4.
651 2333 731 2368 coll.

91 2382 207 2410 annot.
250 2377 293 2410 ad
325 2377 498 2412 Phaedon.
540 2389 573 2421 p.
605 2377 657 2412 73.
689 2380 732 2411 D.

91 2422 220 2476 Epdem
251 2422 352 2456 modo
383 2424 620 2465 accipiendum
652 2435 733 2456 mox

92 2465 151 2511 τὴν
174 2467 290 2512 ψυχὴν
313 2464 411 2501 εἶδεν
442 2474 476 2501 et
500 2467 627 2511 ταύτην
650 2467 732 2501 α’πέ-

92 2520 238 2553 πεμψεν.

123 2555 227 2591 ἀλλὰ
252 2557 732 2602 διαμεμαστιγωμένην]

92 2603 222 2636 Docuit
244 2603 451 2646 Wyttenb
467 2604 557 2636 ach.
587 2604 631 2636 ad
652 2604 733 2636 Plu-

92 2649 201 2682 tarch.
233 2650 285 2682 De
310 2649 345 2683 S.
370 2650 413 2682 N.
437 2649 478 2681 V.
506 2659 537 2691 p.
564 2647 632 2682 110
661 2660 731 2692 seq.

93 2692 181 2726 hanc
212 2694 368 2727 Platonis
403 2694 626 2735 sententiam,
664 2705 733 2737 qua

92 2740 265 2772 statuebat
287 2740 444 2779 μυθικῶς
468 2739 619 2772 animam
644 2740 732 2774 cica-

0 2805 330 2877 affl.
338 2807 456 2834 VoLn.
475 2806 550 2833 Sect.
567 2807 592 2833 1.

17 2860 71 2867 .,»
334 2856 382 2875 x„

799 1881 904 1912 trices
947 1892 986 1913 ac
1016 1881 1149 1913 vibices
1189 1881 1388 1923 concipere,
1424 1891 1445 1913 a

801 1926 958 1968 plurimis
981 1927 1179 1968 posterioris
1203 1927 1281 1958 aevi
1303 1927 1444 1969 scripto-

801 1970 897 2004 ribus
928 1982 1003 2004 esse
1034 1971 1252 2006 celebratam.
1300 1972 1353 2004 Cf.
1386 1973 1444 2004 Ia-

802 2017 916 2048 cobs.
947 2017 990 2050 ad
1022 2017 1313 2061 Antholog.V1‚
1346 2017 1376 2050 1.
1411 2029 1443 2062 9.

803 2060 856 2095 70.
881 2062 944 2101 ΙΙΙ,
969 2061 1000 2094 1.
1048 2061 1157 2096 ..144

846 2108 885 2140 Ρ,
926 2086 1004 2141 525.
1023 2074 1361 2148 Ράσυμμετρίας
1401 2119 1443 2140 τε

802 2152 874 2184 καὶ
921 2152 1077 2196 αἰσχρ]
1147 2153 1443 2194 Quemadmodum

801 2198 893 2230 enim
916 2200 1045 2239 vimis,
1075 2209 1163 2240 quac
1188 2199 1287 2241 quasi
1310 2200 1443 2231 musico

801 2243 948 2285 quodam
975 2249 1143 2276 concentu
1165 2244 1373 2283 continetur,
1397 2244 1444 2276 ef-

800 2288 881 2329 ficit,
906 2293 945 2321 ut
968 2290 1075 2322 animi
1096 2290 1188 2321 vires
1212 2300 1331 2321 omnes
1354 2290 1444 2322 inter

801 2345 837 2366 se
861 2335 1091 2375 concordent,
1126 2335 1175 2367 ita
1198 2335 1284 2366 vitia
1307 2335 1340 2366 ei
1362 2335 1444 2368 affe·

800 2384 882 2411 runt
903 2381 1161 2422 turpitudinem,
1185 2381 1348 2422 quoniam
1363 2391 1441 2413 eum

803 2435 824 2456 a
847 2426 929 2457 boni
952 2430 986 2458 et
1007 2426 1142 2457 honesti
1174 2424 1287 2459 studio
1311 2426 1442 2458 abstra-

802 2470 900 2502 hunt.
938 2482 971 2503 v.
1011 2471 1054 2502 ad
1093 2470 1267 2503 Phaedon.
1314 2481 1347 2514 p.
1386 2470 1442 2504 34.

803 2515 938 2558 Quippe
961 2516 1073 2558 pulcri
1095 2520 1198 2558 atque
1222 2516 1304 2548 boni
1327 2527 1369 2548 ea
1392 2522 1444 2548 est

802 2561 1034 2602 necessitudo,
1060 2565 1099 2593 ut
1122 2561 1268 2594 alterum
1291 2563 1335 2594 ab
1361 2562 1443 2593 alte-

801 2616 839 2637 ro
879 2606 998 2638 divelli
1037 2611 1095 2638 aut
1131 2607 1304 2649 segregari
1343 2607 1441 2638 nullo

801 2651 901 2683 modo
926 2652 1044 2694 possit.
1067 2652 1271 2695 v.Prolegg.
1296 2651 1339 2683 ad
1362 2652 1442 2683 Phi—

800 2696 868 2728 leb.
892 2707 924 2738 p.
948 2697 1039 2730 XCI.
1063 2707 1134 2739 seq.
1158 2716 1201 2722 —
1231 2694 1347 2729 εὐθὺ
1372 2700 1441 2740 τῆς

802 2745 1033 2783 φρουρᾶς,
1071 2747 1192 2776 recta
1224 2743 1268 2774 in
1300 2746 1442 2774 custo—

1125 2808 1171 2843 22
