1682 2944
449 189 522 227 AD
552 184 798 227 GORGIAM
826 181 1098 222 PLATONIS.
1402 180 1451 215 15

104 307 171 358 qui
199 300 577 353 interrogatiunculis
606 299 687 338 suis
716 298 837 337 soleat
867 296 961 334 alios
988 306 1132 333 vexare
1169 296 1209 332 et
1236 292 1278 330 in
1306 303 1454 329 errores

103 362 311 412 implicare.
379 360 455 398 Sed
494 357 558 395 hic
585 355 751 405 eleganti
791 367 878 393 cum
915 351 1136 390 urbanitate
1176 349 1212 387 ei
1249 348 1456 398 respondet

104 420 291 458 iuvenum
319 429 401 455 esse
427 414 532 454 viros
560 414 735 451 labantes
764 411 910 459 erigere
939 414 978 447 et
1007 411 1245 452 sustentare,
1283 405 1456 456 adeoque

107 489 197 514 eum
224 475 393 512 modeste
419 474 549 519 rogat,
588 474 634 507 ut
673 469 705 508 si
734 481 812 519 qua
848 467 911 506 vel
941 465 1102 513 Gorgias
1130 463 1194 502 vel
1233 463 1315 512 ipse
1353 473 1456 499 erra-

107 531 247 578 verint,
274 531 314 568 id
341 528 438 568 velit
473 526 642 565 indicare
681 530 721 564 et
759 523 966 572 corrigere;
1004 521 1116 559 modo
1155 518 1339 558 orationis
1377 530 1456 556 am-

109 590 224 637 bages
261 586 468 625 evitentur.
525 583 629 621 Data
667 586 797 620 autem
824 581 888 620 vel
916 577 1180 626 interrogandi
1207 576 1272 615 vel
1298 587 1458 625 respon·

107 643 222 683 dendi
258 642 411 693 optione
450 640 566 678 Polus
605 639 765 689 suscipit
801 640 930 687 partes
966 633 1241 683 interrogandi.
1317 632 1458 682 Itaque

107 702 303 739 Socratem
339 701 467 747 rogat,
507 709 715 748 quamnam
753 699 875 733 artem
912 691 1131 731 rhetoricen
1169 702 1253 729 esse
1291 692 1457 727 censeat.

107 758 150 795 P.
181 759 273 794 461.
303 757 351 793 A.
371 776 428 782 ——
457 756 550 792 462.
579 754 624 791 Β.
661 752 884 802 Respondet
911 750 978 788 ille
1007 747 1081 787 sibi
1111 759 1196 785 eam
1224 745 1351 786 videri
1378 757 1457 783 non

107 816 230 852 artem
258 825 361 858 esse,
399 811 466 849 sed
493 823 608 848 usum
636 809 829 861 quendam
858 805 1133 845 exercitatione
1169 803 1373 842 collectum
1401 805 1458 840 at-

108 883 183 922 que
218 869 398 920 peritiam
434 867 580 916 gratiae
619 870 659 904 et
696 864 908 915 voluptatis
947 861 1226 907 conciliandae,
1274 866 1319 898 ut
1354 859 1458 897 inter

107 925 340 965 adulationis
367 924 548 963 instituta
574 923 812 960 numeranda
839 921 902 959 sit.
940 921 1037 958 Esse
1057 921 1188 956 autem
1215 929 1301 955 eam
1329 919 1460 955 censet

107 982 231 1022 civilis
259 981 418 1020 rationis
446 979 678 1030 (πολιτικῆς)
715 978 928 1029 particulae
966 975 1214 1015 simulacrum
1255 973 1461 1011 admodum

108 1043 232 1090 turpe.
253 1039 310 1076 11³.
342 1041 435 1075 462.
464 1038 508 1075 Β.
537 1058 595 1064 —-
622 1039 716 1074 463.
745 1035 793 1073 Ι).
851 1034 960 1076 Quae
988 1031 1183 1072 sententia
1210 1043 1337 1082 neque
1366 1029 1460 1068 Polo

106 1095 307 1146 perspicua
334 1099 393 1133 est
421 1098 461 1133 et
489 1093 654 1142 Gorgiae
682 1092 758 1143 ipsi
795 1096 876 1130 tam
903 1091 1002 1129 mira
1037 1089 1212 1136 videtur,
1250 1092 1296 1126 ut
1323 1100 1409 1126 eam
1438 1099 1462 1125 a

108 1154 264 1191 Socrate
301 1151 431 1202 cupiat
478 1150 685 1188 dilucidius
724 1148 920 1200 explicari.
1005 1147 1146 1198 Itaque
1184 1146 1360 1183 Socrates
1407 1143 1464 1182 sic

108 1209 234 1260 pergit
262 1208 470 1259 disputare.
527 1207 639 1245 Duae
667 1209 770 1253 sunt,
800 1205 948 1257 inquit,
978 1203 1100 1242 nostri
1128 1206 1279 1253 partes,
1310 1201 1462 1240 animus

110 1269 151 1304 et
178 1278 334 1315 corpus:
375 1278 425 1303 ex
453 1263 594 1315 quibus
631 1263 787 1313 utrique
824 1275 895 1300 sua
931 1266 990 1299 cst
1017 1260 1221 1306 valetudo,
1260 1259 1325 1298 vel
1361 1259 1464 1296 bona

110 1322 178 1359 illa
206 1326 323 1372 atque
360 1332 542 1370 prospera
581 1318 645 1358 vel
682 1319 784 1356 mala
822 1322 861 1357 et
898 1330 1022 1367 aegra.
1080 1316 1294 1368 Utriusque
1333 1319 1464 1354 autem

110 1377 231 1427 partis
260 1377 405 1415 sanitas
435 1376 582 1414 artibus
611 1375 841 1426 quibusdam
869 1378 997 1424 potest
1024 1374 1088 1412 {rel
1108 1373 1208 1412 effici
1228 1373 1292 1412 vel
1313 1375 1464 1411 susten·

110 1433 185 1472 tari
223 1437 339 1484 atque
387 1431 617 1470 conservari.
696 1431 796 1470 Sunt
844 1431 947 1469 enim
994 1443 1094 1482 quae
1143 1443 1280 1480 corpus
1327 1442 1464 1467 sanum

111 1493 328 1539 praestent,
378 1493 470 1527 sunt
506 1488 623 1527 etiam
661 1501 760 1540 quae
800 1488 917 1526 animi
957 1487 1165 1526 sanitatem
1203 1489 1388 1525 tueantur
1425 1490 1465 1526 et

107 1546 328 1595 restituant.
367 1546 418 1584 Et
447 1559 532 1583 eam
560 1545 716 1596 quidem
745 1548 878 1592 artem,
908 1557 1007 1596 quae
1036 1545 1084 1582 ad
1114 1543 1285 1582 animum
1303 1545 1464 1593 spectat,

113 1602 320 1642 civilem
349 1599 582 1653 (πολιτικήν)
613 1602 782 1652 appello3
821 1601 928 1639 illam
956 1614 1069 1648 veru,
1109 1613 1208 1652 quae
1247 1601 1296 1638 ad
1326 1613 1464 1650 corpus

111 1659 297 1706 refertur,
336 1672 415 1696 non
441 1672 598 1708 possum
636 1658 690 1696 sic
718 1671 795 1696 uno
823 1658 978 1696 nomine
1017 1657 1359 1708 comprehendere,
1397 1657 1465 1695 sed

112 1715 278 1766 corporis
298 1715 518 1762 curationis,
547 1728 647 1767 quae
666 1727 745 1752 una
765 1718 835 1762 est,
864 1715 960 1753 duas
979 1727 1080 1765 pono
1100 1714 1320 1764 particulas,
1347 1726 1466 1752 unam

114 1775 236 1810 artem
264 1772 648 1823 gymnasticam,
677 1771 919 1810 medicam
947 1772 1119 1810 alteram.
1170 1770 1306 1810 Civilis
1334 1774 1466 1809 autem

114 1828 274 1866 rationis
311 1829 444 1867 itidem
483 1829 578 1866 duas
617 1828 790 1866 discerno
827 1832 956 1878 partes
970 1858 979 1874 ‚
1018 1841 1137 1865 unam
1175 1832 1297 1866 artem
1336 1827 1466 1876 legum

113 1884 418 1934 scribendarum,
460 1898 559 1936 quae
588 1898 638 1922 ex
667 1885 790 1924 altera
817 1888 926 1934 parte
955 1885 1162 1934 respondet
1189 1885 1465 1935 gymnasticae,

112 1941 272 1979 alteram
301 1941 501 1979 scientiam
528 1941 757 1988 iudicialem,
786 1942 1081 1991 respondentem
1108 1941 1216 1979 illam
1241 1940 1465 1979 medicinae.

112 1997 164 2035 Et
201 1997 274 2035 hae
313 1997 468 2048 quidem
506 2002 608 2035 artes
645 2010 736 2036 vere
774 2002 912 2036 curant
947 1998 1011 2036 vel
1040 1998 1206 2048 corporis
1243 1997 1308 2037 vel
1347 1997 1464 2036 animi

110 2053 285 2091 salutem.
344 2053 419 2091 Sed
446 2053 494 2091 iis
521 2054 788 2092 fraudulenter
815 2067 856 2092 se
885 2054 1093 2093 admiscere
1122 2055 1248 2093 solent
1275 2058 1462 2106 quattuor

111 2108 275 2147 artificia
303 2111 351 2147 ab
381 2109 600 2148 adulatione
629 2111 822 2160 profecta,
852 2124 951 2162 quae
980 2125 1058 2149 uon
1087 2111 1254 2150 salutem
1281 2111 1461 2158 hominis,

111 2166 178 2203 sed
205 2166 445 2216 voluptatem
473 2170 660 2216 spectant,
690 2166 816 2218 neque
845 2168 994 2206 ratione
1024 2171 1092 2206 aut
1119 2168 1202 2207 veri
1233 2168 1463 2217 cognitione,

111 2222 176 2259 sed
206 2222 285 2267 solo
314 2236 388 2261 usu
418 2227 457 2261 et
485 2223 761 2262 exercitatione
803 2224 994 2263 nituntur.
1052 2225 1090 2262 N
1092 2238 1154 2262 am
1192 2225 1267 2263 arti
1294 2225 1465 2263 medicae

112 2277 291 2317 adiunxit
317 2279 487 2318 adulatio
526 2293 735 2331 coquorum
762 2281 986 2328 artificium
1026 2282 1289 2332 gymnasticae
1318 2281 1467 2321 addidit

112 2347 345 2383 mangonum
371 2336 536 2382 fraudes,
566 2337 634 2388 qui
663 2337 827 2375 colorem
854 2338 942 2375 fuco
978 2342 1018 2376 et
1046 2351 1183 2376 verum
1210 2339 1328 2377 robur
1356 2338 1464 2376 inani

112 2390 245 2439 sagina
272 2392 532 2439 mentiuntur;
573 2393 647 2431 arti
678 2394 792 2442 legali
822 2394 961 2432 adiecit
989 2395 1257 2445 sophisticam;
1297 2395 1464 2447 denique

112 2446 287 2485 iustitiae
323 2448 541 2487 rhetoricen
579 2449 757 2488 comitem
795 2451 954 2489 addidit.
1011 2450 1121 2492 Quae
1158 2452 1192 2489 si
1228 2465 1322 2491 vera
1360 2456 1464 2499 sunt,

116 2507 276 2553 apparet
302 2504 599 2543 rhetoricen
637 2519 747 2545 esse
776 2507 997 2556 speciem
1025 2508 1171 2559 quasi
1209 2509 1466 2560 quandam

113 2564 267 2611 atque
295 2562 516 2599 umbram
544 2562 798 2602 scientiae
826 2563 988 2611 illius,
1019 2564 1221 2615 quaein
1251 2565 1466 2604 iustitia

117 2616 328 2654 colenda
357 2618 647 2669 tuendaque
675 2624 936 2667 versatur,
966 2621 1299 2659 mentientem
1327 2622 1465 2660 illam

117 2676 269 2723 atque
298 2686 404 2711 cum
430 2674 612 2713 fraude
652 2676 977 2715 simulantem
1016 2691 1169 2716 verae
1199 2678 1330 2717 artis
1369 2678 1465 2717 vir-

118 2733 256 2768 tutes
285 2734 438 2783 atque
474 2730 795 2781 dignitatem.
853 2732 1045 2776 Quoniam
1083 2739 1214 2774 autem
1251 2735 1325 2776 hae
1363 2738 1465 2777 artes
