1722 2964
170 51 253 97 168
714 58 1020 97 PLA'roms

168 167 217 214 σὲ
241 168 375 227 λέγω,
400 162 436 215 ὦ
458 167 694 228 Πρόδικε);
716 173 986 230 προσδοκίαν
1006 170 1105 218 τινὰ
1127 173 1239 230 λέγω
1263 175 1400 219 κακοῦ
1420 176 1564 232 τοῦτο,

168 241 255 281 εἴτε
277 232 420 295 φόβον
443 242 530 282 εἴτε
553 238 651 289 δέος
673 242 856 284 καλεῖτε.
905 235 1072 284 Ἐδόκει
1094 237 1367 299 Πρωταγόρᾳ
1388 239 1470 298 μὲν
1491 242 1567 286 καὶ

108 315 141 350 Ε
160 299 305 363 Ἱππίᾳ
338 304 436 356 δέος
457 321 506 348 τε
542 303 616 348 καὶ
644 301 783 362 φόβος
812 303 926 350 εἶναι
947 307 1096 362 τοῦτο,
1139 309 1349 367 Προδίκω
1381 306 1429 352 δὲ
1451 307 1566 364 δέος,

167 366 305 427 φόβος
329 366 370 414 δ’
397 367 463 415 οὔ.
521 366 639 415 ”Αλλ,
667 367 822 428 οὐδέν,
862 375 977 430 ἔφην
1000 370 1106 429 ἐγώ,
1149 365 1183 416 ὦ
1207 370 1427 430 Πρόδικε,
1467 376 1565 418 δια-

164 436 309 493 φέρει·
344 433 454 480 ἀλλὰ
476 434 597 481 τόδε·
631 439 674 482 εἰ
700 434 847 495 ἀληθῆ
869 435 922 482 τὰ
945 439 1196 497 ἔμπροσθέν
1221 440 1362 495 ἐστιν,
1393 432 1478 497 ἆρά
1500 458 1564 492 τις

163 499 418 582 ανθρώπων
442 500 646 561 ἐθελήσει
669 504 741 548 ἐπὶ
762 505 899 549 ταῦτα
923 502 1099 562 ἰέναι,
1082 504 1110 549 οἱ
1135 507 1348 562 δέδοικεν,
1373 504 1470 559 ἐξὸν
1493 506 1566 551 ἐπὶ

163 564 191 611 ἃ
213 566 295 626 μή;
326 564 355 626 ἢ
378 566 600 615 ἀδύνατον
624 570 672 615 ἐκ
693 571 783 616 τῶν
806 568 1167 630 ὡμολογημένων,
1191 569 1219 616 ἃ
1243 570 1325 630 γὰρ
1350 573 1564 629 δέδοικεν,

162 631 435 693 ὡμολόγηται
466 633 675 693 ἡγεῖσθαι
697 634 808 682 κακὰ
831 636 964 683 εἶναι
1007 635 1035 682 ἃ
1059 638 1108 683 δὲ
1130 636 1298 696 ἡγεῖται
1321 636 1454 695 κακά,
1486 636 1564 684 σῦ-

162 701 269 747 δένα
292 699 393 747 οὔτε
418 703 531 748 ἰέναι
554 703 627 749 ἐπὶ
647 705 784 749 ταῦτα
805 700 907 750 οὔτε
930 702 1173 763 λαμβανειν
1195 703 1361 751 εκόντα.
1397 703 1565 752 Ἐδόκει

81 776 149 811 369
160 768 234 813 καὶ
255 769 392 814 ταῦτα
414 770 561 815 πᾶσιν.

260 832 364 894 Cap.
387 834 588 882 XXXIX.
648 834 776 883 Οὕτω
808 834 864 895 δὴ
886 834 1054 883 τούτων
1083 835 1406 895 ὑποκειμένων,
1438 831 1492 895 ἦν
1515 835 1558 882 δ’

157 899 265 960 ἐγώ,
290 896 325 947 ὦ
342 900 540 962 Πρόδικέ
557 921 604 949 τε
627 904 702 948 καὶ
717 901 884 959 Ἱππία,
916 901 1222 962 ἀπολογείσθω
1245 902 1352 962 ἡμῖν
1375 911 1562 961 Πρωτα-

156 965 289 1028 γόρας
312 967 411 1027 ὅδε,
435 967 463 1014 ἃ
486 968 534 1015 τὸ
558 971 732 1028 πρῶτον
755 967 1018 1027 ἀπεκρίνατο
1041 972 1132 1023 πῶς
1155 968 1300 1029 ὀρθῶς
1324 974 1426 1028 ἔχει,
1450 969 1509 1028 μὴ
1532 967 1563 1014 ἃ

156 1032 204 1079 τὸ
228 1037 403 1090 πρῶτον
425 1033 699 1081 παντάπασι·
730 1033 827 1081 τότε
849 1036 931 1093 μὲν
953 1033 1036 1095 γὰρ
1061 1035 1117 1093 δὴ
1148 1037 1278 1081 πέντε
1309 1034 1451 1081 ὄντων
1479 1054 1560 1094 μο-

155 1103 267 1158 ρίων
289 1102 365 1159 τῆς
387 1099 543 1160 ἀρετῆς
567 1099 701 1147 οὐδὲν
723 1105 808 1161 ἔφη
833 1102 946 1147 εἶναι
962 1100 1010 1147 τὸ
1034 1104 1184 1161 ἕτερον
1206 1099 1302 1147 οἷον
1323 1100 1372 1147 τὸ
1395 1103 1561 1159 ἕτερον,

157 1169 278 1213 ἰδίαν
309 1167 358 1213 δὲ
394 1167 530 1214 αὑτοῦ
570 1170 754 1214 ἕκαστον
792 1173 908 1227 ἔχειν
946 1167 1156 1228 δύναμιν·
1199 1166 1296 1214 ἀλλ’
1331 1166 1385 1214 οὐ
1424 1171 1560 1214 ταῦτα

154 1234 291 1292 λέγω,
332 1232 430 1280 ἀλλ’
465 1233 494 1280 δι’
525 1233 574 1280 τὸ
602 1233 790 1294 ὕστερον
821 1235 928 1281 εἶπε.
991 1235 1040 1281 τὸ
1070 1234 1153 1295 γὰρ
1183 1233 1370 1293 ὕστερον
1400 1238 1485 1314 ἔφη
1507 1232 1562 1280 τὰ

155 1299 238 1357 μὲν
269 1301 451 1361 τέτταρα
483 1303 683 1355 έπιεικως
713 1300 997 1361 παραπλήσια
1028 1301 1231 1360 ἀλλήλοις
1263 1301 1398 1359 εἶναι,
1437 1299 1486 1347 vd
1510 1301 1559 1346 δε

96 1371 128 1406 Β
157 1369 207 1412 ἓν
228 1366 349 1413 πάνυ
371 1367 485 1414 πολὺ
509 1370 736 1427 διαφέρειν
758 1387 847 1414 των
869 1366 1038 1427 ἄλλων,
1061 1367 1142 1427 τὴν
1164 1367 1386 1426 ἀνδρείαν.
1442 1365 1559 1425 γνώ-

156 1441 318 1478 σεσθαι
349 1436 402 1480 δέ
420 1432 467 1493 μ’
497 1439 582 1493 ἔφη
611 1439 830 1496 τεκμηρίῳ
853 1438 977 1496 τῷδε.
1027 1433 1226 1494 εὑρήσεις
1257 1453 1363 1493 γαρ,
1397 1452 1432 1479 ω
1456 1432 1558 1480 Σώ-

155 1517 325 1558 κρατες,
349 1499 616 1559 ἀνθρώπους
639 1499 958 1554 ἀνοσιωτάτους
981 1499 1110 1560 ‘ahs‘
1085 1520 1214 1554 οντας
1237 1502 1310 1545 καὶ
1340 1498 1558 1545 ἀδικωτά-

152 1583 256 1620 τους
278 1567 352 1612 καὶ
369 1565 737 1620 ἆκολαστοτάτους
760 1569 834 1613 καὶ
855 1565 1200 1626 ἆμαθεστατους,
1223 1564 1557 1624 ἀνδρειοτάτους

155 1633 224 1678 δέ·
258 1626 294 1694 ᾦ
327 1631 512 1692 γνώσει,
542 1632 608 1680 ὅτι
637 1633 751 1680 πολὺ
783 1636 983 1693 διαφέρει
1014 1632 1042 1692 ἡ
1077 1632 1261 1693 ἀνδρεία
1290 1635 1380 1678 τῶν
1410 1630 1558 1677 ἄλλων

152 1702 322 1758 μορίων
353 1702 428 1758 τῆς
460 1699 627 1760 ἀρετῆς.
674 1702 749 1746 καὶ
773 1700 857 1759 ἐγὼ
889 1699 1026 1754 εὐθὺς
1049 1699 1145 1746 τότε
1174 1698 1294 1745 πάνυ
1325 1697 1556 1756 ἐθαύμασα

237 1852 282 1885 Ε.
314 1849 431 1896 ἔφην
455 1846 559 1895 ἐγώ,
583 1863 612 1886 ω
635 1847 857 1895 Πρόδικε,
880 1850 1121 1895 διαφέρει]
1146 1851 1207 1884 Sic
1230 1850 1331 1884 dedit
1352 1849 1552 1888 Bekkerus,

149 1905 254 1939 quem
272 1906 354 1929 cum
369 1897 474 1930 Antio
491 1897 607 1930 secuti
625 1901 710 1929 sunt
732 1897 888 1930 editores
910 1901 1047 1930 recent.
1066 1897 1270 1929 Stallbaum
1287 1899 1324 1927 et
1335 1895 1554 1927 Turicenses

147 1944 298 1973 servant
312 1941 454 1992 vulgat.
471 1938 570 1985 ἔφην
588 1936 677 1985 ἐγώ,
702 1936 881 1984 Πρόδικε.
918 1942 1033 1975 Iidem
1054 1942 1158 1973 initio
1175 1940 1310 1990 capitis
1326 1940 1479 1982 proximi
1497 1949 1553 1971 re-

145 1978 343 2027 pudianta',
360 1996 382 2018 a
398 1987 530 2019 Venet.
548 1986 593 2020 Σ.
617 1996 689 2019 ree.
706 1997 752 2018 m.
770 1986 974 2038 praebitum
1000 1989 1085 2018 ante
1104 1985 1161 2027 Πρ
1164 1980 1283 2018 όδικε.
1320 1983 1490 2016 Proxima
1513 1983 1551 2014 in

145 2032 234 2061 vett.
253 2029 355 2062 editt.
370 2031 425 2062 sie
438 2031 577 2081 scripta
594 2030 829 2063 exhibentur·
846 2024 941 2063 αλλὰ
956 2026 1056 2071 τόδε,
1076 2027 1111 2063 εἰ
1125 1997 1255 2072 ἅρληθῆ
1273 2022 1319 2062 τὰ
1337 2024 1551 2071 ἔμπροσθέν

147 2067 260 2107 ἔστιν.
287 2065 372 2117 'Aeci
388 2085 445 2112 τις
462 2068 677 2116 ανθρωπων
693 2069 795 2108 ἔθελ.
830 2074 996 2107 Correxit
1010 2074 1212 2107 nokkerus.

237 2138 325 2191 Cap
344 2140 510 2173 XXXIX.
541 2140 582 2173 P.
600 2142 676 2173 359.
709 2134 807 2173 ἀλλ’
831 2152 856 2173 α
880 2137 927 2174 τὸ
951 2135 1164 2183 υστερον]
1186 2137 1551 2179 SicBod1.vat.p1-o

146 2182 245 2227 vulg.
263 2178 350 2218 αλλ’
367 2195 387 2218 ο
404 2196 436 2218 τ.
454 2194 536 2218 υστ.
568 2183 709 2218 Deinde
724 2180 821 2218 πολὺ
839 2189 925 2218 ante
942 2182 1143 2227 διαφέρειν
1161 2195 1179 2217 e
1196 2182 1298 2216 Bodl
1313 2183 1396 2215 Vat.
1413 2181 1454 2215 Θ.
1470 2187 1507 2215 ct
1520 2190 1549 2216 r.

147 2227 296 2262 Bekker
314 2228 472 2269 addidit,
491 2230 529 2262 in
546 2228 696 2271 reliquis
712 2228 816 2261 libris
837 2233 872 2262 et
889 2231 926 2262 in
943 2233 1033 2263 vett,
1051 2229 1152 2262 editt.
1171 2229 1341 2261 omissum
1359 2230 1425 2259 eat.

141 2337 234 2379 κοῦ,
258 2347 352 2381 qnae
370 2339 485 2372 verba
500 2339 598 2372 haud
619 2339 743 2382 inepte
765 2338 813 2372 ad

140 2362 612 2470 Ιοιὲωὲᾱῑρὶοιέιὲἶόοὲἓξοωο
629 2383 811 2425 retuleris,

183 2515 226 2547 E.
264 2509 382 2549 ἄλλα
409 2510 543 2559 τόδε]
575 2516 697 2550 Intell.
726 2515 812 2550 δια-

139 2557 248 2602 φέρει
266 2571 314 2594 τι.
360 2559 503 2603 Nihil,
530 2561 665 2603 inquit,
688 2562 808 2594 istuc

136 2604 354 2646 interest,
390 2605 467 2638 sed
505 2605 585 2638 hoe
626 2605 807 2647 quaeri-

133 2650 225 2681 tur.
246 2649 808 2691 siverasuntquaeantea

132 2690 460 2735 diximus,num
478 2694 808 2736 quisquamsua

134 2741 296 2779 sponte
337 2741 529 2781 appetet
566 2747 680 2781 quae
717 2747 807 2772 me-

880 2341 986 2380 tuit,
1004 2349 1129 2381 quum
1147 2347 1259 2381 quae
1276 2346 1360 2371 non
1377 2337 1546 2376 metuit,

878 2384 1021 2436 possit
1045 2395 1066 2416 a
1074 2384 1282 2436 ppetere?

924 2424 1024 2480 ὡμο
1070 2439 1125 2471 ογ
1176 2437 1258 2460 ται
1289 2420 1547 2475 ἡγεῖσθαι

880 2468 998 2506 κακὰ
1023 2429 1226 2515 εἷναιη]Ν
1194 2472 1297 2504 Nam
1321 2479 1429 2511 quae
1447 2468 1545 2510 quis

880 2519 1056 2555 metuit,
1097 2527 1148 2550 ea
1187 2523 1447 2548 concessum
1477 2515 1546 2544 eat

880 2558 1482 2606 illumpromalishabere.

916 2606 1010 2656 Cap.
1042 2605 1210 2638 XXXIX.
1247 2603 1289 2636 Ρ.
1321 2603 1398 2635 3⁶9.
1428 2594 1485 2643 μὴ
1519 2611 1543 2632 α

880 2646 929 2683 τὸ
970 2646 1179 2701 πρῶτον]
1227 2649 1265 2683 Ρ.
1299 2648 1364 2680 329
1394 2645 1427 2677 D
1465 2654 1543 2686 sqq.

879 2712 926 2718 —
949 2689 999 2727 τὸ
1024 2690 1107 2759 γαρ
1087 2702 1345 2736 ρυστερον,
1375 2699 1409 2723 v
1428 2699 1461 2731 p
1478 2690 1545 2721 349
