1696 2976
589 154 660 190 AD
691 151 1122 189 PROTAGORAM.
1533 146 1605 189 11v

276 268 363 309 Non
396 272 528 308 tamen
562 266 660 307 haec
681 265 962 306 demonstratio
998 264 1047 306 ad
1075 265 1200 305 iustae
1235 265 1584 317 argumentationis

162 326 483 379 perspicuitatem
503 324 692 377 perducta
721 329 791 364 est.
852 323 1007 363 Etenim
1027 322 1276 374 Protagoras,
1306 334 1427 374 quum
1461 334 1508 362 ex
1537 335 1584 362 eo

163 385 346 424 Socrates
377 387 560 435 quaerat,
596 380 751 421 bonane
778 381 857 420 sint
884 392 950 426 ea,
984 391 1084 431 quae
1117 378 1225 419 utilia
1247 379 1325 419 sint
1344 378 1582 426 hominibus,

161 441 263 481 hanc
282 442 516 481 sententiam
543 450 624 478 non
649 450 727 478 una
757 450 804 478 ex
831 444 944 489 parte
965 436 1101 476 falsam
1132 449 1218 477 esse
1247 436 1341 476 dicit
1368 440 1405 476 et
1425 436 1582 476 tandem

162 499 409 547 occasionem
430 496 621 538 sermonis
642 495 716 535 alio
736 494 920 535 flectendi
948 499 1106 534 nactum
1129 506 1171 534 56
1192 505 1277 534 6556
1297 498 1406 534 ratus
1425 493 1583 545 longam

163 555 315 595 orditur
336 555 564 599 orationem,
587 565 663 606 qua
684 552 832 592 bonum
862 563 941 591 non
969 552 1172 591 hominum
1200 550 1366 591 utilitate
1396 551 1582 591 definien-

159 613 252 652 dum
287 623 373 652 esse
408 612 539 658 docet,
573 610 642 650 sed
675 609 864 662 quidquid
901 608 1016 649 alicui
1043 609 1102 648 rei
1123 607 1216 648 utile
1239 609 1310 654 sit,
1347 608 1387 648 id
1408 612 1581 654 eatenus,

158 669 287 722 quoad
307 668 400 709 utile
421 669 490 718 sit,
512 668 661 708 bonum
683 667 906 712 dicendum,
927 670 970 705 ut
990 665 1112 706 multa
1133 666 1211 705 sint
1238 665 1361 712 bona,
1390 678 1491 718 quae
1510 665 1583 704 ho-

157 726 326 766 minibus
345 727 488 778 partim
504 724 651 765 nullam
667 724 832 764 afferant
846 723 1065 768 utilitatem,
1088 724 1230 775 partim
1248 724 1364 763 etiam
1380 722 1580 763 damnum.

156 784 282 831 Quam
312 783 545 823 sententiam
571 781 752 834 plurimis
781 780 968 833 exemplis
998 781 1334 820 accuratissimam
1363 780 1581 820 doctrinam

154 840 415 892 prodentibus
449 840 672 885 confirmat,
703 838 851 878 scilicet
881 839 954 877 hac
981 838 1132 877 ratione
1161 837 1402 877 audientium
1430 838 1581 877 animos

155 898 203 938 ad
223 899 283 938 sui
303 898 599 938 admirationem
620 895 856 947 abrepturus
877 900 994 947 atque
1010 899 1134 935 artem
1151 895 1323 935 Socratis
1339 894 1579 935 dialecticam

154 953 291 994 callide
314 954 507 994 elusurus.
548 953 591 993 P.
615 956 695 997 333
717 953 748 992 Ε
774 977 820 983 ——
845 956 926 997 334
949 952 988 992 C.

265 1011 347 1051 Etsi
368 1016 498 1051 autem
518 1011 759 1061 Protagorae
790 1009 1000 1050 familiares
1021 1007 1122 1049 illius
1143 1010 1330 1049 orationis
1355 1010 1508 1061 copiam
1533 1022 1579 1050 ac

151 1068 401 1120 splendorem
424 1068 680 1113 admirantur,
702 1072 832 1107 tamen
852 1067 1054 1107 Socratem
1075 1078 1154 1105 non
1170 1066 1270 1118 fugit
1284 1066 1579 1107 fraudulentum

151 1125 254 1165 illius
276 1124 497 1165 consilium.
537 1125 663 1175 Rogat
682 1125 801 1175 igitur
817 1123 1044 1176 sophistam,
1073 1127 1117 1163 ut
1136 1124 1264 1163 missis
1285 1123 1578 1174 splendidarum

151 1184 371 1222 orationum
393 1181 622 1234 ambagibus
642 1181 954 1233 breviloquentia
974 1184 1125 1227 utatur,
1155 1181 1195 1220 in
1224 1193 1300 1233 qua
1322 1185 1359 1221 et
1387 1182 1471 1233 ipsa
1492 1193 1578 1222 sese

153 1239 346 1280 excellere
368 1239 521 1278 dixerit.
572 1238 640 1278 1116
661 1251 754 1278 vero
770 1239 946 1290 iniquum
961 1242 1071 1289 putat
1091 1237 1165 1278 sibi
1185 1238 1415 1290 praescribi,
1438 1251 1576 1291 quem-

150 1296 361 1336 admodum
383 1295 660 1348 disputandum
682 1297 742 1335 sit.
776 1295 926 1343 Quibus
947 1295 1086 1335 auditis
1110 1295 1304 1341 Socrates,
1328 1308 1450 1349 quum
1466 1297 1576 1338 insti-

150 1358 272 1394 tutam
294 1354 596 1405 disputationem
616 1353 812 1404 persequi,
836 1365 915 1392 non
937 1353 1133 1392 orationes
1163 1353 1211 1393 de
1230 1353 1346 1393 variis
1367 1353 1485 1395 rebus
1507 1367 1576 1395 au-

149 1411 234 1450 dire
255 1411 397 1462 cupiat,
420 1409 588 1462 abrupto
609 1422 793 1450 sermone
814 1410 1028 1450 discessum
1059 1414 1183 1462 parat.
1241 1410 1313 1451 Hic
1340 1423 1433 1451 vero
1462 1413 1576 1452 amici

148 1479 238 1507 eum
267 1467 411 1508 obnixe
439 1473 601 1518 rogant,
631 1471 674 1507 ut
701 1479 752 1507 ne
784 1467 978 1514 discedat,
1015 1466 1281 1520 precibusque
1321 1468 1360 1507 id
1387 1469 1573 1517 efficiunt,

146 1529 190 1564 ut
209 1537 290 1564 non
309 1525 427 1565 modo
448 1529 661 1570 remaneat,
684 1536 821 1564 verum
843 1525 957 1564 etiam
985 1536 1125 1564 rursus
1146 1537 1235 1564 cum
1255 1525 1470 1577 Protagora
1491 1539 1573 1567 ser-

144 1593 302 1622 monem
324 1581 507 1622 conferre
526 1581 630 1622 velit.
683 1580 875 1627 Quoniam
895 1586 1025 1622 autem
1046 1581 1348 1623 declamationes
1375 1583 1574 1636 longiores

144 1640 303 1679 omnino
326 1644 459 1680 censet
480 1652 501 1679 a
522 1638 716 1691 colloquio
737 1639 929 1679 arcendas
950 1651 1047 1684 esse,
1078 1639 1277 1691 sophistae
1307 1642 1572 1693 respondendi

142 1697 461 1748 interrogandive
483 1697 640 1748 optione
670 1696 770 1742 data,
792 1697 876 1748 ipse
904 1697 981 1736 iam
1002 1697 1278 1748 respondentis
1299 1699 1462 1750 suscipit
1481 1711 1571 1751 par-

142 1759 212 1798 tes,
234 1754 287 1793 ita
308 1753 480 1806 quidem,
502 1758 557 1799 ut,
579 1757 786 1806 postquam
816 1753 881 1794 ille
911 1754 1194 1805 interrogando
1223 1754 1296 1794 sibi
1326 1756 1569 1806 satisfecerit,

142 1810 310 1850 vicissim
331 1809 440 1850 illum
462 1811 512 1849 sit
530 1811 860 1861 interrogaturus.
919 1811 1139 1862 Postquam,
1161 1812 1280 1862 igitur
1309 1812 1356 1852 de
1385 1812 1447 1852 his
1467 1815 1571 1854 inter

142 1878 209 1907 eos
230 1868 422 1914 convenit,
444 1867 680 1919 Protagoras
700 1878 882 1918 magnam
903 1867 1138 1908 liberalioris
1167 1869 1396 1909 eruditionis
1415 1876 1569 1923 partem

139 1925 308 1976 positam
331 1936 416 1964 esse
440 1929 573 1964 censet
601 1925 642 1963 in
664 1924 903 1965 carminibus
931 1926 1238 1977 interpretandis
1266 1931 1303 1966 et
1323 1938 1507 1968 sermone
1527 1930 1569 1968 in

139 1981 351 2021 Simonidis
372 1993 542 2027 carmen,
566 1981 670 2033 quod
689 1982 729 2020 in
739 1981 890 2034 Scopae
906 1982 1099 2023 honorem
1115 1987 1198 2023 erat
1214 1984 1416 2035 scriptum,
1439 1990 1565 2026 trans-

138 2036 218 2076 lato
240 2050 287 2077 ex
309 2038 493 2084 Socrate,
523 2039 590 2090 qui
621 2040 662 2077 in
685 2051 730 2078 eo
754 2040 928 2079 carmine
958 2039 1124 2080 multum
1145 2051 1187 2079 se
1208 2041 1324 2080 studii
1353 2042 1567 2084 collocasse

138 2095 357 2145 profitetur,
380 2096 543 2147 quaerit,
574 2107 669 2135 num
691 2095 791 2136 bene
822 2100 860 2136 et
886 2101 994 2137 recte
1023 2098 1284 2149 compositum
1314 2099 1349 2139 ei
1376 2100 1564 2141 videatur.

138 2151 365 2203 Respondet
385 2153 578 2198 Socrates,
600 2152 697 2192 nihil
718 2165 759 2193 se
781 2154 822 2192 in
845 2154 1031 2200 carmine,
1063 2154 1170 2207 quod
1189 2155 1476 2207 reprehendat,
1506 2159 1563 2197 in-

138 2209 283 2248 venire.
325 2209 425 2249 Tum
445 2209 684 2261 Protagoras
706 2210 850 2251 docere
872 2216 1036 2251 conatur
1052 2216 1207 2263 poetam
1229 2224 1364 2252 secum
1384 2226 1564 2266 pugnan-

138 2266 188 2304 tia
210 2265 354 2311 dicere,
378 2267 520 2318 quippe
537 2268 603 2319 qui
619 2268 748 2320 primo
769 2269 855 2320 ipse
865 2273 984 2320 ponat
1000 2268 1158 2309 difficile
1171 2281 1257 2309 esse
1274 2270 1399 2310 virum
1414 2270 1564 2313 bonum

138 2322 316 2369 existere,
339 2322 479 2364 deinde
498 2324 702 2371 Pittacum,
726 2326 792 2376 qui
813 2325 969 2365 difficile
991 2325 1131 2366 dixerit
1151 2326 1322 2376 probum
1344 2339 1441 2374 esse,
1463 2329 1562 2371 vitu-

136 2383 250 2430 peret
271 2392 316 2419 ac
338 2380 536 2432 corripiat.
585 2380 667 2427 Qua
688 2382 801 2434 culpa
830 2387 874 2423 ut
895 2383 1112 2423 Simonides
1141 2382 1350 2430 liberetur,
1381 2385 1563 2427 Socrates

136 2436 304 2476 Prodico
334 2442 495 2476 auctore
532 2437 629 2477 duas
665 2441 851 2492 proponit
890 2439 1102 2480 verborum
1132 2439 1429 2491 explicationes,
1467 2455 1561 2495 qua-

136 2505 224 2532 rum
246 2498 428 2534 neutram
449 2494 686 2546 Protagoras
706 2496 884 2536 admittit.
924 2497 1084 2549 Iamque
1107 2496 1288 2538 Socrates
1308 2510 1419 2540 suam
1439 2502 1560 2552 ipsius

137 2552 372 2590 sententiam
394 2551 589 2603 expromit
610 2556 647 2591 et
667 2558 873 2605 postquam
896 2553 1115 2594 admirabili
1137 2566 1226 2595 cum
1239 2555 1423 2596 irrisione
1440 2557 1560 2597 Lace-

137 2606 364 2647 daemonios
385 2612 423 2647 et
444 2606 647 2649 Cretenses
667 2609 836 2651 laudavit
858 2616 1040 2663 tanquam
1058 2611 1252 2664 sophistas
1269 2613 1560 2664 antiquissimos

137 2668 174 2702 et
192 2663 364 2704 breviter
385 2669 574 2716 acuteque
595 2666 705 2706 dictis
726 2666 971 2713 clarissimos,
994 2667 1087 2708 illud
1108 2681 1266 2710 carmen
1289 2670 1558 2712 Simonideum

136 2720 189 2759 ita
216 2721 519 2774 interpretatur,
551 2727 594 2762 ut
620 2728 788 2774 poetam,
821 2725 959 2764 Pittaci
988 2725 1132 2766 dictum
1164 2727 1320 2779 aliquod
1340 2728 1557 2781 reprehen-

137 2775 314 2824 dentem,
359 2779 456 2819 haec
491 2779 574 2819 fere
610 2780 742 2821 dicere
778 2782 1040 2823 demonstret:
1086 2783 1274 2829 „Difficile
1310 2795 1395 2825 esse
1429 2786 1556 2827 virum

136 2832 283 2874 bonum
315 2835 451 2882 sieri,
488 2849 534 2876 ac
561 2836 640 2876 falli
666 2837 879 2885 Pittacum,
916 2841 983 2891 qui
1012 2840 1137 2881 virum
1172 2841 1320 2881 bonum
1356 2853 1464 2883 esse
1497 2845 1555 2885 vel
