1682 2944
257 219 307 256 58
723 221 1111 264 PROLEGOMBNA

254 344 329 383 quo
365 332 528 381 Gorgiae
564 345 686 371 sermo
722 333 922 373 institutus
958 335 1135 384 fingatur.
1192 337 1375 378 Quocirca
1412 338 1576 387 primum

253 387 407 437 quidem
434 387 542 426 varia
567 392 779 439 temporum
805 389 915 438 signa
941 395 981 430 et
1006 391 1146 431 indicia
1163 393 1327 432 sermoni
1345 394 1578 433 luculentius

254 442 438 492 impressa
464 443 658 492 collegisse
684 444 843 484 iuvabit.

335 498 536 537 Ordiamur
561 512 653 538 vero
680 512 704 538 a
729 501 968 540 recensendis
1002 502 1049 541 iis
1077 506 1290 553 temporum
1317 504 1438 550 notis,
1475 505 1579 543 unde

253 553 482 604 colloquium
519 554 669 606 Olymp.
708 559 772 603 88,
812 559 849 594 2.
880 570 932 591 =
961 559 1039 596 427
1079 571 1112 596 a.
1150 559 1238 598 chr.
1277 572 1314 598 ιι.
1351 560 1414 598 vel
1449 559 1578 609 paullo

252 612 338 658 post
365 609 540 648 habitmn
575 610 669 659 fingi
695 611 907 651 coniectum
936 616 1006 652 cst.
1061 612 1208 654 Quibus
1236 615 1466 653 enumeratis
1492 628 1577 665 pro-

252 664 468 727 grediamur
495 666 543 704 ad
571 678 617 704 ea
643 668 911 715 cognoscenda,
940 680 1038 719 quae
1065 668 1122 707 illi
1149 670 1289 709 rationi
1314 671 1576 709 adversantur.

252 720 304 761 Et
339 720 503 769 primum
541 721 695 773 quidem
730 723 794 761 hic
829 724 1071 763 memoranda
1115 728 1174 763 est
1201 725 1362 774 Gorgiae
1398 726 1576 764 Leontini

251 775 390 825 legatio
418 776 567 827 Olymp.
598 781 662 824 88,
691 781 726 815 2.
757 792 810 813 =
839 779 918 817 427
948 791 981 817 a.
1009 780 1097 818 Chr.
1124 793 1162 818 n.
1189 781 1363 819 Athenas
1389 786 1576 830 suscepta,

252 845 330 883 qua
355 832 421 871 ille
448 832 487 871 id
524 833 673 872 efficere
710 834 876 881 studuit,
913 836 959 873 ut
991 835 1238 885 popularibus
1274 836 1354 874 suis
1390 836 1576 875 auxilium

251 888 546 927 Atheniensium
593 892 725 927 contra
762 890 1020 940 Syracusanos
1064 896 1363 940 compararetur,
1416 893 1463 929 de
1500 904 1578 942 qua

254 957 296 982 re
324 948 475 995 praeter
510 944 603 983 alios
631 948 761 983 narrat
796 945 1048 983 Diodorus
1086 946 1176 984 Sic.
1206 947 1301 985 XII.
1329 961 1366 997 p.
1397 950 1487 985 513.
1517 947 1574 985 ed.

251 1001 374 1039 Wess.
431 1000 636 1039 Enimvero
673 1001 788 1039 huius
826 1001 1107 1050 opportunitate
1142 1003 1274 1041 rhetor
1310 1002 1577 1041 celeberrimus

250 1060 428 1095 narratur
453 1056 618 1106 primum
654 1056 888 1094 artificialem
925 1057 1121 1095 rhetorum
1149 1058 1362 1096 Siculorum
1397 1058 1577 1109 eloquen-

251 1112 344 1150 tiam
371 1112 411 1149 in
440 1112 636 1151 Graeciam
662 1112 881 1161 pertulisse,
920 1125 1035 1163 quam
1062 1125 1182 1163 quum
1220 1114 1285 1152 alii
1313 1114 1463 1159 Graeci,
1493 1117 1577 1152 tum

251 1167 436 1217 imprimis
475 1167 731 1206 Athenienses
776 1167 942 1206 maximo
988 1168 1114 1206 studio
1159 1169 1388 1218 exceperint.
1461 1169 1579 1207 Dedit

251 1223 362 1261 enim'
380 1228 463 1261 tum
498 1236 575 1260 non
613 1224 723 1260 modo
751 1223 911 1272 publice,
950 1224 1016 1261 sed
1053 1223 1169 1262 etiam
1196 1224 1377 1274 privatim
1413 1224 1577 1262 illustria

250 1279 332 1316 cius
359 1279 604 1325 documenta,
642 1291 740 1328 quae
777 1278 1014 1316 audientium
1051 1279 1196 1317 animos
1229 1280 1340 1318 valde
1376 1284 1580 1318 moverunt

251 1338 290 1372 et
317 1334 358 1371 in
385 1334 590 1371 maximam
618 1333 904 1372 admirationem
932 1334 1189 1383 abripuerunt.
1254 1335 1300 1373 Id
1338 1334 1439 1385 quod
1466 1334 1577 1373 Plato

251 1390 334 1439 ipse
360 1389 561 1427 memoriae
589 1389 754 1438 prodidit
787 1389 827 1426 in
854 1389 999 1438 Hippia
1025 1389 1111 1428 mai.
1149 1403 1183 1439 p.
1213 1393 1304 1428 282.
1333 1391 1396 1436 Β.,
1436 1390 1502 1428 ubi
1529 1390 1577 1428 de

250 1445 317 1482 illa
345 1445 506 1493 Gorgiae
534 1444 723 1492 legatione
751 1445 869 1482 verba
895 1444 1038 1482 faciens
1075 1445 1177 1483 inter
1203 1445 1280 1483 alia
1307 1446 1401 1483 haec
1426 1449 1577 1484 narrat·

252 1499 316 1538 καὶ
345 1499 386 1538 ἐν
413 1503 472 1539 τῶ
500 1497 637 1553 δήμω,
675 1500 820 1551 inquit,
859 1496 988 1546 ἔδοξεν
1024 1495 1168 1551 ἄριστα
1195 1499 1330 1548 εἶπεῒν,
1366 1499 1429 1538 καὶ
1469 1499 1577 1553 ἰδίᾳ

250 1540 458 1603 ἐπιδείξεις
476 1553 709 1604 ποιούμενος
734 1555 798 1593 καὶ
834 1552 964 1593 συνών
991 1559 1074 1601 τοῖς
1107 1553 1206 1601 νέοις
1226 1553 1418 1607 χρήματα
1452 1554 1578 1594 πολλὰ

250 1608 458 1662 εἶργάσατο
485 1610 549 1649 καὶ
578 1608 717 1659 ἔλαβεν
743 1609 784 1648 ἐκ
811 1608 924 1660 τῆςδε
952 1613 1023 1661 τῆς
1050 1607 1210 1658 πόλεως,
1238 1611 1262 1649 i.
1287 1624 1319 1649 e.
1347 1611 1575 1649 Athenis.

251 1668 312 1704 Ad
341 1668 413 1704 hoc
441 1667 559 1715 igitur
586 1666 786 1714 legationis
813 1670 963 1715 tempus
991 1666 1065 1704 viri
1092 1666 1315 1713 doctissimi,
1344 1679 1439 1717 quos
1466 1667 1576 1704 modo

249 1722 539 1769 nominavimus,
566 1722 757 1770 dialogum
786 1735 936 1760 omnem
961 1725 1219 1771 comparatum
1246 1735 1328 1760 esse
1348 1726 1578 1760 censuerunt

248 1781 458 1828 propterea,
488 1779 588 1829 quod
613 1781 697 1815 tum
714 1790 856 1815 novum
874 1777 978 1815 istud
996 1777 1234 1828 eloquentiae
1252 1791 1373 1826 genus
1390 1777 1431 1815 in
1447 1777 1578 1815 Sicilia

250 1834 447 1872 excultum
475 1838 515 1872 et
541 1833 705 1883 primurn
741 1833 782 1871 in
809 1832 978 1871 Atticam
1004 1833 1194 1882 perlatum
1221 1833 1273 1871 sit
1306 1838 1346 1872 et
1372 1834 1577 1871 maximam

249 1889 487 1927 audientium
515 1888 803 1927 admirationem
830 1887 1076 1935 excitaverit,
1113 1888 1237 1939 qualis
1271 1888 1307 1926 ei
1341 1892 1474 1938 postea
1508 1888 1578 1927 vix

249 1958 380 1983 rursus
406 1945 576 1994 potuerit
602 1944 807 1992 obtingere.
864 1944 1069 1982 Enimvero
1105 1947 1272 1994 quantus
1307 1947 1390 1982 tum
1418 1943 1579 1992 Gorgiae

250 2000 371 2038 honor
399 1999 564 2038 Athenis
590 1999 641 2038 sit
668 1999 841 2046 habitus,
880 1999 919 2037 id
956 2012 1076 2050 quum
1102 1999 1261 2037 aliorum
1297 1999 1577 2038 narrationibus

251 2055 510 2104 cognoscitur,
547 2059 631 2093 tum
668 2054 1015 2105 Olympiodori
1052 2058 1201 2092 constat
1235 2054 1472 2101 testimonio,
1510 2054 1576 2105 qui

250 2124 315 2149 eos
343 2111 445 2157 dies,
485 2111 625 2162 quibus
652 2109 823 2159 sophista
850 2113 971 2148 artem
997 2122 1105 2147 suam
1132 2121 1257 2148 coram
1284 2110 1424 2159 populo
1450 2114 1576 2148 osten-

250 2166 412 2213 taverit,
442 2167 491 2204 ab
520 2165 819 2204 Atheniensibus
845 2177 915 2214 pro
941 2164 1050 2204 festis
1077 2164 1228 2203 habitos
1252 2165 1372 2203 fuisse
1398 2165 1576 2216 ipsasque

249 2222 333 2260 eius
360 2222 549 2261 crationes
576 2221 769 2270 lampadas
789 2220 998 2269 appellatas
1016 2232 1100 2259 esse
1118 2219 1260 2266 scribit,
1286 2233 1324 2258 v.
1345 2233 1432 2259 ann.
1458 2225 1576 2259 nostr.

251 2278 298 2315 ad
327 2278 440 2326 Gorg.
467 2291 503 2327 p.
535 2278 628 2315 417.
657 2277 703 2314 A.
760 2277 844 2314 Iam
876 2288 967 2314 vero
1003 2288 1089 2314 cum
1123 2275 1196 2314 hoc
1222 2276 1402 2325 temporis
1437 2276 1576 2315 indicio

250 2332 413 2371 mirabili
468 2345 560 2371 sane
606 2332 716 2370 modo
760 2332 978 2377 concordat,
1026 2331 1127 2382 quod
1171 2344 1207 2380 p.
1255 2334 1345 2369 503.
1393 2331 1434 2370 Ο.
1504 2332 1575 2369 Pe-

252 2388 362 2427 ricles
389 2388 529 2427 dicitur
562 2386 701 2426 νεωστὶ
738 2383 1055 2437 τετελευτηκέναι.
1110 2386 1252 2425 Incidit
1287 2386 1389 2425 enim
1421 2386 1577 2426 Pei-ielis

251 2457 352 2482 mors
380 2443 421 2481 in
450 2444 599 2494 Olymp.
631 2444 700 2489 87,
738 2446 774 2480 4.
796 2455 849 2477 =
871 2445 951 2480 429
979 2454 1012 2479 a.
1040 2441 1127 2480 Chr.
1153 2455 1204 2488 n.,
1232 2445 1278 2480 ut
1294 2442 1441 2481 duobus
1468 2442 1578 2482 annis

251 2502 339 2538 ante
368 2499 530 2547 Gorgiae
559 2498 787 2547 legationem
813 2496 996 2536 evenerit.
1032 2495 1142 2538 Quod
1161 2501 1348 2548 quantum
1373 2498 1422 2535 ad
1449 2500 1577 2535 tutan

251 2556 338 2593 dam
366 2554 570 2604 superioris
606 2554 764 2592 rationis
791 2552 1160 2591 verisimilitudinem
1196 2566 1241 2591 ao
1275 2551 1578 2603 probabilitatem

252 2611 391 2657 valeat,
421 2615 522 2648 certe
550 2622 660 2647 nemo
688 2609 762 2647 erit
788 2608 882 2660 quin
909 2620 979 2646 sua
1005 2612 1138 2657 sponte
1165 2608 1452 2646 animadvertat.
1497 2609 1578 2646 Nec

254 2679 345 2704 vero
373 2665 461 2704 inde
490 2664 638 2703 abludit
665 2664 768 2702 aliud
796 2663 899 2715 quid.
965 2662 1116 2702 Dicitur
1142 2663 1244 2702 enim
1271 2663 1429 2709 Demos,
1467 2664 1577 2714 Pyri-

257 2721 394 2775 lampis
420 2721 535 2771 filius,
562 2734 598 2774 Ρ.
629 2723 719 2760 481.
748 2720 796 2759 D.
823 2732 847 2759 a
874 2718 1026 2759 Callicle
1062 2719 1103 2759 in
1130 2718 1275 2760 deliciis
1301 2718 1456 2759 habitus
1481 2732 1575 2760 esse.
