1702 2924
419 180 666 221 GORGIAS.
696 181 739 220 P.
770 180 865 219 457.
897 184 991 220 458.
1022 182 1080 221 ed.
1113 182 1170 221 St.
1417 183 1494 221 117

139 288 221 343 ἐγὼ
261 286 367 340 οὖν,
409 290 445 331 εἰ
481 287 559 344 μὲν
597 289 667 330 καὶ
705 289 759 330 σὺ
798 285 840 331 εἴ
863 292 952 331 τῶν
981 290 1227 344 ἀνθρώπων
1255 282 1398 344 ὧνπερ
1426 290 1498 333 καὶ
1526 295 1610 338 458

137 354 233 409 ἐγώ,
262 353 398 410 ἡδέως
418 358 474 397 ἄν
495 365 539 397 σε
568 351 834 410 διερωτῷἡν·
865 356 901 396 εἰ
928 355 972 396 δὲ
1000 357 1071 410 μή,
1102 351 1215 412 ἐῴην
1242 359 1308 398 ἄν.
1339 355 1422 410 ἐγὼ
1450 357 1495 399 δὲ

136 420 266 462 τίνων
304 421 411 475 εἰμίς
450 423 538 462 τῶν
573 420 707 475 ἡδέως
745 420 824 474 μὲν
861 420 916 462 ἂν
954 419 1265 475 ἐλεγχθέντων,
1306 421 1346 463 εἴ
1369 437 1408 463 τι
1436 421 1494 477 μὴ

137 485 293 540 ἀληθὲς
319 485 439 541 λέγω,
467 483 602 541 ἡδέως
630 482 668 527 δ’
702 485 755 527 ἂν
783 484 1056 540 ἐλεγξάντων.
1090 487 1130 528 εἴ
1154 487 1217 536 τίς
1244 502 1282 529 τι
1311 486 1368 542 μὴ
1397 489 1494 543 ἄλη-

136 551 212 601 θὲς
238 551 364 607 λέγοι,
394 552 474 594 οὐκ
496 550 753 606 ἀηδέστερον
780 548 897 605 μέντ’
928 551 983 593 ἂν
1012 551 1300 607 ἐλεγχθέντων
1327 552 1354 607 ἢ
1384 552 1493 608 ἐλεγ-

134 617 316 669 ξάντων·
343 619 488 671 μεῖζον
505 617 588 671 γὰρ
613 611 720 659 αὐτὸ
740 616 913 671 ἀγαθὸν
931 618 1132 673 ἡγοῦμαι,
1162 613 1331 675 ὅσῳπερ
1349 621 1494 673 μεῖζον

136 683 309 737 ἀγαθόν
347 680 460 724 ἐστιν
496 677 631 724 αὐτὸν
668 683 967 738 ἀπαλλαγῆναι
1007 690 1145 726 κακοῦ
1183 688 1261 726 τοῦ
1292 685 1494 739 μεγίστου

135 748 162 802 ἢ
208 750 341 791 ἄλλον
382 748 628 799 ἀπαλλάξαι.
665 743 794 790 οὐδὲν
830 748 913 803 γὰρ
953 745 1073 803 οἶμαι
1109 753 1322 791 τοσοῦτον
1358 748 1494 792 κακὸν

138 809 248 855 εἶναι
273 813 504 870 ἀνθρώπῳ,
534 813 639 856 ὅσον
653 814 756 865 δόξα
784 813 946 868 ψευδὴς
974 814 1068 869 περὶ
1096 807 1159 856 ὧν
1185 816 1386 869 τυγχάνει
1409 820 1494 858 νῦν
1523 816 1562 858 Β

136 879 240 934 ἡμῖν
268 878 292 921 ὁ
314 880 440 933 λόγος
469 880 541 921 ὤν.
571 879 607 921 εἰ
634 878 713 933 μὲν
741 875 822 921 οὖν
848 878 919 921 καὶ
948 879 1002 921 σὺ
1030 877 1116 934 φῂς
1144 885 1341 930 τοιοῦτος
1368 877 1492 933 εἶναι,

137 945 451 1000 διαλεγώμεθα·
492 945 527 986 εἰ
564 943 609 987 δὲ
646 945 717 987 καὶ
754 945 874 987 δοκεῖ
908 952 1062 1000 χρῆναι
1102 945 1197 996 ἐὰν,
1239 945 1374 1000 ἐῶμεν
1410 947 1491 1002 ἤδη

136 1012 297 1066 χαίρειν
332 1010 401 1053 καὶ
441 1011 682 1065 διαλύωμεν
717 1012 794 1052 τὸν
831 1011 974 1065 λόγον.
1043 1012 1171 1053 ΓΟΡ.
1220 1006 1344 1053 Ἀλλὰ
1383 1011 1489 1066 φημὶ

132 1145 224 1178 γοιμι
253 1134 373 1167 invitis
405 1133 504 1166 codd.
534 1134 604 1167 fere
635 1133 808 1167 omnibus.
815 1134 921 1222 p.Par
943 1133 970 1166 1.
995 1132 1092 1178 λέγει.
1128 1135 1288 1168 Praestat
1310 1133 1407 1179 λέγω.
1446 1135 1491 1168 cf.

134 1183 250 1213 annot.
277 1179 320 1212 ad
344 1178 445 1222 Apol.
469 1190 502 1222 p.
526 1178 580 1213 25.
604 1180 643 1212 Β.
675 1180 792 1222 Symp.
840 1178 949 1212 ..176
975 1180 1013 1211 Β.

204 1227 338 1259 κακοῦ
362 1228 438 1258 τοῦ
461 1224 694 1268 μεγίστου]
720 1225 778 1258 Sic
802 1190 920 1260 Clark.
945 1225 1037 1258 Vett.
1061 1224 1155 1257 editt.
1181 1237 1252 1258 του,

136 1336 183 1373 ὥς
216 1338 321 1377 ἔοικε,
356 1339 425 1371 καὶ
460 1335 544 1382 ἡμῖν
574 1339 777 1381 ξυγχωρεῖν.

134 1384 310 1417 Phaedon.
334 1394 367 1426 p.
386 1383 440 1417 64.
462 1383 507 1416 O:
532 1382 594 1416 ἐὰν
616 1382 684 1426 ἄρα
708 1384 775 1416 καὶ

141 1430 194 1462 σοὶ
212 1428 366 1471 ξυνδοκῇ
382 1428 470 1471 ἅπερ
489 1429 558 1462 καὶ
581 1428 666 1469 ἐμοί.
692 1429 778 1461 Ibid.

135 1486 170 1531 p.
186 1473 239 1508 76.
254 1476 300 1507 E:
326 1473 435 1510 οὕτως
451 1473 565 1530 ὥςπερ
582 1476 650 1507 καὶ
678 1478 780 1507 ταῦτα

134 1520 245 1559 ἔστιν,
277 1519 387 1555 οὕτως
417 1520 487 1553 καὶ
519 1518 580 1564 τὴν
610 1518 781 1563 ἡμετέραν

135 1563 250 1610 ψυχὴν
269 1561 370 1598 εἶναι.
393 1566 446 1598 De
461 1567 544 1609 Rep.
537 1534 638 1598 'Im
652 1577 685 1608 p.
701 1564 778 1599 519.

134 1611 175 1644 A.
221 1611 367 1654 Apolog.
410 1612 541 1645 Socrat.
576 1622 609 1654 p.
640 1610 694 1644 22.
726 1611 778 1643 1)·

135 1656 221 1699 ὅπερ
268 1656 338 1690 καὶ
381 1656 418 1689 οἱ
459 1657 595 1700 ποιηταὶ
635 1657 705 1690 καὶ
745 1668 778 1688 οι

135 1700 264 1746 ἀγαθοὶ
298 1701 521 1759 Bnmovqypa‘,
562 1702 624 1735 ubi
655 1713 688 1734 v.
720 1713 779 1734 an-

134 1753 206 1782 not.
249 1748 414 1780 Proxima
446 1748 483 1781 εἴ
513 1749 562 1782 τις
595 1760 623 1780 τι
653 1745 698 1791 μὴ
729 1744 780 1779 ἄλ.

135 1793 225 1837 λέγοι
248 1794 432 1826 Ficinus
456 1793 583 1826 reddit.
616 1794 652 1826 si
676 1792 779 1835 quid

135 1839 297 1872 falsum
336 1839 588 1882 ineptumve
619 1839 780 1871 dicant.

137 1885 342 1928 Optativus,
394 1885 455 1926 qui
497 1884 664 1917 librorum
710 1885 780 1916 fere

136 1931 291 1962 omnium
323 1930 545 1962 confirmatur
567 1929 781 1969 auctoritate,

137 1986 217 2009 cum
263 1976 433 2007 sententia
474 1975 570 2018 ipsa,
624 1975 781 2017 quamvis

136 2020 364 2064 praecedente
424 2020 615 2053 indicat-ivo
676 2020 781 2063 λέγω,

136 2066 273 2109 egregie
297 2067 466 2109 congruit.
513 2066 602 2098 Nam
626 2066 783 2099 Socrates

139 2112 252 2153 εἴρων
285 2111 327 2144 de
356 2122 393 2144 se
424 2112 570 2154 loquens
600 2111 709 2144 utitur
731 2111 782 2142 in-

139 2157 306 2198 dicativo,
338 2167 404 2199 quo
436 2158 558 2190 erroris
589 2156 783 2190 verisimili-

140 2202 294 2235 tudinem
308 2202 461 2243 indicet3
481 2202 567 2235 alios
589 2212 783 2235 memorans

141 2248 330 2291 optativum
361 2249 474 2290 ponit,
506 2248 547 2280 de
577 2248 700 2281 horum
734 2258 784 2280 er-

141 2292 276 2327 roribus
295 2303 373 2326 cum
397 2292 612 2327 dubitatione
635 2293 784 2336 quadam

140 2339 248 2372 animi
270 2338 377 2371 verba
399 2339 540 2372 faciens.

185 2385 224 2417 P.
248 2382 325 2417 458.
373 2385 526 2425 μεῖζον
561 2380 639 2427 γὰρ
678 2381 783 2417 αὐτὸ

140 2427 213 2474 dy]
238 2429 329 2462 Ante
355 2430 473 2471 μεῖζον
494 2429 687 2472 intelligere
711 2439 787 2472 pos-

142 2476 190 2508 sis
210 2473 373 2519 τοσούτῳ,
391 2473 482 2517 quod
498 2484 608 2517 genus
623 2474 788 2517 loquendi

144 2520 243 2575 tetigi
265 2520 308 2552 ad
332 2509 479 2575 Apolog.
503 2520 598 2553 Soet.
603 2530 653 2574 p.
669 2519 722 2554 30.
745 2520 786 2552 A.

191 2564 301 2598 ὅσον
333 2563 439 2607 δόξα
471 2562 641 2609 ψευδὴς
674 2577 707 2598 π.
733 2559 788 2598 ὧν

146 2623 174 2643 κ.
201 2623 226 2644 τ.
251 2610 290 2655 λ.]
322 2610 549 2644 Heindorf.
573 2611 655 2643 olim
677 2611 789 2654 requi·

147 2658 245 2689 rebat
278 2657 517 2690 accusativum
547 2654 653 2698 δόξαν
677 2656 790 2701 ψευδῆ

145 2707 283 2746 propter
328 2702 589 2746 praecedentem
625 2703 792 2736 accusati-

846 1349 929 1371 vum
955 1349 1031 1371 cum
1056 1338 1240 1371 infinitivo.
1286 1338 1327 1370 In
1351 1349 1419 1381 quo
1442 1339 1493 1371 iu-

847 1384 936 1417 dicio
982 1385 1095 1416 virum
1137 1385 1314 1427 egregium
1359 1383 1495 1427 decepit

845 1430 934 1462 ratio
1005 1430 1210 1472 scriptorum
1271 1430 1492 1462 Latinorum:

849 1475 972 1508 Graeci
1000 1476 1093 1507 enim
1122 1475 1159 1507 in
1183 1475 1382 1508 huiusmodi
1405 1486 1495 1508 com—

846 1521 1085 1564 parationibus
1117 1520 1217 1553 modo
1251 1531 1370 1553 casum
1398 1531 1496 1563 prae-

847 1566 983 1599 cedenti
1035 1566 1168 1598 nomini
1225 1566 1496 1608 accommodant,

847 1612 948 1644 modo
981 1612 1233 1644 nominativum
1257 1615 1408 1654 ponunt,
1443 1613 1495 1644 in-

847 1658 986 1690 tellecto
1003 1658 1107 1690 verbo
1133 1657 1317 1700 superiore.
1342 1668 1375 1691 v.
1394 1658 1495 1690 Dor-

848 1703 943 1736 vill.
967 1702 1010 1735 ad
1028 1702 1158 1735 Charit.
1179 1713 1213 1745 p.
1227 1701 1305 1736 538.
1330 1702 1382 1735 ed.
1399 1703 1494 1745 Lips.

850 1749 987 1782 Schae
997 1749 1072 1780 fer.
1096 1748 1229 1781 Melett.
1254 1749 1340 1780 critt.
1363 1759 1396 1791 p.
1418 1747 1494 1782 126.

847 1795 968 1837 Itaque
983 1798 1104 1837 postea
1125 1804 1224 1826 suum
1249 1794 1323 1836 ipse
1347 1804 1495 1827 errorem

848 1841 1024 1883 corrigens
1049 1839 1092 1871 ad
1111 1838 1289 1871 Phaedon.
1309 1849 1342 1882 p.
1359 1837 1434 1874 111.
1452 1839 1494 1872 A.

848 1885 964 1918 docuit
985 1884 1137 1917 meliora.

894 1932 934 1963 B.
989 1930 1059 1962 καὶ
1112 1927 1368 1968 διαλύωμεν
1418 1928 1496 1962 τὸν

850 1974 1018 2032 λόγον]
1046 1975 1212 2008 Similiter
1240 1974 1331 2007 infra
1360 1985 1393 2017 p.
1417 1973 1495 2009 505.

851 2021 894 2054 C.
920 2034 949 2054 τι
974 2016 1042 2054 οὖι
1066 2019 1108 2064 δὴ
1131 2018 1340 2074 ποιήσομεν,·
1370 2021 1497 2062 μεταξὺ

851 2066 910 2099 τὸν
930 2065 994 2110 λδγ
997 2079 1039 2100 ον
1055 2063 1290 2105 καταλύομεν;
1313 2065 1494 2099 Lucian.

851 2112 982 2167 Soloee.
1008 2116 1110 2145 exau:
1135 2115 1202 2143 νῦν
1222 2110 1262 2143 δὲ
1287 2108 1496 2152 διαλύσομεν

852 2156 912 2191 τὸν
948 2155 1119 2201 διάλογον.
1176 2157 1297 2198 Itaque
1338 2167 1408 2189 non
1444 2168 1497 2190 as-

852 2204 979 2237 sentior
1010 2201 1300 2242 Heindorfio,
1340 2203 1400 2244 qui
1435 2202 1497 2235 τὸν

851 2247 956 2293 λόγον
992 2246 1143 2281 διαλύειν
1178 2248 1249 2280 dici
1286 2257 1357 2279 non
1395 2259 1497 2291 posse

851 2301 947 2328 ratus
992 2292 1053 2327 τὸν
1100 2291 1269 2336 σύλλογον
1311 2292 1496 2336 legendum

852 2339 1012 2386 putabat,
1044 2349 1147 2381 quam
1170 2338 1373 2379 lectionem,
1405 2339 1499 2372 haud

853 2386 957 2418 dubie
1003 2395 1046 2416 ex
1093 2384 1303 2416 correctione
1351 2385 1500 2417 alicuius

853 2429 1069 2474 grammatici
1098 2433 1226 2469 ortam,
1261 2429 1443 2462 Bodleian.
1465 2434 1500 2462 et

854 2478 994 2509 Meerm
1019 2474 1154 2508 codices
1176 2473 1318 2507 habent.
1333 2494 1378 2499 —
1403 2472 1500 2508 οἶον

859 2521 908 2554 σὺ
928 2519 1108 2564 ὑφηγεῑ,
1134 2519 1305 2562 qualem
1322 2524 1367 2552 tu
1384 2531 1501 2562 prae-

857 2567 985 2599 ducis
1041 2569 1082 2598 et
1128 2566 1356 2598 informas.
1427 2567 1500 2598 De-

857 2612 1071 2645 mosthen.
1111 2612 1164 2643 De
1204 2611 1329 2644 Ooron.
1361 2621 1392 2653 p.
1422 2609 1501 2643 277.

859 2658 911 2691 ed.
944 2657 1079 2690 Reisk..
1118 2654 1200 2689 κατὰ
1230 2654 1292 2699 τὴν
1323 2654 1503 2699 ὑφήγησιν

860 2701 998 2741 τούτου,
1037 2702 1098 2735 wie
1132 2702 1242 2735 dieser
1276 2701 1324 2735 eie
1359 2700 1503 2734 anleitet.
