1682 2944
479 145 553 184 AD
582 142 826 184 GORGIAM
853 140 1125 181 PLATONIS.
1429 141 1477 177 51

126 256 214 306 IV.
260 255 336 304 De
381 254 712 322 temporibus,
768 252 952 319 quibus
1004 250 1221 318 Gorgias
1270 248 1480 316 scriptus

128 340 369 404 videatur,
406 340 566 406 deque
591 339 694 388 eius
720 355 833 388 cum
859 336 971 387 aliis
995 334 1219 386 Platonis
1246 333 1479 402 operibus

235 424 611 475 necessitudine.
671 423 747 472 De
784 422 973 488 dialogi
1007 421 1169 471 habiti
1204 427 1378 470 aetate.

211 541 288 579 Sed
314 541 412 579 haec
428 530 514 591 ipsa
541 552 602 578 res
632 538 815 591 quoniam
834 537 1046 576 arctissime
1074 537 1280 575 coniuncta
1307 538 1367 575 est
1394 549 1481 574 cum

126 597 386 648 disputatione
414 598 462 635 de
489 600 662 647 tempore
690 596 780 634 libri
808 595 949 642 natali,
979 594 1082 633 ultro
1111 594 1191 632 iam
1217 595 1481 645 quaerendum

126 654 254 702 venit,
293 667 461 706 quanam
488 653 593 694 vitae
622 655 749 692 aetate
777 652 1031 703 philosophus
1059 651 1165 690 hunc
1191 651 1389 700 dialogum
1415 650 1479 689 lit-

126 711 220 750 teris
248 710 542 761 consignaverit.
580 710 732 749 Nititur
758 713 889 748 autem
914 708 1031 747 huius
1059 707 1115 746 rei
1134 707 1346 758 disputatio
1374 720 1480 745 mera

125 768 363 815 coniectura,
402 767 714 819 quandoquidem
753 770 889 814 notae,
928 766 1030 803 unde
1067 766 1115 803 de
1143 765 1233 804 libri
1261 764 1480 815 primordiis

127 825 275 877 aliquid
305 824 482 874 colligere
510 824 636 872 liceat,
665 823 796 862 nullae
823 823 1037 874 peculiares
1063 822 1322 872 reperiuntur.
1370 821 1482 860 Facit

125 885 258 920 tamen
285 881 412 932 ipsum
448 881 575 932 operis
603 883 876 930 argumentum
903 880 1064 932 eiusque
1093 891 1182 917 cum
1212 878 1298 917 aliis
1326 878 1480 928 scriptis

127 938 335 977 Platonicis
364 938 581 976 coniunctio
617 950 662 976 ac
688 937 952 984 necessitudo,
991 940 1038 976 ut
1074 949 1122 974 ea
1158 935 1200 973 in
1229 948 1365 974 caussa
1401 948 1480 972 non

126 995 241 1045 plane
279 995 427 1033 consilii
465 995 599 1045 inopes
626 995 867 1033 haereamus.
923 993 1025 1032 Nam
1062 993 1125 1031 his
1155 991 1406 1031 consideratis
1434 993 1479 1030 fit

126 1064 218 1090 sane
246 1052 359 1101 longe
387 1051 710 1091 verisimillimum
737 1051 923 1101 scriptum
951 1050 1049 1092 illud
1077 1062 1162 1087 esse
1196 1052 1286 1099 post
1311 1049 1479 1087 Socratis

127 1108 285 1156 obitum,
315 1121 392 1161 quo
420 1111 592 1160 tempore
618 1108 870 1159 philosophus
899 1108 1002 1158 apud
1031 1106 1203 1145 animum
1225 1106 1480 1144 constituerat

125 1164 168 1203 111
196 1178 308 1204 0111110
335 1169 489 1216 tempus
517 1165 760 1216 publicorum
788 1163 1031 1215 negotiorum
1058 1162 1382 1202 administrationi
1410 1175 1478 1203 va-

127 1222 290 1261 ledicere
318 1225 435 1274 atque
462 1222 586 1262 vitam
623 1235 735 1260 suam
770 1222 884 1260 unice
911 1219 1179 1272 philosophiae
1213 1219 1353 1259 studiis
1390 1232 1478 1257 con-

127 1291 285 1317 secrare.
342 1278 462 1317 euius
498 1277 714 1318 sententiae
741 1282 896 1317 nostrae
933 1278 1004 1316 has
1041 1278 1123 1316 fere
1159 1289 1315 1316 caussas
1350 1280 1391 1315 et
1416 1289 1477 1314 ra-

126 1335 251 1374 tiones
287 1335 486 1374 habemus.
560 1334 734 1373 Primum
780 1335 884 1373 enim
930 1346 1065 1373 caussa
1103 1333 1270 1372 Socratis
1317 1333 1478 1385 eiusque

129 1392 320 1430 accusatio
355 1391 579 1431 idemtidem
614 1391 872 1441 significatur,
912 1395 958 1430 ut
1003 1405 1040 1441 p.
1081 1392 1174 1428 434.
1213 1391 1253 1428 O.
1301 1393 1394 1428 469.
1433 1391 1476 1428 B.

129 1451 222 1487 485.
259 1449 304 1486 B.
345 1452 437 1486 500.
475 1449 516 1486 O.
557 1451 649 1486 521.
688 1449 728 1487 G.
767 1449 814 1486 D.
855 1451 947 1486 522.
987 1449 1036 1485 A.
1075 1447 1131 1494 B„
1161 1446 1278 1498 idque
1313 1447 1360 1485 fit
1396 1459 1475 1484 11011

127 1504 210 1543 sine
246 1504 433 1554 singulari
470 1504 695 1552 acrimonia,
734 1508 780 1545 111
816 1505 986 1555 profecto
1014 1503 1265 1542 manifestum
1292 1503 1362 1551 sit,
1401 1516 1478 1554 quo

126 1564 298 1611 tempore
345 1561 596 1612 philosophus
642 1562 740 1600 haec
778 1561 919 1601 litteris
966 1560 1159 1608 exaravit,
1210 1560 1379 1598 dolorem
1427 1573 1478 1598 ex

127 1617 263 1668 optimi
299 1618 473 1667 magistri
508 1621 632 1657 morte
669 1621 890 1668 susceptum
928 1621 997 1656 aut
1039 1617 1235 1656 recentem
1274 1617 1400 1655 adhuc
1437 1617 1479 1654 in

129 1674 255 1712 animo
283 1674 405 1724 ipsius
433 1674 603 1714 haesisse
639 1679 708 1714 aut
742 1676 868 1713 denuo
902 1674 1172 1714 vehementius
1199 1673 1479 1712 exsuscitatum

128 1742 222 1769 esse.
279 1732 348 1769 Ex
380 1744 457 1783 quo
501 1743 738 1783 consequens
777 1736 854 1779 est,
903 1735 949 1770 ut
985 1731 1160 1780 dialogus
1197 1731 1479 1769 existimandus

128 1787 180 1826 sit
199 1790 268 1826 aut
285 1801 364 1826 non
382 1788 440 1827 ita
457 1789 580 1827 multo
599 1792 688 1838 post
706 1789 872 1827 Socratis
891 1788 1041 1826 obitum
1060 1792 1129 1826 aut
1146 1787 1330 1837 temporis
1350 1787 1479 1838 aliquo

128 1843 308 1891 articulo,
349 1844 417 1896 qui
444 1845 527 1883 eius
554 1844 777 1883 memoriam
805 1844 1075 1885 vehementius
1108 1844 1375 1890 resuscitaret,
1415 1843 1478 1882 lit-

128 1900 222 1938 teris
252 1900 497 1950 consignatus
525 1914 620 1940 esse.
665 1902 767 1940 Nam
794 1902 898 1953 quod
926 1901 1105 1939 Astius
1132 1901 1192 1938 De
1220 1900 1304 1940 vita
1332 1904 1372 1938 et
1388 1900 1478 1938 scri-

127 1957 206 2005 ptis
224 1956 374 1996 Platon.
394 1971 431 2007 p.
457 1958 546 1996 137.
575 1958 666 1995 inde
694 1958 859 2006 collegit,
890 1957 1056 2006 origines
1076 1957 1202 2007 operis
1230 1957 1272 1994 in
1299 1956 1385 2006 ipsa
1411 1957 1479 1995 illa

128 2016 302 2063 tempora
327 2014 576 2052 conferendas
605 2027 706 2062 esse,
736 2014 876 2066 quibus
906 2026 1041 2052 caussa
1070 2013 1239 2052 Socratis
1267 2014 1309 2051 in
1337 2013 1478 2051 iudicio

128 2069 180 2108 sit
196 2073 362 2117 versata,
390 2071 431 2108 id
451 2070 642 2109 refellitur
658 2070 752 2109 locis
771 2071 1041 2121 compluribus,
1058 2074 1104 2110 ut
1122 2084 1159 2120 p.
1180 2073 1271 2108 522.
1291 2071 1340 2108 A.
1360 2083 1479 2121 seqq„

128 2126 195 2163 ubi
223 2126 412 2165 iniustum
439 2127 515 2166 viri
532 2127 764 2178 supplicium
791 2141 870 2166 non
890 2129 1050 2166 obscure
1070 2127 1321 2176 significatur.
1360 2128 1479 2165 Porro

128 2183 308 2231 Gorgiam
334 2183 583 2223 manifestum
618 2187 679 2223 est
707 2184 870 2224 arctiore
907 2185 1074 2237 quadam
1102 2184 1322 2234 argumenti
1349 2196 1479 2222 neces-

127 2335 186 2369 1103
211 2334 386 2378 Socrates,
413 2336 496 2383 dass
517 2348 600 2371 mem
631 2348 735 2381 saqen
758 2338 896 2380 Ιεὸπηιε,
928 2349 962 2372 es
991 2338 1040 2371 sei
1070 2338 1151 2371 alles
1181 2337 1395 2372 Wesenaiche
1416 2349 1482 2372 von

128 2381 205 2414 dort
227 2400 290 2423 —‚
325 2393 394 2414 nur
415 2381 498 2415 fiber
527 2383 582 2416 die
604 2382 838 2416 ammittelbare
861 2382 1076 2426 persbnliche
1097 2383 1292 2426 Beziehzmq
1322 2383 1481 2426 erhabem

128 2425 347 2469 darqesteutl'
390 2425 486 2460 Idem
507 2432 628 2470 postea
650 2427 761 2461 addita
787 2428 864 2471 „Es
887 2428 1015 2462 echeint
1037 2427 1119 2462 aber
1131 2429 1222 2472 fast,
1245 2429 1297 2462 ale
1319 2428 1405 2462 habe
1427 2429 1483 2462 die

132 2471 292 2514 Apoloqie
313 2472 372 2504 des
398 2470 556 2506 Socrates
571 2491 616 2498 -
638 2473 693 2507 dic
710 2473 924 2516 persffldiche
937 2473 1131 2516 Beziehwny
1153 2474 1246 2507 nicht
1267 2474 1390 2507 sowohl
1409 2485 1482 2507 ver—

130 2516 236 2557 loren,
260 2517 312 2549 als
334 2516 493 2551 vielmehr
513 2518 711 2560 voec‘indert,
740 2518 815 2551 and
837 2519 885 2551 eei
915 2519 989 2552 eine
1010 2519 1172 2562 Apoloyie
1193 2519 1253 2553 dee
1274 2519 1402 2553 Platon
1427 2530 1482 2561 90-

133 2562 279 2594 worden.
303 2580 346 2586 —
372 2560 457 2595 Sich
478 2563 576 2596 selbet
595 2574 639 2596 zu
660 2562 896 2606 rechtfertiqen
917 2564 1000 2596 iiber
1022 2565 1113 2597 seim
1125 2565 1380 2608 fortdauer‘rwle
1397 2564 1485 2607 poli-

132 2604 233 2638 tische
264 2605 511 2650 Unthzttiqkeit,
545 2608 692 2651 zuqlev‘clz
721 2608 802 2641 aber
833 2607 921 2642 auch
944 2619 987 2642 zu
1015 2609 1147 2652 zeiqen,
1176 2609 1238 2643 wie
1250 2609 1422 2653 furchtlos
1445 2619 1483 2641 er

130 2651 246 2684 sein-en
272 2650 566 2695 philosophischen
604 2651 682 2696 Weq
701 2653 930 2696 fortzusetzen
959 2653 1087 2699 denke,
1115 2655 1206 2689 disse
1235 2654 1374 2687 Absicht
1402 2654 1484 2687 liiset

128 2695 199 2730 sich
218 2706 286 2738 yar
307 2697 393 2731 wohl
413 2697 545 2731 denhem
567 2697 606 2731 in
629 2703 730 2732 etwas
752 2702 906 2741 epaterer
930 2698 1033 2733 Zeitss‘

1165 2766 1291 2799 4³¹⁶.
