1748 2944
365 213 443 249 218
903 214 1161 252 PLATONIS

363 318 420 371 μὴ
458 314 608 359 ἁλώσει
636 317 823 360 ἐνταῦθα
849 319 902 361 σὺ
927 321 1236 375 αἰσχυνόμενος.
1265 322 1530 375 νομίζουσιν,
1566 324 1593 377 ἢ
1621 327 1686 372 οὔ,

365 382 406 423 οἱ
432 381 579 423 πολλοὶ
605 383 653 423 τὸ
682 383 777 424 ἴσον
803 381 923 438 ἔχειν,
953 382 1039 426 ἀλλ’
1067 386 1119 427 οὐ
1145 386 1192 426 τὸ
1220 384 1349 427 πλέον
1375 387 1539 428 δίκαιον
1564 384 1685 436 εἶναι,

363 446 430 488 καὶ
467 446 630 500 αἴσχιον
667 448 714 488 τὸ
741 448 902 490 α’δικεῖν
925 454 1003 491 τοῦ
1029 450 1285 500 ἄδικεῖσθαις
1328 451 1406 503 Μὴ
1433 453 1590 504 φθόνει
1614 467 1686 506 μοι

364 510 677 562 ἀποκρίνασθαι
714 515 839 554 τοῦτο
853 545 864 562 ,
908 514 1172 563 Καλλίκλεις,
1212 511 1286 563 ἵν’,
1324 514 1399 556 {dv
1435 531 1506 566 μοι
1539 515 1685 570 ὁμολο-

363 576 508 629 γήσῃς,
549 573 842 631 βεβαιώσωμαι
869 578 949 631 ἤδη
976 577 1090 631 παρὰ
1118 586 1220 628 σοῦ,
1257 579 1328 620 ἅτε
1357 580 1506 622 ἱκανοῦ
1533 580 1688 634 ἀνδρὸς

364 641 595 693 διαγνῶναι
622 640 950 695 ὡμολογηκότος.
1008 644 1142 684 ΚΑΛ.
1172 639 1275 685 Ἀλλ’
1305 644 1351 686 οἳ
1371 658 1418 698 γε
1445 644 1592 686 πολλοὶ
1617 660 1686 687 νο-

361 705 555 758 μίζουσιν
576 704 720 754 οὕτως.
776 708 871 747 ΣΩ.
905 708 968 748 Οὐ
986 708 1103 763 νόμῳ
1122 709 1205 762 ἄρα
1226 708 1362 761 μόνον
1388 707 1499 750 ἐστὶν
1525 708 1689 763 αἴσχιον

363 769 410 810 τὸ
447 769 606 810 α’δικεῖν
643 776 721 811 τοῦ
757 771 1012 822 ἀδικεῖσθαι,
1055 771 1153 813 οὐδὲ
1179 772 1343 815 δίκαιον
1369 770 1417 814 τὸ
1446 773 1540 815 ἴσον
1567 772 1686 828 ἔχειν,

362 832 464 875 ἀλλὰ
502 831 572 874 καὶ
609 835 757 886 φύσει·
796 833 895 885 ὥςτε
922 837 1181 886 κινδυνεύεις
1208 838 1286 879 οὐκ
1313 837 1453 892 ἀληθῆ
1478 836 1614 891 λέγειν
1640 837 1687 880 ἐν

362 901 450 946 τοῖς
477 898 680 949 πρόσθεν,
725 898 822 940 οὐδὲ
850 900 993 953 ὀρθῶς
1020 900 1124 954 ἐμοῦ
1150 906 1398 956 κατηγορεῖν
1424 901 1581 955 λέγων,
1623 899 1688 943 ὅτι

363 960 556 1003 ἐναντίον
580 960 692 1004 ἐστὶν
712 963 735 1005 ὁ
756 965 886 1017 νόμος
906 965 976 1007 καὶ
998 966 1026 1020 ἡ
1054 966 1192 1018 φύσις,
1221 968 1247 1007 ἃ
1274 965 1326 1020 δὴ
1353 965 1425 1008 καὶ
1451 966 1532 1020 ἐγὼ
1559 967 1689 1020 γνοὺς

363 1029 589 1080 κακουργτὸ
616 1025 662 1068 ἐν
689 1031 776 1078 τοῖς
802 1030 956 1083 λόγοις,
993 1028 1068 1071 ἐὰν
1093 1030 1172 1084 μέν
1197 1045 1258 1079 τις
1283 1030 1388 1072 κατὰ
1416 1032 1548 1084 φύσιν
1574 1028 1687 1085 λέγῃ,

363 1090 426 1133 ἐπὶ
468 1088 544 1132 τὸν
583 1093 718 1146 νόμον
745 1096 883 1146 ἄγων,
926 1093 1000 1135 ἐὰν
1027 1093 1071 1136 δέ
1099 1110 1160 1143 τις
1186 1094 1291 1136 κατὰ
1318 1093 1394 1136 τὸν
1421 1096 1579 1147 νόμον,
1621 1094 1683 1136 ἐπὶ

361 1155 439 1211 τὴν
466 1156 610 1209 φύσιν.

448 1221 553 1280 Cap.
583 1221 744 1266 XLIV.
825 1224 959 1264 ΚΑΛ.
1029 1221 1185 1263 Οὑτοσὶ
1230 1222 1339 1276 ἀνὴρ
1387 1223 1439 1264 οὐ
1488 1223 1689 1264 παύσεται

362 1291 579 1342 φλυαρῶν.
635 1287 742 1329 Εἰπέ
779 1302 870 1342 μοι,
911 1302 944 1329 ω
982 1282 1229 1339 Σώκρατες,
1268 1288 1348 1330 οὐκ
1389 1287 1584 1341 αἰσχύνει,
1621 1303 1687 1342 τη-

427 1410 464 1442 Ρ.
489 1407 566 1442 489.
611 1406 695 1441 ἀλλ’
729 1406 778 1441 οὐ
812 1406 851 1440 τὸ
887 1408 1017 1440 πλέον
1049 1408 1099 1450 8.]
1140 1408 1195 1441 Sic
1219 1370 1334 1441 Clark.
1359 1409 1433 1441 Vnt.
1460 1409 1564 1441 Coisl.
1587 1409 1687 1443 Vind.

363 1455 394 1487 1.
425 1454 455 1487 6.
502 1455 578 1487 Par.
618 1451 888 1486 BCEFIVW.
929 1453 1119 1486 Florentiui
1161 1464 1294 1494 omneS,
1336 1453 1433 1486 Bodl.
1471 1453 1690 1486 Scribebntur

362 1497 423 1541 ⁰²31
406 1497 741 1585 χὶβὲἰβέἓιύσωμαι
764 1540 844 1585 ἤδη
869 1542 983 1583 παρὰ
1008 1546 1084 1575 σοῦ
1140 1542 1255 1576 Clark.
1280 1546 1313 1574 et
1334 1543 1435 1585 pauci
1457 1543 1517 1575 alii
1539 1541 1687 1586 βεβαιώ-

364 1599 474 1628 σομαι,
499 1591 710 1631 repugnante
734 1587 866 1620 Thema
888 1588 980 1630 Mag.
1003 1598 1035 1630 p.
1059 1586 1081 1620 4
1103 1585 1134 1620 3.
1159 1587 1195 1619 in
1218 1597 1250 1620 v.
1274 1588 1341 1619 ἵνα.

407 1698 714 1741 βεβαιώσωμαι
757 1695 834 1741 ἤδη
878 1697 992 1738 παρὰ
1059 1697 1095 1730 εί
1116 1695 1164 1751 δὴ
1195 1694 1377 1737 ὀνομάτων
1406 1709 1445 1742 γε
1476 1696 1590 1752 δεήσει
1621 1700 1686 1739 θη-

364 1743 452 1787 σοῦ]
477 1748 521 1776 ut
539 1744 618 1776 hoo
637 1745 721 1776 iam
739 1754 812 1786 per
831 1748 868 1775 te
884 1745 993 1784 (tuum
1063 1739 1124 1784 pet'
1128 1752 1197 1776 σεις
1234 1742 1491 1784 διευλαβεῖσθαι
1527 1740 1687 1786 α’λλήλωι.

361 1790 470 1831 ipsius
515 1788 698 1829 iudicium)
744 1788 992 1820 confirmem
1061 1787 1194 1819 Dicitur
1215 1786 1256 1818 de
1281 1797 1338 1827 eo,
1369 1788 1429 1829 qui
1459 1788 1547 1819 inter
1575 1787 1688 1841 dispu-

362 1844 407 1866 ac
425 1833 671 1871 stabiliam,
692 1833 848 1875 quippe
869 1842 993 1874 quum
1060 1831 1199 1864 tandum
1229 1831 1357 1872 verbis,
1392 1842 1478 1874 qnae
1502 1832 1605 1864 alicui
1627 1834 1688 1864 iin-

361 1877 494 1911 virid
517 1878 621 1910 mihi
645 1878 921 1910 concesserit
943 1876 993 1909 ad

362 1923 695 1955 diiudicandum
760 1922 805 1954 id
821 1933 840 1954 0
855 1933 877 1954 ιι
894 1932 948 1954 eu
965 1932 990 1954 s.

362 1969 541 2010 Perperam
577 1966 819 2010 βεβαιώσωμαι
859 1967 993 2009 passive

362 2012 486 2044 dictum
511 2016 680 2054 putarunt.
716 2012 850 2054 Optime
870 2012 993 2043 Hein-

361 2057 533 2089 dorfius
557 2058 767 2098 comparavit
783 2057 835 2088 De
849 2057 920 2098 Rep
922 2055 991 2088 ubl.

362 2102 404 2134 V.
436 2112 467 2143 p.
491 2100 567 2134 461.
597 2102 642 2133 Ε.
682 2100 737 2133 δεῖ
767 2099 809 2142 δὴ
845 2099 881 2132 τὸ
913 2098 994 2139 μετὰ

364 2149 461 2179 τοῦτο
500 2144 762 2188 βεβαιώσασθαι
800 2144 892 2184 παρὰ
935 2148 1006 2176 τοῦ·

363 2188 477 2245 λόγου.
515 2191 671 2232 Sympos.
701 2201 731 2232 p.
758 2187 830 2222 199.
855 2190 902 2222 B:
937 2190 965 2221 ἵι
966 2201 993 2220 α

362 2234 511 2290 ἀισμολο
535 2233 704 2287 nodum-os
756 2231 833 2275 παρ’
888 2231 994 2266 αὑτοῦ

363 2293 404 2313 οι
408 2291 472 2314 τως
487 2277 507 2323 ἦ
532 2292 552 2323 η
563 2278 657 2323 λέγω.
674 2278 838 2312 Addimus
852 2278 993 2311 Lachet.

388 2323 493 2358 ..194
519 2325 557 2357 C.
589 2329 622 2357 et
651 2323 728 2358 200.
751 2323 790 2356 Β.
827 2324 871 2355 os.
894 2323 993 2355 Mat·

364 2369 496 2402 thiae.
521 2370 578 2402 Gr.
603 2368 748 2411 ampl.p
751 2366 879 2400 .1172.

408 2415 447 2446 Β.
493 2411 592 2456 ἃδή
617 2379 748 2446 καῖέΡ
738 2411 876 2456 γώγν.
931 2412 992 2444 Re-

364 2459 465 2501 spicit
476 2458 518 2491 ad
534 2460 638 2491 verba
651 2457 802 2491 Calliclis
820 2468 853 2500 p.
933 2457 993 2488 .A.

407 2503 492 2559 ‚Cap
518 2503 639 2535 XLIV.
691 2499 853 2536 Οὑτοσὶ
881 2498 957 2533 ἀν’
944 2513 991 2544 ηρ

365 2560 416 2581 ου
441 2546 650 2580 παύσεται
674 2546 734 2602 —]
771 2546 857 2580 vide
879 2551 994 2580 annot.

364 2592 407 2626 ad
431 2603 463 2647 p.
482 2591 558 2625 467.
579 2593 617 2624 Β.
641 2611 684 2616 -
707 2589 931 2631 ὀνόματα
922 2592 993 2632 θή-

367 2634 554 2678 pedam,
601 2636 731 2670 verba
767 2646 872 2669 nucu
908 2646 993 2668 ans.

365 2683 502 2724 Infiap
505 2679 613 2715 ,490
636 2682 683 2714 A:
720 2681 774 2714 καὶ
799 2679 843 2714 οὐ
867 2679 995 2723 σήματα

365 2692 520 2769 θηρούω.
570 2725 742 2760 Theaetet.
775 2736 808 2770 p.
838 2724 914 2760 166.
945 2726 994 2758 B:

1059 1876 1216 1918 prudenti
1238 1876 1452 1917 exciderunt,
1487 1876 1608 1919 cupide
1631 1878 1688 1910 ab·

1059 1922 1165 1954 utitur
1196 1920 1239 1954 ad
1262 1921 1441 1954 creandam
1466 1921 1562 1954 alteri
1584 1922 1687 1955 mole-

1060 1963 1170 1999 stiam.
1215 1984 1260 1990 --
1311 1963 1479 2009 ῥήματι,
1525 1967 1687 2008 vorbis,

1059 2011 1134 2043 dem
1155 2010 1352 2043 Ausdmcke
1374 2010 1470 2042 nach.
1501 2020 1532 2042 v.
1556 2021 1589 2053 p.
1611 2011 1689 2063 450.

1060 2056 1099 2088 Ε.
1123 2074 1165 2079 -
1189 2055 1372 2096 ἓρμαιοι
1395 2058 1465 2087 τοῦ
1475 2066 1517 2087 το
1541 2055 1685 2089 ποιοί-

1059 2111 1199 2139 μενος.
1233 2099 1387 2153 Sympos.
1411 2109 1443 2153 p.
1464 2098 1539 2132 217.
1555 2101 1603 2132 A.
1621 2100 1686 2155 ἔρ

1059 2154 1161 2183 μαιον
1191 2140 1370 2197 ἡγησάμην
1398 2139 1488 2176 εἶναι
1512 2145 1567 2176 καὶ
1589 2142 1687 2178 ευιύ-

1059 2199 1143 2231 χημα
1167 2186 1252 2227 ἐμον
1275 2189 1346 2220 θαι
1340 2186 1488 2227 μαστόν.

1104 2232 1142 2265 C.
1189 2231 1264 2264 &aa
1289 2231 1535 2275 συρφετός]
1560 2233 1685 2266 Eodem

1059 2277 1196 2310 nomine
1219 2278 1324 2310 utitur
1348 2277 1445 2310 Plato
1467 2279 1568 2311 etiam
1592 2278 1685 2311 nubi.

1061 2321 1150 2354 wad
1168 2322 1271 2365 Hipp.
1287 2322 1367 2355 Mai.
1384 2332 1416 2365 p.
1431 2321 1507 2357 288.
1526 2323 1569 2355 D.
1594 2322 1686 2356 Idem

1060 2366 1176 2399 erebro
1186 2372 1392 2409 usurparunt
1401 2367 1601 2409 posteriores
1609 2368 1687 2400 Pla-

1060 2411 1176 2449 tonici,
1192 2411 1599 2466 Synesius,'1'homistins,
1616 2412 1686 2445 alii.

1105 2457 1174 2488 καὶ
1212 2450 1332 2488 οὗτοι
1369 2458 1529 2496 φαῖσι),
1577 2454 1685 2490 avrti

1063 2504 1192 2533 ταῦτα
1222 2500 1286 2542 -]
1341 2510 1401 2533 an
1454 2500 1686 2533 existimas

1060 2556 1120 2578 me
1164 2544 1331 2585 dicere,
1386 2543 1424 2577 si
1469 2545 1685 2578 colluvies

1061 2600 1280 2623 servorum
1332 2589 1686 2631 omnigenorum-

1061 2646 1139 2677 que
1162 2634 1375 2667 hominum
1397 2639 1687 2678 congregetur

1061 2678 1237 2712 nulline
1287 2678 1443 2721 pretii,
1501 2683 1687 2721 praetor—

1061 2734 1184 2767 qntm
1220 2722 1335 2766 quod
1371 2723 1564 2757 fortasse
1602 2733 1686 2757 cor·
