1702 2924
436 186 681 226 GORGIAS.
711 187 757 226 P.
786 188 882 224 451.
911 189 1007 224 452.
1036 186 1096 225 ed.
1127 185 1184 225 St.
1443 185 1495 224 97

133 297 162 352 ἤ
189 296 348 339 τούτου
374 293 498 350 τέχνη
525 294 621 376 περὶ
658 297 707 338 τὸ
747 292 946 350 μέγιστον
984 294 1156 349 αγαθὸν
1191 297 1281 343 τοῖς
1321 294 1492 348 ανθρώ-

132 377 241 412 ποις,
270 358 357 403 ἀλλ’
385 362 415 416 ἦ
441 360 532 417 ἐμή.
562 362 599 404 εἰ
626 358 708 404 οὖν
737 356 871 403 αὐτὸν
899 359 983 414 ἐγὼ
1018 359 1214 415 ἐροίμην·
1256 359 1328 402 Σὺ
1354 360 1400 402 δὲ
1427 361 1491 410 τίς

133 426 194 470 ὢν
241 434 375 469 ταῦτα
421 426 575 482 λέγεις,·
643 428 755 469 εἴποι
802 426 857 468 ἂν
894 426 1020 476 ἴσως,
1073 422 1140 468 ὅτι
1172 423 1357 480 Ἰατρός.
1441 426 1492 468 Τί

133 489 214 534 οὖν
263 491 420 546 λέγειςς
484 488 511 547 ἦ
558 493 607 535 τὸ
654 499 729 546 τῆς
781 498 858 547 σῆς
910 489 1058 547 τέχνης
1115 490 1243 546 ἔργον
1291 490 1492 547 μέγιστόν

132 557 247 600 ἐστιν
273 553 468 611 ἀγαθόνς
499 561 601 608 Πῶς
628 557 710 612 γὰρ
740 560 807 610 οὔ,
837 557 945 612 φαίη
974 557 1028 598 ἂν
1049 557 1162 609 ἴσως,
1195 552 1228 599 ὦ
1250 559 1490 611 Σώκρατες,

132 623 292 677 ὑγίειας
347 623 388 664 τί
434 619 472 664 δ’
522 622 608 665 ἐστὶ
664 625 809 678 μεῖζον
860 619 1034 676 ἀγαθὸν
1095 619 1345 677 ἀνθρώποις
1401 624 1489 678 ὗγι-
1519 622 1558 665 Β

132 688 242 738 είας;
283 688 340 729 Εἰ
377 688 413 730 δ’
453 683 510 730 αὖ
546 688 651 742 μετὰ
688 695 845 731 τοῦτον
883 688 908 730 ὁ
935 689 1215 743 παιδοτρίβης
1252 689 1386 741 εἴποι,
1426 687 1492 732 ὅτι

136 754 403 808 Θαυμάζοιμι
439 756 542 805 τᾶν,
582 748 616 795 ὦ
645 755 893 808 Σώκρατες,
935 753 1007 796 καὶ
1044 749 1196 805 αὐτός,
1235 755 1274 795 εἴ
1309 765 1378 797 σοι
1405 754 1492 810 ἔχοι

133 821 318 874 Γοργίας
350 821 494 898 μεῖζον
528 815 701 874 ἀγαθὸν
740 818 939 870 ἐπιδεῖξαι
985 826 1060 874 τῆς
1096 814 1233 861 αὑτοῦ
1278 820 1426 875 τέχνης
1462 821 1490 875 ἢ

133 884 216 939 ἐγὼ
242 891 317 940 τῆς
345 884 470 940 ἐμῆς,
509 885 664 940 εἴποιμ’
715 884 771 926 ἂν
799 880 855 926 αὖ
882 883 954 926 καὶ
981 886 1088 938 πρὸς
1116 891 1293 927 τοῦτον·
1348 885 1418 927 Σὺ
1444 886 1490 928 δὲ

132 948 184 1005 δὴ
213 952 275 999 τίς
303 946 349 1001 εἷ,
381 952 416 992 ὠ
443 954 672 1004 ἄνθρωπες
711 950 782 992 καὶ
809 951 850 992 τί
876 950 925 992 τὸ
953 949 1074 992 σὸν’
1061 948 1215 1004 ε’ςργον
1255 951 1489 1005 Παιδοτρί-

130 1017 221 1070 βης,
250 1016 357 1070 φαίη
385 1019 452 1068 ἄν,
482 1018 530 1059 τὸ
558 1015 597 1059 δ’
626 1014 755 1069 ἔργον
781 1016 868 1070 μού
895 1014 983 1057 ἐστι
1009 1017 1169 1065 καλούς
1204 1030 1248 1057 τε
1275 1016 1347 1058 καὶ
1375 1017 1490 1071 ἰσχυ-

132 1082 236 1136 ροὺς
262 1085 401 1124 ποιεῖν
427 1077 530 1131 τοὺς
557 1079 821 1136 ἀνθρώπους
849 1081 900 1123 τὰ
929 1082 1114 1136 σώματα.
1185 1081 1312 1123 Μετὰ
1340 1080 1386 1123 δὲ
1413 1084 1490 1124 τὸν

200 1213 310 1255 πρὸς
343 1218 385 1248 τί
413 1218 541 1248 τοῦτο
573 1214 758 1259 λέγεις;]
791 1215 831 1247 V.
858 1214 965 1259 λέγεις
990 1218 1109 1254 τοῦτο,
1135 1215 1226 1258 quod
1250 1219 1303 1248 est
1326 1215 1429 1248 etiam
1451 1216 1489 1248 in

131 1262 206 1294 Par.
229 1262 308 1294 EF.
331 1262 424 1294 Flor.
447 1261 480 1294 b.
504 1261 527 1293 f.
552 1265 586 1293 et
610 1261 709 1294 Bodl.
732 1260 883 1293 Routhii.

198 1307 237 1338 P.
261 1304 338 1339 452.
385 1303 521 1338 αὐτίκ’
548 1303 599 1338 ἄν
623 1305 927 1350 παρασταῖεν]
953 1304 998 1338 ἂν
1018 1317 1083 1339 οιιι.
1101 1305 1217 1338 Clark.
1236 1306 1313 1338 Par.
1333 1306 1488 1339 EFIW.

133 1351 237 1384 Vind.
261 1351 293 1384 6.
317 1350 411 1384 Flor.
433 1352 458 1384 f.
482 1362 509 1385 s.
535 1362 657 1384 errore.

200 1390 229 1428 ὦ
254 1394 402 1439 ΣώκρἿ
427 1394 591 1440 ὑγιεια]
618 1396 702 1429 Voc.
729 1394 841 1452 υγιέια
862 1396 954 1429 male
979 1396 1153 1439 suspectat
1176 1395 1352 1439 Hirschig.

199 1442 239 1474 Β.
269 1439 543 1483 Θαυμάζοιμι
567 1439 664 1486 τᾶν]
690 1442 733 1475 V.
758 1439 782 1473 τ’
808 1439 861 1474 ἄν.
905 1441 991 1474 Inde
1015 1452 1092 1474 cum
1115 1442 1317 1474 Hermanno
1341 1442 1487 1475 fecimus

131 1485 212 1524 τᾶν,
237 1487 261 1519 i.
284 1497 314 1519 e.
338 1499 387 1519 τοι
412 1484 671 1526 ἅν,ΒοΙι1ζοι·ιιε
695 1487 816 1520 invitis
838 1487 936 1519 libris
959 1484 989 1530 y’
1014 1484 1069 1525 ἄι,
1102 1486 1182 1519 aliis
1206 1487 1487 1520 assentientibus.

132 1533 224 1564 Dein
248 1532 340 1574 ἔχοι
367 1533 521 1575 Γοργίας
546 1532 662 1566 Clark.
689 1532 795 1566 Coisl.
819 1532 896 1565 Par.
927 1532 1082 1565 BCFV.
1105 1532 1197 1564 Flor.
1222 1543 1252 1564 a.
1278 1544 1305 1565 c.
1331 1532 1363 1565 d.
1386 1543 1432 1565 m.
1456 1543 1488 1565 o.

132 1581 166 1610 et
195 1587 281 1610 corr.
314 1577 392 1610 Vat.
425 1578 470 1610 A.
502 1578 606 1610 Vind.
639 1578 670 1611 1.
706 1577 772 1611 Sed
809 1582 902 1610 recte
933 1588 970 1610 se
1003 1577 1107 1610 habet
1138 1578 1241 1610 etiam
1264 1577 1490 1619 indicativus,

133 1633 342 1665 quamquam
365 1622 556 1655 cedendum
587 1633 665 1655 cum
689 1623 807 1656 Herm.
831 1623 997 1656 librorum
1030 1623 1257 1666 plurimorum
1281 1624 1486 1656 auctoritati.

201 1666 325 1700 Μετὰ
357 1666 403 1700 δὲ
427 1666 504 1701 τὸν
527 1668 726 1710 παιδοτρ.
735 1668 747 1712 ]
772 1670 839 1701 Pro
862 1668 957 1711 vulg.
983 1666 1038 1712 δή,
1064 1669 1119 1700 cui
1143 1673 1233 1701 certe
1255 1669 1292 1701 in
1316 1668 1382 1700 hac
1406 1679 1488 1701 enu-

130 1714 318 1746 meratione
335 1723 405 1746 non
426 1718 478 1747 est
500 1713 610 1754 locus,
634 1714 897 1767 suppeditarunt
914 1714 992 1746 Vat.
1012 1715 1055 1746 Δ.
1081 1714 1167 1746 Ven.
1187 1714 1264 1746 ΞΣ.
1290 1713 1396 1746 Vind.
1408 1713 1441 1747 2.
1455 1712 1486 1747 7.

131 1759 344 1792 Meermann.
369 1757 418 1797 δέ,
443 1759 535 1802 quod
559 1760 754 1802 nuperrime
778 1769 896 1793 rursus
920 1759 1105 1802 expulsum
1128 1759 1296 1792 videmus.

134 1869 252 1913 ἰατρός
286 1883 321 1904 τε
345 1884 375 1904 κ.
394 1883 439 1910 π.,
465 1872 594 1904 inserto
618 1872 775 1913 articulo,

131 1928 211 1950 vere
247 1917 382 1949 monuit
415 1918 646 1950 Buttmannus
693 1918 775 1950 huic

133 1963 350 1996 coniecturae
373 1962 508 1995 obstare
537 1962 690 2005 positum
718 1973 776 1994 vo-

133 2007 236 2040 culae
260 2018 311 2045 τε,
346 2018 433 2050 quae
456 2008 506 2039 ita
530 2007 697 2040 collocari
719 2007 776 2040 de-

133 2053 263 2085 buerit.
285 2051 306 2084 ὅ
322 2064 356 2085 τε
376 2052 496 2094 ἰατρὸς
514 2053 570 2085 καὶ
590 2065 623 2085 π.
641 2053 777 2095 Olym-

133 2097 366 2152 piodorus:
392 2095 451 2131 τὸν
466 2097 700 2153 παιδοτρίβην
717 2109 775 2138 με-

136 2140 174 2175 τὰ
205 2140 267 2175 τὸν
298 2140 419 2197 ἰατρὸν
449 2139 569 2182 εἶπεν,
604 2141 723 2187 ἐπειδὴ
757 2140 776 2176 ὁ

134 2187 200 2227 μὲν
224 2185 343 2229 ἰατρὸς
367 2189 447 2230 περὶ
480 2188 518 2220 τὰ
543 2193 710 2244 ,στοιχεῖα
713 2186 775 2221 αὐ-

135 2230 174 2264 τὰ
199 2230 277 2265 καθ’
299 2231 403 2266 ἑαυτὰ
427 2236 667 2287 καταγίγνεται,
691 2231 710 2266 ὁ
737 2234 777 2266 δὲ

134 2277 361 2333 παιδοτρίβης
390 2279 471 2320 περὶ
509 2278 571 2332 τὴν
603 2277 778 2311 σύνθεσιν

134 2320 250 2355 αὐτῶν
279 2323 335 2355 καὶ
361 2322 422 2375 τὴν
455 2321 594 2356 τοιάνδε
624 2327 694 2356 τῶν
715 2335 776 2363 μο-

137 2370 227 2423 ρίων
263 2366 449 2411 συιθήκην
486 2369 543 2401 καὶ
581 2367 616 2401 τὸ
655 2367 776 2403 κάλλος

136 2410 263 2445 αυτιῦν.
294 2424 328 2446 v.
359 2413 404 2446 ad
434 2412 564 2447 Criton.
593 2424 627 2456 Ρ.
650 2413 705 2447 47.

180 2503 220 2534 Β.
244 2503 288 2535 εἴ
309 2512 375 2535 σοι
399 2503 487 2544 ἔχοι
511 2503 776 2547 Γοργιάς-]

136 2548 244 2580 Inviti
272 2558 384 2590 paene
416 2548 584 2581 cessimus
611 2548 779 2582 librorum

138 2593 337 2625 auctoritati
369 2593 559 2636 optativum
594 2604 656 2636 pro
690 2594 779 2626 indi-

138 2638 253 2670 cativo
277 2638 344 2680 ἔχει
373 2638 480 2680 vulgo
510 2639 698 2682 perscripto
722 2650 779 2672 ex-

93 2701 96 2703 v
135 2681 342 2716 bibentium.
386 2684 477 2716 Nam
499 2683 688 2717 indicativo
711 2695 780 2717 ser-

136 2731 218 2760 vato
240 2728 308 2761 hoc
332 2728 475 2762 dicitur:
506 2729 642 2762 Mirer
665 2739 779 2772 sane,

212 2794 284 2820 Pht.
302 2794 375 2828 opp.
393 2796 456 2822 v01.
473 2796 511 2822 11.
530 2795 604 2822 Soet.
621 2797 644 2822 1.

844 1872 882 1904 si
919 1882 1077 1904 revera
1110 1872 1319 1914 Gorgias,
1360 1875 1406 1903 ut
1442 1875 1488 1903 tu

845 1916 1014 1959 quidem
1039 1917 1116 1958 ais,
1140 1918 1277 1950 maius
1303 1916 1488 1959 aliquod

844 1961 1001 1994 bonum
1046 1973 1153 1995 suae
1191 1963 1304 1995 artis
1348 1965 1487 1995 osten-

845 2007 951 2040 dere
974 2008 1124 2050 possit.
1182 2008 1329 2063 Apolog.
1354 2007 1487 2040 Socrat.

844 2063 877 2094 p.
901 2051 957 2085 25.
981 2054 1027 2084 B:
1065 2050 1170 2097 πολλὴ
1192 2052 1259 2096 γὰρ
1285 2051 1330 2084 ἄν
1355 2064 1402 2086 τις
1427 2064 1486 2084 ευ-

845 2096 1006 2136 δαιμοιία
1043 2098 1099 2140 εἴη
1132 2099 1212 2139 περὶ
1254 2097 1334 2132 τοὺς
1374 2096 1474 2131 νέοις

844 2142 879 2175 εἰ
907 2140 960 2177 εἷς
994 2143 1059 2183 μὲν
1095 2142 1204 2183 μόνος
1243 2141 1371 2178 αὐτους
1411 2141 1484 2175 δια-

847 2188 994 2230 φθείρει
1009 2213 1018 2226 ,
1043 2187 1080 2220 οἱ
1104 2186 1132 2220 δ’
1158 2186 1250 2222 ἄλλοι
1274 2186 1485 2230 ὠφελοῦσιν.

843 2233 932 2265 Ibid.
956 2244 989 2275 p.
1013 2232 1069 2267 30.
1092 2235 1132 2266 Β.
1155 2245 1188 2276 p.
1207 2233 1262 2267 37.
1282 2234 1320 2266 B.
1347 2234 1404 2274 aL,
1428 2234 1487 2275 qui

844 2278 914 2311 loci
936 2278 1019 2311 huic
1041 2284 1159 2312 nostro
1190 2280 1284 2311 omni
1316 2289 1361 2311 ex
1390 2282 1487 2321 parte

845 2324 975 2356 similes
999 2328 1089 2357 sunt.
1118 2325 1289 2366 Loquitur
1311 2334 1393 2356 vero
1408 2334 1487 2366 pae-

844 2368 995 2403 dotribes
1018 2370 1077 2410 ita,
1100 2374 1139 2401 ut
1154 2369 1375 2402 collocutoris
1394 2380 1489 2401 men-

844 2418 914 2447 tem
949 2415 1064 2456 potius
1102 2425 1205 2456 quam
1242 2426 1340 2447 suam
1378 2414 1488 2457 ipsius

845 2459 1043 2502 opinionem
1066 2460 1238 2502 respiciat.
1286 2460 1489 2493 Germanice

844 2515 986 2547 prorsus
1032 2504 1152 2537 eodem
1193 2504 1295 2538 modo
1341 2505 1489 2537 dixeris:

855 2549 1030 2582 Wundern
1053 2550 1170 2583 wiirde
1199 2550 1288 2582 auch
1310 2549 1366 2582 ich
1388 2549 1488 2589 mich,

845 2605 942 2627 wemz
967 2594 1111 2637 Goryias
1140 2595 1292 2627 wirldiclz
1322 2595 1377 2627 ein
1397 2596 1490 2637 yrbs-

847 2650 935 2672 εει-ω
961 2639 1031 2672 Gut
1060 2640 1236 2683 aufzeiqe‘n
1265 2640 1370 2672 kann.
1423 2638 1492 2671 Sed

847 2695 881 2717 v.
904 2683 948 2717 ad
970 2684 1118 2728 Apolog.
1084 2696 1174 2729 g.p
1198 2684 1253 2719 25.
1279 2685 1318 2717 C.
1342 2684 1491 2717 Matth.

849 2730 908 2763 Gr.
934 2730 966 2770 ἓ.
989 2729 1067 2763 524.
1091 2730 1123 2763 1.

1205 2795 1225 2829 7
