1682 2944
275 136 325 170 32
741 133 1130 173 PROLEGOMENA

355 244 491 294 Itaque
520 244 683 293 primum
720 244 871 294 quidem
898 245 1082 283 nonnulla
1121 245 1422 284 animadvertere
1450 250 1490 284 et
1525 259 1603 283 mo-

274 311 363 336 nere
390 299 603 338 consultum
637 299 829 346 ducimus,
870 313 967 351 quae
1005 301 1051 338 ad
1080 301 1262 339 iudicium
1300 301 1347 339 de
1374 301 1534 340 materia
1562 301 1603 338 in

273 355 345 392 hoc
370 354 467 393 libro
494 359 657 395 tractata
684 356 890 404 regendum
925 361 1040 407 atque
1069 356 1366 395 confirmandum
1403 357 1514 396 utilia
1543 357 1604 395 vel

1038 510 1050 518 ο

274 505 505 550 ἐπιγράφουσι
526 507 716 550 ,,Γοργιἀς,
741 505 761 550 ἢ
786 508 865 548 περὶ
892 504 1028 550 ῥητορικ
1054 505 1101 542 ε”.
1127 510 1236 540 κακῶς
1262 506 1308 539 δι’.
1334 503 1427 539 οὗτοι
1449 505 1514 550 γὰρ
1535 505 1605 539 ἀπὸ

274 551 402 593 μέρους
435 549 469 583 τὸ
494 550 576 583 ὅλον
604 554 922 606 χαρακτηρίζουσιν·
955 520 1072 595 gangr)
1100 550 1164 594 γὰρ
1194 552 1323 594 Γοργίᾳ
1347 550 1502 593 διελέχθη
1526 553 1604 592 περ)

276 594 471 639 ῥητορικῆς,
503 595 539 628 ἐκ
564 594 684 628 τούτου
714 607 776 628 τον
810 594 940 629 σκοπὸν
970 595 1188 637 ἐπορίσαντο.
1234 598 1339 628 καίτοι
1371 594 1458 628 οὐδὲ
1491 597 1611 628 πολλοί

274 640 365 673 εἰσιν
396 640 431 672 οἱ
461 638 694 683 τοιουτσλόγοι.
740 638 829 673 ἄλλοι
862 639 900 673 δέ
937 651 1062 680 φασιν,
1099 639 1148 672 ὄτι
1180 641 1258 681 περὶ
1292 639 1511 683 δικαιοσύνης
1550 641 1605 673 καὶ

273 683 407 719 ἀδικίας
431 683 631 728 διαλέγεται,
657 682 703 717 ὥς
726 682 772 716 ἂν
797 687 862 717 mir·
886 684 951 724 μὲν
974 684 1118 717 δικαίων
1141 682 1360 724 εὐδαιμόνων
1385 682 1515 723 ὄντων,
1541 688 1608 717 τῶν

275 729 314 761 δὲ
337 727 468 762 ἀδίκων
492 726 624 783 ἆτυζῶν
647 730 702 762 καὶ
727 727 873 761 ἀθλίων·
898 728 952 761 καὶ
978 727 1048 773 ὅσῳ
1080 727 1125 761 ἂι·
1148 726 1263 762 ἄδικός
1289 740 1335 762 τις
1360 727 1424 771 ἐιή,
1458 728 1607 772 τοσούτῳ

274 772 504 814 ἀθλιώτερος,
535 785 600 806 nav
630 771 807 807 ἀθάνατος
839 769 877 815 ᾖ,
913 774 958 805 ἔτι
991 775 1102 817 πολλῷ
1132 774 1258 812 μᾶλλον
1288 771 1504 806 ἀθλιώτατος.
1550 774 1606 806 καὶ

275 814 366 850 οὗτοι
381 818 419 851 δὲ
433 815 500 850 ἀπὸ
520 817 646 859 μέρους
662 816 722 850 τὸν
738 818 868 851 σκοπὸν
882 817 1156 860 ἕκλαμβάνουσιι·
1170 817 1207 849 ἐκ
1225 820 1292 850 τῶν
1305 815 1391 857 πρὸς
1408 815 1467 850 τὸν
1483 816 1606 850 Πῶλον

274 861 397 906 λόγων.
421 860 511 895 ἄλλοι
536 862 574 894 δὲ
590 862 757 906 λέγουσιν,
783 861 831 894 ὅτι
851 861 982 894 σκοπὸν
999 863 1062 904 ἔχει
1086 864 1165 903 περὶ
1191 865 1250 894 τοῦ
1266 860 1477 904 δημιουργοῦ
1500 860 1606 894 διαλε-

274 908 410 951 χθῆναι.
435 907 489 939 καὶ
507 901 599 939 οὗτοι
616 906 655 939 δὲ
673 905 739 939 ἀπὸ
757 906 883 948 μέρους
900 905 1146 948 λαμβάνουσιν,
1172 904 1290 950 ἐπειδὴ
1305 906 1345 938 ἐν
1363 909 1407 938 τιῦ
1423 904 1538 949 μύθῳ,
1560 904 1607 940 ὦς’

276 952 398 994 ἔχομεν
413 952 553 991 μαθεῖν,
579 951 740 994 μέμνηται
757 955 814 983 τοῦ
832 950 1052 994 δημιουργοῦ.
1075 949 1208 984 ἀτόπως
1225 950 1264 983 δὲ
1277 951 1331 983 καὶ
1348 939 1440 983 οὗτοι
1457 951 1511 983 καὶ
1529 950 1604 992 ἐξῃ-

277 995 443 1038 ρημένως.
469 996 584 1035 φαμὲν
600 997 726 1034 τοίνυν,
752 994 799 1028 ὅτι
825 993 951 1028 σκοπὸς
968 993 1060 1039 αὐτῷ
1076 996 1155 1036 περὶ
1174 998 1241 1028 τῶν
1256 992 1373 1037 ἀρχῶν
1388 994 1605 1038 διαλεχθῆναι

275 1043 343 1073 τῶν
374 1043 561 1082 φερουσῶν
593 1038 678 1083 ἡμᾶς
710 1039 765 1071 ἐπὶ
798 1038 858 1083 τὴν
887 1038 1054 1083 πολιτικὴν
1081 1037 1314 1079 εὐδαιμονίαν.
1376 1041 1472 1072 Haec
1502 1040 1606 1083 igitur

274 1084 549 1127 olympiodorus.
596 1086 692 1125 Quae
716 1085 774 1126 qui
798 1084 853 1117 vel
886 1084 1005 1120 leviter
1035 1085 1316 1125 consideraverit,
1346 1085 1376 1116 is
1404 1083 1507 1117 facile
1537 1083 1604 1117 sibi

274 1129 511 1172 persuadebit,
535 1130 668 1161 etiamsi
692 1128 896 1162 secundaria
920 1130 990 1162 Gor
1014 1130 1066 1163 iae
1089 1130 1283 1172 inscriptio,
1314 1128 1405 1161 haud
1434 1128 1536 1161 dubie
1559 1127 1604 1161 ab

274 1175 424 1216 antiquis
448 1174 576 1207 criticis
586 1174 750 1216 profecta,
774 1184 849 1206 raro
873 1184 993 1216 exemp
1009 1186 1028 1208 o
1052 1175 1088 1206 in
1106 1173 1203 1206 libris
1227 1183 1329 1207 manu
1352 1173 1485 1216 scriptis
1498 1173 1604 1205 omni-

276 1219 341 1251 bus
369 1229 440 1251 una
470 1218 654 1260 eademque
685 1218 817 1261 prodita
849 1223 899 1250 est
928 1218 1030 1251 hacc:
1071 1216 1092 1261 ἢ
1122 1218 1201 1260 περὶ
1236 1216 1433 1261 ῥητορικῆς,
1465 1215 1606 1258 ἀνατρε-

275 1261 405 1302 πνικός,
428 1267 542 1295 tamen
565 1262 607 1295 dc
630 1262 709 1295 libri
725 1267 923 1305 argumento
939 1263 1137 1304 neutiquam
1154 1263 1242 1295 inter
1263 1266 1393 1295 veteres
1409 1262 1605 1294 Platonicos

275 1308 494 1348 convenisse,
533 1308 592 1349 qui
622 1308 735 1350 potius
766 1307 801 1339 in
831 1307 1080 1341 diversissimas
1110 1311 1222 1349 partes
1254 1306 1295 1338 de
1326 1306 1386 1339 illo
1417 1307 1608 1339 statuerint.

274 1353 346 1386 Nec
369 1363 448 1385 vero
471 1351 716 1385 recentioribus
746 1351 953 1394 temporibus
983 1352 1094 1385 miuor
1125 1351 1190 1383 fuit
1218 1350 1283 1384 hac
1315 1351 1350 1383 in
1374 1360 1498 1383 caussa
1521 1350 1606 1383 iudi-

276 1397 403 1430 ciorum
427 1397 604 1429 dissensio.
642 1396 731 1429 Nam
752 1400 791 1427 ut
813 1395 948 1429 silentio
972 1396 1237 1429 transmittamus
1261 1406 1329 1435 cos,
1353 1394 1413 1436 qui
1435 1395 1605 1437 superiore

276 1446 384 1474 aetate
408 1441 463 1474 vel
485 1441 687 1473 rhetoricam
710 1440 906 1472 vitiositatis
936 1444 970 1472 et
991 1441 1217 1473 inhonestatis
1240 1440 1378 1481 coargui
1410 1439 1465 1471 vel
1489 1440 1608 1472 Socra-

275 1492 343 1519 tem
366 1490 405 1518 ut
426 1486 647 1518 fortissimum
677 1488 712 1517 et
739 1485 1051 1517 constantissimum
1079 1485 1231 1517 iustitiae
1263 1484 1440 1526 omnisque
1470 1484 1606 1515 virtutis

276 1530 458 1563 satellitem
503 1540 544 1563 ac
584 1534 763 1572 patronum
801 1529 992 1562 rhetoribus
1031 1533 1064 1562 et
1101 1529 1182 1561 viris
1214 1527 1374 1562 civilibus
1410 1539 1429 1560 e
1467 1529 1605 1570 regione

274 1576 357 1619 poni
379 1575 633 1614 iudicaverant,
663 1584 805 1616 quorum
828 1573 1005 1617 opiniones
1029 1576 1118 1607 certe
1142 1573 1269 1606 dudum
1291 1573 1383 1605 iusta
1405 1571 1502 1604 lance
1525 1578 1606 1604 sunt

277 1619 499 1663 ponderatae,
532 1630 575 1651 ne
598 1618 650 1650 illi
674 1618 829 1661 quidem,
861 1618 919 1660 qui
942 1628 1048 1660 nuper
1071 1617 1205 1650 demum
1228 1617 1269 1650 de
1292 1616 1372 1649 libri
1396 1617 1549 1649 consiliis
1573 1621 1607 1649 et

275 1664 465 1697 rationibus
488 1663 649 1696 subtilius
671 1662 952 1705 disquisivcrunt‚
987 1662 1028 1695 de
1052 1673 1183 1695 summa
1211 1673 1247 1695 re
1270 1661 1460 1694 consentire
1491 1662 1606 1693 existi-

276 1709 392 1742 mandi
415 1713 504 1749 sunt,
527 1708 562 1740 id
577 1707 667 1750 quod
690 1707 949 1740 considerandis
964 1707 1017 1747 iis,
1041 1717 1128 1748 quae
1151 1708 1211 1739 Fr.
1235 1705 1606 1739 Schleiermache·

276 1764 360 1795 rus,
382 1753 621 1793 Fr.Astius,
645 1751 1052 1794 Ioseph.Socherus,
1074 1751 1348 1793 NieSybren
1371 1749 1606 1792 Sybrandi,

278 1799 371 1831 Car.
406 1799 470 1831 Fr.
503 1798 791 1837 Hermannus,
831 1795 923 1829 Car.
963 1795 1255 1835 Reinhartus‚
1301 1795 1452 1827 Franc-
1486 1794 1605 1827 Suse-

276 1842 477 1883 mihlius‚
500 1841 544 1874 H.
568 1841 801 1874 Bonitzius
829 1844 1078 1883 exposuerunt,
1111 1838 1207 1872 nullo
1230 1840 1299 1872 fere
1322 1839 1459 1882 negotio
1481 1837 1606 1871 iutelli-

277 1898 350 1931 gas.
401 1887 491 1920 Nam
521 1882 956 1919 Schleiermacherus
994 1883 1140 1926 quidem,
1178 1893 1282 1926 quum
1313 1883 1467 1916 Platonis
1505 1893 1607 1925 opera

278 1932 436 1965 interiore
459 1930 606 1972 quodam
637 1933 910 1973 argumentorum
939 1929 1078 1962 vinculo
1102 1929 1189 1961 iuter
1212 1938 1249 1960 se
1272 1938 1361 1960 nexa
1391 1931 1426 1960 et
1447 1927 1607 1970 colligata

277 1981 451 2018 tamquam
467 1975 640 2007 doctrinae
654 1973 832 2017 quemdam
848 1972 964 2006 orbem
981 1973 1147 2006 conficere
1162 1971 1229 2005 sibi
1245 1972 1480 2015 persuasisset,
1503 1982 1606 2014 quum

277 2021 363 2054 alios
375 2019 482 2052 libros
495 2019 658 2059 Platonis,
681 2023 753 2050 tum
776 2019 877 2051 etiam
891 2017 1052 2060 Gorgiam
1075 2029 1142 2050 non
1166 2020 1297 2050 tantum
1319 2027 1379 2059 per
1390 2027 1426 2049 se
1443 2026 1608 2057 seorsum,

279 2064 338 2098 sed
361 2064 526 2107 imprimis
550 2063 652 2095 etiam
674 2063 829 2095 iunctum
852 2066 886 2094 et
908 2063 1141 2094 consociatum
1158 2071 1235 2094 cum
1259 2060 1337 2093 aliis
1354 2060 1506 2093 Platonis
1529 2070 1606 2103 ope-

278 2109 373 2142 ribus
397 2107 616 2152 spectandum
639 2106 925 2148 iudicandumque
948 2106 1091 2139 censuit.
1135 2106 1253 2147 Itaque
1276 2104 1362 2138 haec
1383 2104 1454 2138 fere
1480 2103 1522 2136 de
1545 2104 1607 2138 illo

278 2154 438 2196 disputat.
483 2152 633 2185 Primum
655 2151 791 2194 quidem
813 2150 1010 2183 adversatur
1031 2159 1148 2182 eorum
1171 2149 1312 2189 rationi,
1335 2149 1394 2191 qui
1417 2153 1476 2181 aut
1497 2148 1606 2181 rheto-

278 2200 383 2232 ricam
407 2201 467 2230 aut
487 2196 598 2229 simile
627 2195 804 2238 quiddam,
836 2194 924 2237 quod
955 2194 1043 2226 nibil
1072 2194 1139 2226 nisi
1170 2193 1322 2226 universi
1355 2192 1483 2236 dialogi
1506 2193 1606 2235 parti-

277 2243 392 2276 culam
414 2241 673 2284 complectatur,
698 2251 719 2273 a
741 2240 882 2273 Platone
910 2239 947 2271 in
970 2238 1034 2272 hoc
1056 2238 1193 2281 dialogo
1216 2238 1396 2281 praecipua
1417 2247 1519 2280 opera
1541 2241 1606 2269 tra-

278 2291 406 2320 ctatum
429 2296 502 2319 esse
525 2285 765 2318 dictitaverint.
819 2283 926 2317 Cuius
949 2283 1134 2316 sententiae
1157 2292 1239 2315 suae
1263 2292 1417 2314 caussam
1441 2281 1607 2324 imprimis

279 2333 368 2365 hanc
391 2334 640 2370 commemorat,
663 2328 767 2372 quod,
789 2327 848 2360 ubi
871 2332 942 2360 tam
964 2327 1072 2360 multa
1093 2331 1194 2369 atque
1216 2326 1392 2369 praeclara
1419 2325 1462 2359 de
1482 2330 1607 2358 natura

279 2375 463 2418 voluptatis
486 2374 658 2417 disputata
678 2373 898 2417 reperiantur,
920 2371 969 2404 ibi
992 2371 1065 2405 fleri
1087 2381 1156 2404 non
1170 2371 1287 2413 possit,
1311 2371 1393 2413 quin
1414 2370 1480 2403 hoo
1495 2370 1606 2412 ipsum

279 2432 322 2454 ex
351 2424 463 2453 mente
491 2419 647 2452 Platonis
678 2417 817 2451 maximi
846 2417 1008 2449 momenti
1043 2419 1278 2458 argumentum
1316 2425 1391 2448 esse
1420 2414 1606 2447 existimari

279 2465 409 2498 debeat.
440 2462 573 2504 Quibus
596 2464 644 2495 ita
666 2461 858 2495 constitutis
880 2471 978 2503 porro
1003 2460 1164 2503 Gorgiam
1186 2459 1304 2492 docere
1328 2463 1468 2492 conatur
1489 2469 1604 2491 eorum

279 2509 433 2544 Platonis
456 2507 618 2541 librorum
648 2510 822 2549 tamquam
854 2515 974 2548 agmen
998 2504 1141 2543 ducere,
1177 2504 1236 2546 qui
1259 2503 1444 2536 secundum
1469 2501 1605 2535 illorum

280 2554 431 2589 ordinem
454 2552 510 2585 vel
533 2551 675 2584 classem
698 2550 882 2583 conficiant
904 2549 1028 2591 quique
1051 2549 1165 2581 locum
1190 2548 1338 2581 medium
1359 2551 1498 2580 teueaut
1520 2547 1607 2578 inter

281 2610 322 2632 ea
344 2599 487 2641 scripta,
518 2596 642 2638 quibus
664 2595 839 2628 tradantur
868 2593 1103 2637 philosophiae
1126 2593 1225 2625 initia
1254 2596 1288 2627 et
1309 2591 1407 2634 quasi
1429 2590 1607 2631 elementa,

282 2648 382 2685 atque
405 2642 478 2682 illa,
501 2642 536 2674 in
559 2640 681 2683 quibus
706 2640 813 2683 ipsius
835 2638 1068 2681 philosophiae
1086 2642 1281 2670 exstruatur
1298 2635 1488 2671 aediticium
1507 2640 1607 2678 atque
