1682 2944
248 178 299 211 36
716 172 1104 212 PROLEGOMENA

249 285 375 333 (Gorg.
403 298 439 334 p.
469 287 560 321 449.
591 282 665 330 A.).
722 282 910 321 Nimirum
938 296 1052 321 unam
1079 282 1317 332 potissimum
1343 286 1462 321 artem
1486 294 1567 319 ora-

246 340 383 378 toriam
409 352 476 389 pro
511 339 602 376 artis
640 337 762 377 civilis
797 338 1058 388 potentissimo
1099 338 1242 375 auxilio
1279 342 1319 376 et
1353 337 1569 375 adiumento

249 396 395 442 habuit,
423 395 562 446 quippe
590 406 687 445 quae
715 394 841 431 omnia
868 394 939 432 sibi
966 393 1168 432 subiiceret
1195 399 1234 431 et
1261 393 1301 431 vi
1330 405 1373 430 ac
1398 392 1569 442 potentia

247 463 316 488 sua
350 455 498 499 regeret
535 453 574 487 et
610 451 859 498 gubernaret3
918 463 954 488 v.
994 448 1139 486 Phileb.
1188 462 1224 499 p.
1266 452 1332 486 58.
1370 451 1417 486 A,
1455 448 1567 496 Gorg.

248 520 284 556 p.
314 509 405 543 491.
434 506 480 543 D.
521 505 595 542 Sed
623 518 740 556 quum
767 505 838 542 hoc
865 504 1174 543 animadvertisse
1201 504 1407 554 plurimum
1430 503 1571 541 referat

251 562 296 598 ad
324 564 469 599 rectum
507 561 555 598 de
590 564 670 598 toto
708 573 819 610 opere
855 559 1054 606 iudicium,
1093 563 1175 597 tum
1212 572 1288 597 non
1324 559 1448 596 minus
1476 557 1571 596 utile

251 617 323 654 erit
351 617 453 653 aliud
482 615 574 666 quid
602 617 820 662 observare,
859 616 960 666 quod
989 627 1074 652 eum
1108 614 1172 652 illo
1200 614 1368 664 proxime
1397 618 1456 652 est
1483 626 1570 651 con·

249 672 431 710 iunctum.
487 672 590 708 Dum
623 670 725 709 enim
762 684 838 708 una
875 670 1131 708 rhetorica
1167 669 1341 708 civilis
1379 668 1571 708 taxari-et

251 727 441 765 aestimari
467 727 630 772 videtur,
658 726 771 764 simul
798 726 914 764 etiam
950 727 996 763 de
1035 730 1141 763 arte
1170 724 1316 763 civili
1344 725 1424 762 vel
1451 724 1571 774 poli-

251 782 354 820 tica
388 782 604 820 instituitur
640 782 856 831 disputatio.
931 780 1119 819 Nimirum
1162 781 1237 818 fuit
1280 792 1370 818 sane
1407 779 1571 818 Athenis

252 837 468 888 eloquentia
505 838 597 875 artis
636 837 758 875 civilis
794 837 894 875 socia
930 841 969 875 et
1006 836 1246 882 administra,
1285 840 1330 874 ut
1368 834 1487 873 altera
1523 835 1570 871 ab

252 893 372 931 altera
417 893 485 932 vix
531 906 575 930 ac
621 906 669 930 ne
723 892 791 930 vix
834 892 986 943 quidem
1038 891 1167 930 divelli
1222 903 1390 942 unquam
1435 894 1573 940 posset.

251 947 506 989 Quamobrem
532 948 609 985 iam
636 948 811 986 Solonem
846 947 1005 996 legimus
1038 947 1121 995 lege
1148 946 1204 985 ita
1230 946 1488 991 constituisse,
1530 949 1573 982 ut

253 1004 355 1043 cives
382 1004 441 1042 sui
461 1001 579 1054 λέγειν
596 1017 637 1042 τε
654 1002 718 1040 καὶ
737 1001 920 1055 πράττειν
938 1001 1054 1041 δεινοὶ
1082 1003 1228 1048 fierent,
1255 1001 1403 1039 dicendi
1420 1000 1573 1050 agendi-

254 1072 327 1110 que
373 1059 554 1097 facultate
590 1059 796 1108 prudenter
841 1058 1062 1096 consociata.
1136 1057 1320 1098 Quocirca
1357 1055 1574 1107 eloquentia

219 1140 223 1143 »
254 1114 376 1153 civilis
404 1115 495 1152 dum
512 1115 583 1151 sub
612 1127 772 1151 examen
799 1117 967 1160 vocatur,
995 1113 1073 1151 una
1091 1113 1296 1164 eademque
1322 1125 1435 1162 opera
1462 1110 1574 1150 simul

254 1170 369 1208 etiam
397 1183 528 1208 eorum
553 1169 717 1208 rationes
737 1173 776 1208 et
794 1169 949 1207 consilia
975 1168 1222 1218 explorantur
1249 1171 1363 1219 atque
1382 1171 1575 1212 taxantur,

254 1226 321 1277 qui
337 1227 588 1264 versabantur
606 1225 645 1262 in
673 1225 864 1274 republica
882 1237 925 1262 ac
943 1224 1100 1262 dicendo
1119 1228 1159 1262 et
1184 1223 1411 1261 consulendo
1429 1222 1575 1274 aliquas

254 1285 381 1330 partes
418 1280 586 1330 publicas
623 1293 733 1328 agere
770 1280 960 1318 volebant.
1033 1279 1118 1316 Hoc
1154 1279 1272 1327 igitur
1308 1279 1470 1316 alterum
1508 1280 1577 1323 est,

255 1337 355 1387 quod
385 1337 425 1374 in
451 1336 650 1374 iudicando
687 1340 727 1374 et
763 1335 997 1373 aestimando
1033 1334 1193 1383 Gorgiae
1230 1338 1453 1382 argumento
1490 1331 1575 1370 dili-

255 1396 390 1440 genter
417 1395 475 1430 est
501 1391 788 1429 observandum.
828 1391 901 1428 Sed
929 1391 976 1428 ad
995 1390 1091 1428 haec
1117 1389 1261 1428 aceedit
1277 1389 1392 1427 etiam
1419 1387 1575 1427 tertium

255 1447 445 1498 quiddam,
473 1447 573 1497 quod
610 1445 650 1483 in
676 1447 749 1483 hac
776 1459 907 1484 caussa
943 1444 1230 1493 diligentissime
1269 1449 1329 1482 est
1354 1444 1571 1482 tenendum.

255 1503 428 1541 Pertinet
454 1502 556 1539 enim
592 1501 714 1539 omnis
741 1501 909 1539 Platonis
945 1500 1151 1550 disputatio
1189 1501 1236 1538 ad
1273 1499 1576 1538 rhetoricam

258 1557 592 1596 artificialem
619 1557 808 1595 recentius
836 1557 987 1595 demum
1022 1559 1142 1594 ortam
1170 1558 1210 1594 et
1247 1554 1335 1593 inde
1372 1567 1396 1592 a
1422 1553 1578 1592 Periclis

257 1618 381 1652 aetate
410 1627 430 1651 e
460 1612 588 1650 Sicilia
612 1613 785 1650 Athenas
812 1611 1006 1662 perlatam,
1035 1624 1149 1662 quam
1176 1610 1319 1661 primus
1346 1610 1467 1648 fertur
1484 1610 1578 1647 Gor-

258 1669 338 1717 gias
364 1668 574 1707 Leontinus
601 1681 668 1717 per
695 1667 894 1716 legationis
920 1667 1091 1717 publicae
1119 1665 1439 1716 opportunitatem
1458 1665 1578 1703 Athe·

257 1725 452 1762 niensibus
479 1723 747 1762 ostentavisse:
785 1723 832 1760 de
859 1722 997 1774 quibus
1023 1723 1136 1760 rebus
1163 1735 1199 1760 v.
1230 1725 1358 1760 annot.
1387 1721 1434 1758 ad
1462 1721 1574 1768 Gorg.

260 1793 290 1817 o.
319 1781 351 1818 Ι.
389 1780 440 1817 in.
478 1784 516 1817 et
545 1778 715 1827 Prolegg.
753 1779 801 1816 ad
838 1779 1052 1816 Phaedrum
1089 1778 1145 1815 ed.
1177 1780 1212 1815 2.
1241 1790 1277 1827 p.
1308 1776 1445 1814 XLIX
1472 1788 1576 1826 seqq.

259 1836 317 1873 Ea
343 1848 433 1875 vero
461 1834 610 1872 Platoni
638 1847 705 1872 cur
730 1833 973 1883 displicuerit,
1000 1833 1154 1870 minime
1173 1833 1360 1870 incertum
1388 1836 1457 1869 est.
1486 1830 1579 1868 Visa

260 1891 360 1929 enim
396 1891 463 1928 illa
498 1890 721 1939 philosopho
768 1893 826 1927 est
862 1888 1001 1939 duplici
1038 1887 1275 1938 potissimum
1313 1887 1397 1924 labe
1443 1886 1580 1924 affecta

259 1959 361 1993 esse,
400 1946 539 1997 quippe
576 1958 694 1995 quum
719 1945 883 1994 primum
917 1945 1014 1983 falso
1049 1956 1186 1982 nomen
1223 1943 1315 1982 artis
1343 1941 1578 1987 mentiretur,

258 2001 348 2040 licet
374 2002 421 2039 ad
450 2000 613 2050 speciem
648 2005 798 2039 tantum
833 2013 956 2051 neque
995 2000 1043 2037 ad
1069 1998 1269 2038 veritatem
1305 1997 1582 2035 accommodata

260 2061 362 2096 esset
386 2057 545 2107 ideoque
573 2055 792 2094 scientia
820 2052 1047 2106 (ἐπιστήμῃ)
1074 2053 1226 2104 penitus
1252 2056 1415 2098 careret,
1443 2052 1580 2090 deinde

259 2125 349 2151 vero
377 2113 492 2151 etiam
519 2111 646 2149 omnia
671 2112 719 2149 ad
746 2110 953 2160 voluptatis
979 2109 1159 2158 gratiam,
1196 2109 1244 2146 ad
1270 2107 1496 2153 utilitatem,
1532 2106 1578 2144 ad

259 2172 419 2207 externa
444 2167 606 2218 denique
634 2167 827 2204 commoda
862 2170 901 2204 et
934 2165 1188 2204 emolumenta
1223 2164 1398 2210 referret,
1435 2162 1578 2200 iusti-

261 2224 365 2262 tiae
403 2228 451 2262 et
487 2222 775 2261 honestatis
812 2222 923 2271 plane
960 2219 1157 2258 incuriosa.
1231 2218 1381 2268 Quippe
1418 2221 1579 2269 utroque

262 2279 413 2318 nomine
440 2278 507 2316 illa
533 2281 640 2316 tanto
676 2277 795 2326 magis
823 2277 991 2315 laborare
1027 2275 1120 2322 visa,
1157 2275 1257 2326 quod
1295 2274 1411 2312 etiam
1438 2285 1578 2323 pravae

261 2335 487 2385 sophisticae
505 2333 584 2371 vim
603 2338 703 2371 esset
721 2336 879 2382 experta
898 2333 1066 2382 adeoque
1084 2330 1165 2369 eius
1182 2329 1431 2368 vitiositatem
1456 2329 1511 2367 ita
1537 2327 1578 2365 in

262 2403 303 2428 se
331 2389 573 2439 suscepisset,
611 2393 656 2427 ut
682 2387 715 2426 ei
754 2391 854 2426 esset
880 2387 990 2437 plane
1017 2385 1220 2424 consimilis
1258 2389 1372 2436 atque
1409 2387 1578 2433 cognata.

260 2445 398 2497 Itaque
426 2446 472 2483 de
500 2445 573 2482 hac
597 2443 680 2493 ipsa
706 2443 893 2482 rhetorica
919 2447 1034 2494 atque
1071 2444 1153 2480 arte
1180 2440 1302 2487 civili,
1339 2451 1436 2492 quae
1464 2438 1581 2477 etiam

262 2501 517 2551 sophistarum
544 2499 716 2537 doctrina
741 2502 840 2537 esset
866 2498 1007 2536 infecta
1034 2501 1148 2548 atque
1175 2497 1390 2546 depravata,
1417 2494 1457 2532 in
1486 2494 1579 2532 Gor-

262 2556 324 2604 gia
362 2557 506 2604 agitur,
544 2554 582 2592 id
610 2555 710 2605 quod
745 2554 826 2604 ipse
852 2553 1098 2604 philosophus
1135 2565 1210 2589 nou
1247 2552 1402 2589 obscure
1436 2549 1579 2598 signifi·

262 2611 363 2650 cavit
390 2612 551 2661 primum
578 2610 731 2661 quidem
767 2609 875 2648 initio
910 2608 1092 2647 sermonis
1127 2620 1150 2645 a
1178 2607 1329 2649 Socrate
1365 2618 1450 2643 cum
1488 2603 1579 2642 Polo

262 2667 426 2706 instituti
455 2681 490 2716 p.
519 2669 610 2703 463.
640 2666 683 2702 Ε.
714 2686 768 2692 —-
797 2669 887 2703 465.
917 2665 973 2711 E„
1011 2663 1075 2701 ubi
1103 2653 1311 2701 rhetorio&
1338 2673 1423 2698 eum
1451 2659 1577 2709 sophi-
