1716 2886
426 173 671 214 GORGIAS.
701 173 745 212 P.
778 175 872 214 493.
903 172 961 211 ed.
993 171 1050 211 St.
1349 170 1428 208 237

73 285 210 328 πολλὰ
239 291 417 327 τοιαῦτα
445 284 700 338 μυθολογῶ,
743 279 872 322 οὐδέν
911 295 951 321 τι
989 282 1152 334 μᾶλλον
1179 279 1431 334 μεταθήσει;

80 353 212 393 ΚΑΛ.
249 344 373 392 Τοῦτ’
403 348 688 403 ἀληθέστερον
717 346 896 400 εἴρηκας,
929 340 962 386 ὦ
992 346 1231 397 Σώκρατες.

162 417 268 475 Cap.
299 415 510 460 XLVIII.
589 416 689 456 Σῼ.
732 413 839 467 Φέρε
879 413 956 468 δή,
1009 417 1143 467 ἄλλην
1179 411 1430 454 σονείκόνα

77 484 184 538 λέγω
214 483 260 525 ἐκ
287 489 365 524 τοῦ
392 483 526 523 αὐτοῦ
563 480 808 534 γυμνασίου
846 485 896 533 τῇ
935 485 1028 520 νῦν.
1068 479 1216 520 σκόπει
1253 479 1355 532 γάρ,
1396 477 1432 518 εἰ

77 550 243 591 τοιόνδε
273 547 404 600 λέγεις
431 545 528 598 περὶ
556 553 634 587 τοῦ
664 547 764 598 βίου
794 543 997 597 ἑκατέρου
1025 548 1104 586 τοῦ
1132 558 1176 585 τε
1206 545 1432 597 σώφρονος

78 615 147 656 καὶ
178 620 256 655 τοῦ
285 613 549 658 ἀκολάστου,
592 606 688 652 οἷον
717 611 752 652 εἰ
779 610 907 652 δυοῖν
935 610 1116 663 ἀνδροῖν
1155 608 1338 665 ἑκατέρῳ
1365 610 1431 651 πί-

77 683 153 720 θοι
181 677 332 720 πολλοὶ
360 673 469 726 εἶεν,
510 676 582 718 καὶ
619 678 678 733 τῷ
706 676 784 730 μὲν
822 674 949 732 ἑτέρῳ
977 675 1110 728 ὑγιεῖς
1147 674 1218 716 καὶ
1246 676 1432 730 πλήρεις,

79 745 103 785 ὁ
140 742 218 797 μὲν
257 743 406 793 οἴνου,
444 742 468 784 ὁ
505 741 549 784 δὲ
585 741 774 796 μέλιτος,
817 741 840 783 ὁ
882 740 925 783 δὲ
966 741 1174 794 γάλακτος
1211 739 1283 782 καὶ
1310 743 1432 782 ἄλλοι

77 807 227 850 πολλοὶ
255 811 447 858 πολλῶν,
485 809 653 861 νάματα
692 806 737 849 δὲ
767 807 926 849 σπάνια
964 805 1223 861 καὶλχαλεπὰ
1252 805 1433 848 ἑκάστου

147 954 290 986 πείθω
317 955 357 985 τί
379 953 518 985 σε’καὶ
544 951 851 996 μετατίθεσαι]
879 953 996 985 Clark.
1020 953 1099 985 vat.
1133 956 1167 985 et
1197 952 1338 995 plurimi
1373 952 1432 984 alii

80 1010 157 1031 cum
182 998 260 1031 Bas.
277 997 310 1031 2.
333 999 594 1037 μετατίθεσθαι.
625 998 692 1031 Sed
715 999 818 1031 unice
842 1009 926 1031 vera
950 1002 1002 1031 est
1026 998 1130 1031 lectio
1150 998 1305 1041 vulgata,
1330 1007 1432 1040 quam

78 1048 217 1077 tuentur
239 1043 345 1076 Coisl.
370 1047 404 1075 et
427 1044 514 1076 Ven.
541 1044 579 1075 Ξ.

147 1090 189 1122 D.
216 1086 236 1132 ἧ
261 1086 348 1121 οὐδ’
373 1086 426 1120 ἄν
449 1086 551 1121 ἄλλα
576 1087 710 1121 πολλὰ
735 1088 774 1132 τ.]
799 1089 840 1121 V.
868 1087 888 1132 ἢ
913 1086 1037 1126 οὐδέν,
1062 1086 1129 1120 ἀλλ’
1156 1086 1280 1120 ἄνκαὶ
1307 1099 1340 1119 π.
1366 1087 1433 1120 Sed

80 1134 196 1167 Clark.
222 1135 299 1166 vat.
331 1133 434 1166 Vind.
464 1133 498 1178 2(
527 1133 558 1166 6.
591 1135 669 1166 Par.
703 1135 821 1166 BIW.
853 1135 945 1166 Flor.
976 1144 1006 1167 a.
1038 1133 1069 1166 b.
1096 1145 1125 1167 c.
1150 1145 1183 1165 x.
1220 1133 1319 1165 Bodl.
1351 1130 1433 1165 ἀλλὰ

80 1178 194 1212 πολλά.
250 1178 334 1211 Inde
365 1179 562 1211 felicissime
595 1180 768 1221 Sauppius
809 1180 916 1222 Epist.
949 1180 1022 1212 erit.
1052 1190 1084 1222 p.
1117 1178 1193 1212 122.
1225 1178 1433 1221 exsculpsit:

79 1222 154 1257 οὐδ’
179 1222 223 1256 ἂν
247 1222 329 1256 ἄλλα
362 1222 483 1261 πολλά,
518 1224 608 1266 quod
639 1225 830 1267 recepimus
859 1226 1059 1257 Hermanno
1090 1228 1288 1267 praeeunte.
1344 1224 1433 1256 Dein

80 1270 183 1302 vind.
207 1269 238 1302 6.
262 1270 482 1312 μυθολογῶν.
530 1269 689 1302 Ceterum
722 1270 896 1313 vulgatam
927 1274 1068 1302 tuentur
1099 1270 1203 1303 Coisl.
1237 1270 1324 1302 Ven.
1352 1268 1434 1301 ΞΣ.

80 1315 151 1347 alii.

147 1361 188 1392 E.
222 1359 292 1391 καὶ
324 1357 441 1391 ἄλλοι
475 1360 627 1391 πολλοὶ
662 1359 852 1403 πολλῶν]
901 1361 1042 1393 Meerm.
1067 1359 1164 1393 Bodl.
1199 1357 1291 1392 ἄλλοι
1322 1357 1434 1392 ἄλλων

82 1406 223 1437 πολλῶν.
247 1415 280 1438 V.
304 1405 396 1437 infra
418 1409 599 1437 comment.

793 1541 837 1573 la
859 1540 980 1573 modo
1005 1552 1028 1573 n
1039 1544 1196 1574 artata.
1220 1541 1435 1573 Palaestram

792 1586 928 1618 videtur
960 1587 1139 1619 nominare
1178 1587 1332 1619 scholam
1369 1587 1435 1629 Py-

791 1632 1034 1675 thagoreorum
1070 1632 1126 1664 vel
1168 1633 1283 1675 potius
1312 1633 1436 1674 Empe-

82 1539 300 1587 δειξάμενος,
348 1550 415 1583 quo
451 1541 607 1573 restituto
646 1545 724 1583 post

83 1585 159 1620 οἰός
183 1597 217 1618 τε
241 1580 271 1618 ὦ
302 1590 469 1619 commate
502 1586 724 1618 distinximus

81 1631 281 1663 orationem.
332 1632 421 1663 Nam
453 1636 626 1664 structura
657 1642 724 1664 ser-

82 1677 194 1708 monis
217 1677 302 1709 haec
319 1681 389 1709 est:
415 1674 433 1708 ὃ
453 1674 520 1718 ἐγώ
540 1687 594 1709 σοι
610 1676 721 1709 ἐνδει-

83 1720 230 1762 ξάμενος
255 1719 423 1763 βούλομαι
445 1740 488 1745 -
514 1726 630 1754 πεῖσαι
664 1734 722 1762 με·

84 1765 268 1805 ταθέσθαι,
293 1778 374 1809 quo
390 1767 618 1809 probando
633 1778 722 1811 ego,

84 1812 121 1843 si
153 1812 337 1854 possim,
375 1813 646 1855 persuadere
677 1814 724 1844 ti-

85 1857 126 1888 bi
149 1857 297 1899 cupio,
321 1862 367 1888 ut
390 1859 620 1891 sententia
642 1868 725 1890 mu-

84 1906 178 1933 tata
215 1906 393 1934 statuas
425 1913 501 1945 pro
532 1904 626 1935 vita
664 1905 725 1935 in-

86 1948 351 1989 temperanti
383 1947 495 1990 eligi
519 1951 724 1991 oportere

84 1993 432 2034 temperantiam.
471 1993 631 2025 Ceterum
656 1994 725 2026 Co-

85 2047 183 2069 raes
222 2038 350 2070 coniee.
391 2040 513 2070 πεῑσαί
550 2049 587 2070 σε
625 2050 724 2078 μετα-

86 2081 229 2114 θέσθαι.

132 2127 200 2159 καὶ
245 2128 535 2166 μετατίθεσαι
577 2126 724 2161 εὐδαι-

87 2172 391 2214 μονεστέρους
431 2169 550 2206 εἶναι
584 2174 646 2218 -—]
687 2178 726 2207 et

87 2221 253 2249 mutata
292 2219 521 2251 sententia
561 2221 725 2252 statuis

88 2262 322 2295 feliciores
346 2273 441 2296 esse
466 2269 528 2296 etc.
549 2275 581 2297 v.
599 2265 725 2298 Hein—

87 2307 191 2340 dorf.
216 2306 260 2339 ad
283 2308 317 2340 h.
340 2307 363 2340 l.
394 2312 429 2340 et
451 2313 569 2342 nostra
591 2310 635 2342 ad
658 2311 726 2343 Eu-

86 2353 269 2395 thyphron.
293 2363 325 2395 p.
350 2352 382 2388 9.
407 2354 449 2386 D.

136 2399 176 2429 D.
225 2395 367 2441 ἢούδ’
394 2396 660 2432 εἶν-οὐδέν
692 2413 725 2433 τι

87 2453 109 2481 μ
118 2445 139 2474 ᾶ
148 2443 164 2474 λ
173 2444 190 2474 λ,
199 2455 218 2475 ο
231 2442 267 2486 ν]
293 2444 346 2475 De
358 2445 541 2486 negatione
552 2450 630 2486 post
642 2442 729 2478 οὐδὲ

88 2488 233 2530 repetita
263 2499 296 2520 v.
326 2494 442 2523 annot.
473 2489 516 2521 ad
546 2490 643 2532 Reip.
667 2491 726 2523 IV.

88 2543 120 2574 Ρ.
144 2532 221 2566 426.
245 2533 285 2565 Β.

135 2578 216 2620 Cap.
242 2578 400 2610 XLVIII.
426 2578 471 2611 ἐκ
497 2582 569 2612 τοῦ
593 2578 728 2613 αὐτοῦ

89 2625 340 2664 γυμνασίου
384 2627 426 2666 τῇ
470 2624 566 2666 νῦν]
622 2625 666 2657 Η.
697 2637 727 2659 e.

91 2667 239 2700 itidem
281 2668 333 2701 ab
377 2670 434 2701 iis
482 2671 727 2712 repetitam,

91 2723 109 2743 a
135 2714 293 2754 quibus
318 2719 458 2747 sumta
494 2720 588 2748 erat
611 2715 727 2749 fabu-

792 1677 959 1717 docleam,
987 1678 1023 1709 in
1049 1688 1117 1720 qua
1141 1677 1340 1710 huiusmodi
1362 1688 1436 1720 my-

791 1723 927 1755 thorum
950 1722 1133 1755 involucra
1158 1723 1310 1756 studiose
1335 1734 1435 1765 quae-

792 1769 966 1803 rebantur.
993 1769 1045 1800 De
1069 1768 1234 1810 loquendi
1256 1779 1382 1811 genere
1403 1779 1435 1800 v.

792 1813 1016 1846 Matthiae.
1043 1814 1072 1853 ἓ.
1096 1812 1175 1846 385.
1206 1814 1296 1846 Nam
1319 1824 1436 1856 perpe—

793 1869 866 1891 ram
890 1859 926 1890 in
947 1858 1137 1891 Iamblicho
1161 1869 1271 1901 nuper
1294 1860 1436 1891 Kiess-

794 1904 968 1946 lingius
999 1905 1130 1946 recepit
1160 1902 1222 1947 τὴν
1250 1907 1323 1936 νῦν.
1371 1905 1436 1937 Fa-

795 1949 896 1981 bulae
921 1952 1161 1991 argumentum
1187 1950 1252 1982 boc
1277 1953 1346 1982 est:
1370 1950 1434 1982 Fa-

794 1995 924 2026 ciamus
955 1994 1040 2026 duos
1065 2005 1139 2027 esse
1168 1994 1344 2036 homines,
1377 1996 1436 2037 qui

793 2039 902 2071 multa
924 2039 1077 2072 habeant
1099 2038 1210 2081 dolia,
1243 2039 1330 2073 alter
1351 2040 1437 2073 inte-

793 2095 857 2128 gra
880 2089 915 2117 et
937 2085 1037 2125 vino,
1060 2085 1181 2125 melle,
1214 2085 1304 2118 lacte
1328 2086 1436 2128 reple-

795 2136 850 2170 ta,
889 2130 974 2162 alter
1005 2131 1178 2173 perforata
1220 2141 1261 2164 ac
1299 2131 1436 2174 putrida

794 2174 976 2217 fiuidisque
1009 2175 1052 2208 ad
1085 2175 1276 2218 parandum
1301 2176 1437 2210 difficil-

794 2220 887 2253 limis
910 2221 1062 2263 impleta.
1111 2221 1191 2262 ille,
1224 2223 1323 2254 cuius
1354 2233 1438 2255 vasa

794 2266 929 2309 integra
953 2271 1050 2306 sunt,
1075 2266 1116 2299 de
1140 2268 1183 2299 iis
1207 2268 1272 2299 erit
1295 2277 1438 2300 securus

794 2321 905 2353 neque
928 2312 1000 2344 ullo
1025 2311 1124 2344 modo
1156 2312 1344 2351 sollicitus3
1378 2313 1436 2346 hic

795 2362 932 2397 contra,
969 2361 1025 2396 ut,
1070 2362 1237 2399 quantum
1275 2357 1437 2399 diffluxit,

794 2405 929 2434 tantum
970 2402 1082 2434 denuo
1123 2402 1226 2435 doliis
1266 2403 1437 2444 infundat,

795 2447 869 2479 dies
905 2452 1089 2489 noctesque
1130 2447 1324 2488 laborabit,
1368 2450 1437 2481 nisi

796 2493 959 2525 extremis
989 2492 1166 2525 doloribus
1200 2492 1290 2525 affici
1321 2494 1437 2526 volue-

795 2538 849 2570 rit.
895 2537 954 2569 Illi
977 2541 1187 2580 temperans,
1211 2538 1292 2570 huic
1316 2539 1436 2572 intem-

795 2593 919 2625 perans
943 2587 995 2614 est
1019 2583 1233 2624 simillimus,
1263 2584 1355 2616 unde
1381 2595 1437 2626 ap-

795 2632 893 2670 paret
915 2627 1008 2659 hunc
1033 2638 1107 2660 esse
1130 2630 1359 2661 miserrimum
1380 2641 1437 2661 ne-

796 2684 861 2715 que
884 2672 1021 2705 felicem
1044 2673 1320 2716 praedicandum.

841 2719 881 2750 E.
914 2718 981 2750 καὶ
1006 2715 1125 2751 ἄλλοι
1158 2719 1309 2751 πολλοὶ
1343 2721 1438 2751 πολ-
