1716 2886
303 184 381 218 236
839 182 1095 222 PLATONIS

301 288 432 343 σκίνῳ
460 287 655 328 ἀπείκασε
696 286 774 342 τὴν
800 291 886 330 τῶν
923 289 1118 343 άνοήτων
1157 289 1213 338 ὡς
1238 289 1515 344 τετρημένην,
1553 291 1623 331 ἅτε

302 352 354 392 οὐ
405 350 646 406 δυναμένην
689 353 849 407 στέγειν
902 347 948 394 δι’
1008 354 1205 395 ἀπιστίαν
1257 368 1300 394 τε
1352 354 1422 396 καὶ
1474 355 1623 408 λήθην.

300 409 413 456 ταῦτ’
454 413 640 464 ἐπιεικῶς
689 414 766 470 μέν
805 415 917 458 ἐστιν
953 418 1036 459 ὑπό
1074 433 1107 459 τι
1159 420 1320 467 ἄτοπα,
1363 418 1495 472 'dni-ol
1541 418 1626 471 μὴν

302 478 325 520 ὃ
355 478 435 532 ἐγὼ
463 480 671 534 βούλομαί
699 490 765 523 σοι
793 479 1102 536 ἐνδειξάμενος,
1143 480 1217 523 ἐάν
1257 495 1346 530 πως
1372 477 1461 530 οἶός
1497 496 1540 523 τε
1577 476 1625 530 ὦ,

300 546 439 585 πεῖσαι
474 542 733 597 μεταθέσθαι
779 545 870 587 άντὶ
908 553 985 587 τοῦ
1023 546 1241 600 ἀπλήστως
1276 545 1346 586 καὶ
1386 546 1627 595 ἀκολάστως

301 606 470 662 ἔχοντος
504 609 602 662 βίου
639 610 715 651 τὸν
739 610 922 663 κοσμίως
960 610 1029 651 καὶ
1066 613 1155 658 τοῖς
1192 608 1256 651 αἐὶ
1292 616 1503 663 παροῦσιν
1539 609 1625 651 ἱκα-

302 675 386 721 νῶς
428 672 498 714 καὶ
537 671 821 726 ἐξαρκούντως
857 673 1003 727 ἔχοντα
1042 675 1137 727 βίον
1175 673 1354 715 ἑλέσθαι.
1408 673 1512 714 α’λλὰ
1551 674 1625 714 πό-

300 751 423 790 τερον
459 737 595 778 πείθω
641 738 681 778 τί
721 748 765 778 σε
803 737 873 779 καὶ
921 738 1187 791 μετατίθεσαι
1234 736 1628 790 εὐδαιμονεστέρους

300 797 408 842 εἶναι
443 800 543 850 τοὺς
581 802 783 855 κοσμίους
818 804 905 842 τῶν
942 802 1209 852 ἀκολάστων,
1250 802 1276 855 ἢ
1304 796 1396 843 οὐδ’
1434 801 1488 842 ἂν
1523 805 1628 843 ἀλλα

367 945 405 977 C.
451 941 661 976 ἀπείκασε
694 941 768 987 τὴν
802 944 841 986 τ.]
888 944 1066 977 Bekkerus
1095 955 1138 977 ex
1170 955 1238 978 uno
1269 946 1345 978 Par.
1376 945 1431 978 W.
1461 942 1627 987 ἅπῇκασε,

301 989 391 1031 quod
423 989 581 1021 convenit
614 999 692 1020 cum
722 989 910 1031 praeceptis
948 994 1100 1021 veterum
1134 990 1448 1032 grammaticorum3
1486 1000 1518 1022 V.
1548 990 1629 1021 Val-

302 1034 397 1066 cken.
435 1033 478 1066 ad
514 1033 690 1066 Phoeniss.
727 1043 758 1064 v
790 1033 864 1066 165.
912 1033 978 1066 Sed
1018 1034 1158 1066 meliore
1194 1034 1309 1067 docuit
1339 1035 1535 1068 Buttmann.
1568 1034 1626 1066 Gr.

300 1077 402 1120 ampL
426 1076 608 1119 1.p..328
653 1077 827 1110 Matthiae.
852 1077 895 1110 ad
918 1078 1032 1120 Eurip.
1058 1078 1185 1112 Phoen.
1210 1089 1242 1111 v.
1267 1077 1340 1112 162.
1375 1079 1487 1111 Etiam
1511 1079 1628 1121 Symp.

300 1133 333 1164 p.
356 1122 432 1158 216.
456 1087 497 1154 Cp
500 1103 597 1154 libri
620 1132 736 1154 omnes
758 1122 890 1155 εἴκασα.

368 1164 415 1199 δι’
440 1163 649 1199 α’πιστιαι
675 1178 714 1198 ιε
739 1166 804 1198 καὶ
830 1165 979 1209 λήθην]
1004 1165 1333 1199 Schleiermacherus
1355 1167 1441 1199 coni.
1457 1165 1496 1199 δι’
1522 1165 1628 1210 ἀπλη-

302 1214 410 1250 στίαν,
433 1211 666 1244 consentiente
689 1210 847 1243 Dobraeo
855 1178 1049 1243 UAdversar
1072 1211 1111 1242 Τ.
1137 1211 1164 1245 Ι,
1210 1210 1318 1245 ..153
1365 1210 1441 1245 Sed.
1465 1222 1497 1243 v.
1520 1222 1599 1244 anu.

368 1254 586 1297 βούλομαι
621 1266 686 1287 σοι
724 1253 1057 1298 ἐνδειξάμενος]
1104 1255 1160 1287 Sic
1188 1265 1248 1297 pro
1280 1255 1372 1298 vulg.
1405 1254 1630 1298 ἐνδείξασθαι

302 1299 396 1332 codd.
420 1301 489 1332 fere
521 1311 637 1333 omnes
666 1310 742 1332 cum
767 1299 948 1334 Clark-et
970 1299 1045 1331 Vnt.
1091 1300 1180 1331 Dein
1211 1304 1288 1342 post
1317 1299 1529 1339 μεταθέσθαι
1554 1301 1628 1335 Par.

301 1345 342 1376 V.
367 1344 461 1377 addit
483 1347 548 1381 καί,
573 1343 663 1387 quod
687 1344 814 1386 recepit
836 1343 981 1379 Bekker.
1039 1343 1106 1376 Sed
1136 1354 1176 1376 co
1199 1354 1267 1376 non
1291 1355 1376 1387 opus
1399 1355 1473 1377 esse
1497 1344 1631 1378 docebit

301 1389 458 1422 subtilior
479 1389 548 1421 loci
571 1389 814 1430 interpretatio.

302 1514 323 1548 ἁ
332 1528 350 1547 ι·
352 1517 574 1549 απείθεσθαι.
596 1515 794 1549 Germanice
807 1515 935 1548 dixeris

300 1560 354 1593 die
393 1560 651 1615 Uvffaealickkeit
680 1560 753 1602 (des
784 1560 933 1612 Fati-see).

302 1604 355 1637 Ad
393 1603 450 1637 ἅτε
482 1602 524 1637 οὐ
567 1603 764 1647 δυναμέιηηι
805 1605 936 1659 στέγειι

302 1660 345 1682 ne
369 1650 446 1736 quil?
468 1649 658 1682 addendum
693 1654 788 1691 putet
818 1646 933 1686 οὐδέν,

303 1694 391 1726 conf.
445 1692 558 1726 .485.
589 1694 638 1726 E:
671 1692 864 1734 ἐλεύθερον
897 1693 935 1725 δὲ

304 1737 358 1770 καὶ
397 1737 479 1780 μέγα
518 1738 573 1771 καὶ
611 1737 735 1770 ίκανὸι
767 1735 935 1782 μηδέποτε

304 1781 548 1825 φθέγξασθαι,
579 1782 639 1814 ubi
670 1783 750 1814 item
774 1793 817 1814 ex
839 1793 933 1824 prae-

303 1827 437 1860 cedenti
467 1826 634 1869 μηδέποτε
669 1827 843 1869 intelligas
873 1837 934 1868 μη·

304 1870 373 1903 δέν.
421 1871 569 1904 Verbum
608 1870 737 1915 στέγειν
777 1872 934 1923 frequens

303 1922 354 1948 est
383 1915 425 1948 de
448 1917 540 1948 vasis
570 1926 694 1958 aquam
726 1921 862 1958 propter
891 1916 934 1947 ri-

303 1971 375 1993 mas
398 1960 453 1992 vel
476 1960 644 1993 foramina
667 1971 735 1992 non
759 1961 935 1993 eontinen—

301 2004 412 2043 tibus,
435 2009 474 2037 ιιι
496 2006 548 2037 De
572 2005 713 2047 Republ.
736 2005 778 2037 X.
803 2015 834 2046 p
858 2002 934 2037 621.

305 2051 345 2082 A.
377 2049 434 2081 IX.
467 2061 498 2092 p.
529 2049 605 2082 586.
636 2050 673 2082 Β.
736 2050 788 2081 De
821 2049 934 2081 animo

303 2094 404 2136 plane
438 2100 476 2126 ut
498 2094 531 2126 h.
555 2094 578 2126 1.
603 2093 727 2126 dicitur
749 2093 854 2136 Legg.
875 2093 933 2127 1v.

303 2149 334 2181 p.
359 2137 435 2171 714.
458 2141 498 2171 A.

348 2183 388 2215 C.
448 2180 555 2216 ταῦτ’
600 2181 802 2216 ἐπιεικῶς
853 2182 934 2221 μέν

305 2226 426 2259 ἐστιν
465 2225 541 2260 ὑπό
578 2239 609 2260 τι
647 2224 804 2278 ἄτοπα]
852 2226 934 2259 Ger-

303 2273 437 2305 manice
473 2272 586 2306 dicas:
635 2271 750 2304 Dicaea
785 2271 827 2303 iet
862 2282 934 2303 mm

294 2316 434 2359 fredich
476 2316 757 2371 einiyermaassen
799 2315 933 2348 ameder-

303 2360 375 2392 bar.
421 2361 509 2393 Nam
541 2358 608 2393 υπό
641 2372 667 2392 τι
697 2365 749 2392 est
771 2360 934 2402 aliqua-

303 2412 449 2445 tenus,
483 2404 809 2448 propemodum,
839 2414 892 2446 qu

303 2448 538 2487 dammodo,
569 2456 607 2482 ut
630 2448 771 2482 Phaedr.
802 2459 835 2492 p.
857 2447 933 2481 242.

303 2495 345 2526 1).
370 2493 557 2536 Xenoph.
583 2495 706 2536 Cyrop.
730 2493 795 2533 IV,
820 2492 857 2533 1,
882 2491 935 2526 13.

304 2537 356 2571 ed.
380 2537 538 2571 Schneid.
562 2537 786 2581 Aristoph
810 2538 934 2580 Vespp.

304 2593 338 2615 v.
371 2580 467 2616 1290.
497 2588 532 2614 et
559 2582 706 2624 saepius.
729 2599 772 2606 —
804 2581 933 2615 ἐπιει-

306 2630 387 2662 κῶς
410 2631 523 2660 autem
546 2638 589 2659 ne
612 2627 834 2669 explicuerim
857 2637 934 2659 cum

305 2670 591 2705 Heindorfio:
631 2672 761 2712 satis,
801 2671 935 2705 admo·

1002 1516 1115 1555 dum,
1138 1515 1305 1552 ziemlich:
1328 1515 1431 1548 habet
1453 1516 1539 1549 illud
1563 1518 1629 1549 vim

1003 1560 1193 1593 affirmandi
1215 1567 1317 1602 atquc
1340 1560 1564 1600 concedendi,
1595 1568 1633 1594 ut

1002 1605 1077 1639 Lat.
1108 1605 1277 1647 utique,
1315 1615 1419 1637 sane
1450 1605 1631 1647 quidem,

1002 1655 1035 1682 et
1068 1650 1179 1684 Germ.
1203 1648 1354 1691 freilick.
1407 1650 1541 1681 Etenim
1571 1651 1632 1682 ina

1001 1694 1248 1737 significatione
1271 1692 1330 1725 ubi
1352 1694 1540 1735 acceperis,
1572 1695 1632 1726 mi-

1002 1749 1074 1770 rum
1106 1738 1261 1770 videatur
1290 1748 1428 1770 neccsse
1460 1744 1511 1770 ent
1542 1739 1631 1770 istud

1005 1781 1072 1815 ιἰπό
1096 1795 1121 1815 τι
1144 1787 1221 1824 post
1244 1781 1371 1816 inarmis
1388 1782 1529 1816 illatum.
1554 1783 1634 1815 Fuit

1002 1834 1114 1859 autem
1154 1837 1261 1869 nuper
1298 1827 1357 1868 qui
1389 1825 1542 1860 ἐπιεικῶς
1578 1827 1631 1860 de-

1001 1872 1106 1904 letum
1148 1871 1222 1910 iret,
1256 1870 1389 1903 scilicet
1417 1870 1543 1913 ubique
1572 1871 1632 1904 ille

1002 1916 1161 1949 odoratus
1204 1916 1238 1947 in
1285 1913 1412 1947 talibus
1456 1916 1633 1948 temeraria

1000 1961 1217 2003 glossemata.
1291 1959 1318 1992 B
1328 1959 1376 1991 ad
1386 1959 1406 1991 h
1417 1970 1475 1991 sm
1486 1970 1509 1991 ιι
1517 1970 1534 1991 s
1595 1961 1629 1992 in

1002 2004 1251 2038 Schneidewin.
1275 2003 1443 2055 Philolog.
1457 2004 1498 2036 X.
1511 2014 1542 2046 p.
1558 2002 1632 2038 730.

1001 2049 1085 2101 legit
1124 2045 1332 2087 ἀπεικασμέι
1380 2058 1440 2090 pro
1481 2047 1633 2082 ἐπιεικῶς

1002 2105 1075 2134 μεν.
1131 2094 1196 2125 Pro
1222 2089 1291 2125 ὑπό
1315 2103 1341 2123 τι
1364 2093 1468 2124 ctiam
1498 2092 1633 2134 plenius

1002 2138 1127 2171 dieitur
1151 2134 1220 2170 υπό
1250 2148 1276 2168 τι
1302 2134 1464 2177 σμικρόν,
1497 2136 1539 2169 de
1567 2148 1633 2180 quo

1001 2193 1033 2214 v.
1058 2180 1300 2215 Casaubon.
1330 2180 1374 2213 ad
1404 2180 1560 2213 strabon.
1591 2182 1635 2214 11.

1001 2237 1032 2269 p.
1056 2225 1133 2259 209.
1155 2226 1383 2258 Οοδηειιε
1405 2225 1635 2269 ειάΔι-ἰιιορὶι.

1001 2272 1126 2325 Vespp.
1150 2280 1182 2312 p.
1205 2269 1282 2303 586.
1304 2269 1355 2303 cd.
1380 2270 1471 2312 Lips.

1055 2313 1074 2347 ὃ
1105 2313 1150 2357 ἐγ
1157 2313 1184 2346 ὠ
1222 2311 1440 2356 βούλομαί
1475 2323 1540 2347 σοι
1571 2314 1634 2347 ἐν·

1002 2326 1266 2401 ὅειξάμσιοε
1275 2357 1287 2402 ]
1333 2358 1400 2391 Vul
1403 2363 1482 2400 gnte
1513 2358 1633 2392 lectio.

1009 2402 1225 2457 -βούλομαι
1238 2414 1291 2435 σοι
1309 2401 1543 2444 ἐνδείξασθαι,
1569 2402 1633 2435 ἐάν

1005 2461 1075 2483 πως
1099 2445 1175 2481 οιός
1196 2459 1229 2479 τε
1248 2459 1275 2480 ω
1294 2451 1406 2480 κεῖσαι
1418 2448 1554 2486 meast,
1573 2448 1636 2480 hoe

1002 2493 1106 2527 habet
1141 2491 1367 2531 incommodi,
1374 2491 1495 2545 quod
1531 2491 1636 2524 verba

1001 2537 1064 2571 ἐάι
1090 2548 1162 2570 πως
1193 2532 1268 2570 οἶός
1298 2546 1331 2568 τε
1359 2529 1387 2568 ὦ
1421 2539 1536 2568 πεισαι
1567 2547 1635 2568 non

1003 2588 1080 2626 apte
1104 2581 1288 2613 cohaerent
1309 2589 1384 2612 cnm
1407 2579 1477 2612 his·
1509 2579 1579 2621 βσι’
1572 2581 1636 2612 20·

1002 2629 1065 2667 μαί
1087 2637 1141 2659 σοι
1164 2623 1398 2666 ἐνδείξασθαι.
1454 2624 1636 2657 Verissime

1005 2671 1085 2704 libri
1115 2680 1195 2702 mss.
1226 2677 1348 2711 magno
1379 2678 1547 2701 consensu
1578 2667 1635 2701 Ir-
