1716 2886
467 196 712 236 GORGIAS.

777 225 786 234 .
818 199 912 234 493.
943 196 1001 234 ed.
1034 195 1090 234 St.

1360 197 1439 233 235

86 305 138 359 δὴ
166 302 302 359 λέγων
334 328 380 334 ——
411 299 531 347 οὗτοι
557 304 814 346 ἀθλιώτατοι
852 303 907 345 ἂν
935 300 1021 346 εἶεν
1050 304 1093 346 οἱ
1119 304 1328 358 ἀμύητοι,
1370 303 1442 345 καὶ

88 374 266 423 φοροῖεν
295 371 354 419 εἰς
382 370 458 412 τὸν
485 367 740 424 τετρημένον
779 368 913 410 πίθον
949 369 1066 422 ὕδωρ
1106 367 1232 425 ἑτέρῳ
1259 369 1441 425 τοιούτῳ

89 436 325 493 τετρημένῳ
351 435 538 492 κοσκίνῳ
552 447 559 456 ·

88 501 112 543 ό
139 502 247 555 πρὸς
275 500 344 555 ἐμὲ
371 500 526 554 λέγων,
567 497 646 554 τὴν
674 497 819 554 ψυχὴν
847 495 977 541 εἶναι·

86 623 176 656 male
210 624 374 658 omissum
417 623 534 656 Clark.
574 623 651 658 Vat.
685 623 771 656 Ven.
806 622 886 655 ΞΣ.
919 621 1022 655 Vind.
1053 622 1083 655 1.
1113 621 1145 656 2.

602 435 650 477 τὸ
679 434 723 476 δὲ
752 435 956 476 κόσκινον
983 437 1067 488 ἄρα
1096 433 1230 488 λέγει,
1272 433 1330 483 ὡς
1358 432 1440 488 ἔφη

1018 500 1097 553 τὴν
1125 499 1170 541 δὲ
1198 499 1343 554 ψυχὴν
1370 515 1438 542 κο-
1472 509 1508 553 C

1201 622 1439 657 ..BCIVW

87 669 179 704 Flor.
203 679 234 702 a.
259 669 290 702 b.
316 679 343 702 c.
366 680 410 702 m.
436 681 467 702 ο.
489 680 523 702 x.
547 666 929 702 Bod1.Meerm.St0b.

84 792 173 824 illud
212 790 465 835 ἐπιθυμητικὸν
512 795 570 835 τῆς
616 794 726 834 ψυχῆς

84 835 276 871 ἀκόλαστον
306 848 380 871 esse
413 837 548 878 statuit3
582 837 637 869 sin
668 846 727 869 au-

88 890 155 915 tem
178 883 267 915 illud
296 883 341 916 ad
371 882 483 916 solum
512 886 622 924 ψυχῆς
653 892 726 924 per-

87 930 194 961 tinere
218 931 331 971 putas,
354 938 480 971 magna
503 932 593 961 certe
618 928 726 960 oritur

84 974 248 1007 orationis
287 974 480 1006 obscuritas
518 978 552 1006 et
581 972 727 1006 molesta

85 1020 266 1051 verborum
289 1018 528 1052 redundantia.
553 1019 727 1060 Quocirca

88 1064 192 1097 facile
232 1065 310 1107 quis
352 1064 562 1097 assentiatur
598 1064 727 1099 Hein-

85 1109 252 1151 dorfio,
305 1110 364 1151 qui
410 1110 574 1151 scriptum
619 1109 726 1142 fuisse

85 1155 228 1188 coniicit
259 1154 327 1187 διὰ
367 1153 402 1187 τὸ
433 1152 627 1187 ἀκόλαστον
663 1151 725 1187 αὖ·

86 1204 403 1242 101'1‚quamquam
426 1200 627 1242 scrupulum
649 1199 726 1232 inii-

84 1246 133 1279 cit
154 1226 318 1278 librorum
343 1246 495 1278 omnium
519 1244 560 1277 de
583 1244 728 1299 vulgata

84 1291 232 1324 lectione
270 1291 463 1323 consensio.
529 1291 649 1332 Itaque
691 1287 726 1322 τὸ

83 1334 330 1369 ἀκόλαστον-
345 1333 514 1379 στεγανόν
536 1346 646 1378 paene
669 1335 726 1368 ad-

82 1382 241 1414 ducimur
286 1385 326 1413 ut
364 1381 584 1424 praecedenti
623 1384 723 1413 τοῦτο

84 1430 140 1470 τῆς
166 1430 274 1469 ψυχῆς
298 1437 358 1469 per
380 1427 631 1469 appositionem
645 1426 723 1459 sub-

84 1473 182 1515 iungi
195 1476 354 1514 putemus
371 1472 438 1504 hoc
453 1482 572 1504 sensu:
599 1472 721 1504 illam

83 1522 244 1560 partem
276 1518 426 1558 animi,
464 1518 507 1549 in
545 1528 628 1560 qua
664 1517 722 1549 in-

82 1567 183 1595 sunt
220 1562 517 1605 cupiditates,
560 1562 722 1595 videlicet

85 1605 119 1639 τὸ
144 1605 335 1640 ἀκόλαστον
357 1605 464 1640 αὐτοῦ
497 1607 552 1640 καὶ
579 1605 622 1640 οὐ
648 1618 720 1640 στε-

84 1650 203 1696 γανόν.
252 1654 351 1685 Hanc
374 1654 552 1693 rationem,
576 1654 607 1685 si
629 1657 721 1686 recte

82 1698 250 1738 intellexi,
273 1709 383 1741 nuper
400 1699 503 1731 etiam
519 1699 720 1741 Voegeli—

81 1754 164 1775 uus
188 1743 448 1776 commendavit.
495 1744 648 1776 Astius
673 1748 721 1777 to-

81 1793 154 1820 tum
185 1789 252 1821 hoc
284 1786 320 1822 τὸ
353 1787 404 1821 ἀκ.
445 1787 553 1821 αὐτοῦ
589 1789 644 1822 καὶ
677 1787 720 1821 οὐ

85 1844 173 1877 στεγ.
204 1834 282 1865 eiici
310 1834 394 1868 vult.
420 1852 461 1858 -—
494 1835 560 1866 Pro
591 1832 637 1868 οἷς
669 1846 719 1866 τε-

84 1877 250 1920 τρημένος
274 1878 330 1921 εἴη
362 1880 469 1913 πίθος
500 1881 720 1922 exspectabas

83 1924 318 1956 accusativum
365 1924 573 1966 τετρημένον
611 1926 721 1957 πίθον

84 1971 144 2011 (sc.
180 1966 366 2011 ὠνόμασε).
413 1970 479 2001 Sed
509 1973 641 2002 mutata
670 1974 722 2002 est

81 2015 287 2046 constructio
312 2020 414 2056 atque
433 2015 646 2048 conformata
660 2027 719 2047 κα-

81 2057 118 2091 τὰ
138 2057 173 2091 τὸ
195 2058 400 2098 νοούμενον.
432 2060 615 2094 Adduntur
628 2061 720 2093 enim

80 2104 182 2136 haec:
217 2101 263 2138 ὥς
288 2116 372 2145 πετο.
398 2105 454 2147 εἴη
478 2106 596 2142 πίθος,
621 2107 720 2148 quasi

80 2150 323 2191 praecessisset
346 2151 452 2192 ἔλεγε,
477 2151 568 2192 quod
592 2162 634 2184 ex
658 2151 719 2183 1111)

81 2192 241 2233 ωιόμασε
264 2195 364 2227 facile
387 2196 572 2239 intelligas.
631 2197 720 2229 Con-

79 2240 279 2272 structionis
301 2241 470 2273 rationem
493 2242 629 2285 egregie
645 2252 719 2284 per-

81 2285 194 2327 spexit
217 2284 523 2341 E‘Ieindorfius.

126 2330 165 2361 B.
213 2341 269 2363 ως
300 2333 383 2362 τῶν
415 2330 462 2363 ἐν
485 2329 636 2364 ’Ἃιδου
661 2330 718 2374 —]

80 2372 114 2405 τὸ
139 2371 254 2408 ἀειδὲε
279 2385 372 2407 1111110
394 2375 437 2408 ad
463 2375 498 2408 τὸ
521 2374 653 2417 ὁρατὸν
668 2387 719 2409 18-

79 2419 186 2451 fertur
231 2430 342 2462 neque
391 2423 719 2454 tenebricosum

79 2464 183 2506 quid
213 2465 403 2508 significat,
434 2466 494 2498 sed
524 2467 578 2507 id,
608 2467 718 2509 quod

80 2520 164 2541 non
202 2516 270 2542 est
308 2510 414 2552 adsp
424 2511 632 2544 ectabile.
674 2513 717 2545 cf.

79 2554 254 2587 Phaedon.
294 2566 327 2596 p.
357 2522 414 2588 50p.
444 2557 487 2588 D.
519 2561 553 2589 et
583 2555 638 2590 81.
668 2557 718 2598 C.‚

79 2598 141 2631 ubi
163 2601 245 2632 item
280 2599 314 2632 τὸ
341 2598 455 2634 ἀειδὲς
485 2606 518 2634 et
543 2601 628 2645 ᾅδου
661 2613 717 2645 op-

78 2646 218 2686 ponitur
257 2649 302 2688 τῷ
345 2643 478 2689 ὁρατῷ,
517 2637 552 2678 et
588 2647 717 2690 Cratyl.

104 2688 220 2723 ..403
249 2690 291 2723 A.
346 2691 453 2723 Addit
483 2697 598 2724 autem
633 2692 719 2726 haec

79 2734 256 2775 Socrates,
285 2740 324 2769 ut
347 2736 470 2769 doceat
501 2737 655 2770 fabulam
677 2738 718 2770 il-

792 790 864 823 lam
895 789 937 822 de
968 789 1093 823 misero
1125 789 1314 822 inferorum
1347 792 1440 822 statu

794 834 1058 878 intelligendam
1096 845 1171 868 esse
1208 834 1250 867 de
1283 835 1357 867 vita
1386 835 1439 867 in-

793 881 1057 924 temperantium
1089 884 1122 913 et
1152 879 1437 920 lubidinosorum,

795 927 854 969 qui
878 937 984 969 quum
1007 926 1255 969 cupiditatibus
1272 930 1437 968 perpetuo

794 971 1010 1015 indulgeant,
1034 975 1151 1004 tamen
1174 982 1234 1004 eas
1258 981 1437 1013 nunquam

795 1018 934 1060 explere
957 1021 991 1050 et
1014 1018 1139 1050 satiare
1162 1017 1306 1059 possint.
1342 1016 1369 1049 C
1379 1027 1396 1049 r
1405 1027 1438 1049 e-

795 1064 882 1096 scit
921 1063 1014 1096 enim
1059 1062 1297 1105 indulgens
1345 1062 1439 1095 sibi

795 1108 919 1141 dirus
948 1107 1157 1162 hydrops,
1199 1118 1279 1141 nec
1316 1107 1438 1140 sitim

795 1153 944 1196 pellit,
982 1153 1074 1186 nisi
1109 1163 1266 1186 caussa
1295 1152 1437 1186 morbi

795 1200 965 1242 fugerit
994 1199 1134 1235 venis,
1165 1217 1210 1222 --
1239 1197 1283 1230 οἱ
1305 1195 1435 1241 ἀμύη-

797 1257 879 1284 τοι,
919 1245 968 1285 11,
1006 1245 1082 1286 qui
1113 1255 1197 1277 non
1227 1247 1329 1276 sunt
1357 1244 1436 1276 ini-

797 1290 829 1323 ti
838 1300 858 1321 a
866 1290 898 1322 ti
911 1314 920 1331 ,
963 1290 1164 1333 mythologo
1200 1299 1319 1322 rursus
1356 1293 1438 1322 sunt

795 1336 1144 1378 intemperantes
1198 1338 1238 1367 et
1289 1335 1437 1367 incon·

794 1381 827 1413 ti
836 1392 858 1412 11
869 1390 886 1412 8
895 1392 918 1413 11
927 1384 966 1413 18
974 1391 1009 1413 s:
1040 1380 1129 1413 ludit
1158 1380 1250 1414 enim
1272 1381 1310 1412 in
1335 1381 1437 1424 origi-

792 1427 932 1458 natione
965 1425 1137 1459 vocabuli.
1186 1426 1239 1458 De
1271 1426 1437 1460 felicitate

791 1482 908 1504 eorum
922 1496 930 1512 ,
954 1472 1014 1513 qui
1036 1471 1210 1514 mysteriis
1234 1472 1361 1505 initiati
1385 1481 1436 1504 es-

791 1521 885 1557 sent,
929 1518 1122 1559 miseraque
1165 1520 1233 1549 τῶν
1271 1514 1411 1561 ἀμυήτω
1419 1529 1437 1548 ν

790 1562 987 1615 conditione
1010 1573 1043 1595 v.
1069 1562 1113 1595 ad
1129 1561 1303 1595 Phaedon.
1328 1574 1360 1606 p.
1380 1561 1435 1595 69.

792 1608 830 1640 C.
846 1627 891 1632 —
915 1606 1036 1650 έτέρ
1026 1619 1052 1639 ω
1080 1619 1260 1651 τοιουτῳ
1285 1619 1433 1650 τετρη-

791 1653 904 1696 μένῳ
953 1653 1236 1691 κοσκ.11.8.
1285 1653 1434 1686 cribro

792 1699 893 1731 item
930 1699 1171 1741 perforato.
1225 1699 1315 1732 Nam
1353 1709 1434 1732 cum

790 1744 826 1776 vi
849 1744 1015 1786 repetitur
1038 1742 1242 1787 τετοημένῳ.
1284 1745 1339 1777 1)8
1364 1743 1432 1777 ἑτέ-

793 1801 843 1830 ρῳ
867 1787 1011 1832 τοιούτῳ
1035 1800 1067 1821 v.
1092 1789 1229 1822 Indic.
1255 1790 1296 1822 T.
1310 1791 1337 1822 I.
1356 1800 1384 1822 s.
1400 1799 1433 1821 v.

791 1835 920 1876 ἕτερος.
945 1853 989 1859 -—
1012 1835 1154 1876 Respici
1175 1845 1196 1867 a
1219 1834 1364 1867 Platone
1388 1834 1433 1867 ad

789 1879 1040 1912 nobilissimam
1064 1880 1163 1912 illam
1187 1880 1341 1912 fabulam
1363 1881 1434 1912 Da-

790 1925 932 1957 naidum
956 1925 1128 1957 neminem
1154 1925 1252 1968 fugit.
1276 1925 1433 1958 Eandem

790 1981 871 2003 vero
895 1980 1040 2013 poenam
1065 1981 1086 2003 a
1109 1971 1220 2013 poetis
1246 1971 1283 2003 in
1307 1971 1433 2013 impios

790 2020 824 2048 et
847 2015 994 2048 iniustos
1019 2016 1184 2048 constitui
1199 2016 1304 2048 refert
1322 2016 1432 2058 philo-

790 2061 918 2103 sophus
943 2062 996 2093 De
1019 2060 1165 2103 Republ.
1185 2061 1229 2093 11
1253 2071 1285 2104 p.
1297 2060 1376 2095 363.
1389 2062 1433 2094 D.

835 2105 878 2138 τὸ
914 2105 959 2139 δὲ
995 2105 1212 2139 κόσκινον
1250 2106 1336 2162 ἄρα
1372 2107 1430 2139 λε’-

789 2163 853 2194 γει
883 2170 928 2176 —
964 2149 1040 2195 τὴν
1095 2150 1239 2194 ψυχὴν
1293 2147 1363 2184 εἶν
1371 2152 1431 2196 αι]

789 2197 947 2230 Cribrum
977 2197 1142 2229 iudicavit
1165 2207 1240 2230 esse
1269 2199 1432 2231 animam.

789 2243 1095 2285 Intemperantium
1127 2247 1243 2274 autem
1278 2247 1313 2275 et
1349 2244 1431 2276 insi-

787 2287 956 2330 pientium
1000 2289 1150 2320 animam
1190 2287 1279 2320 dixit
1318 2288 1430 2321 cribro

788 2333 935 2366 similem
970 2344 1044 2366 esse
1078 2333 1204 2375 quippe
1236 2334 1335 2375 quasi
1356 2345 1432 2377 per-

788 2379 944 2419 foratam,
967 2379 1016 2410 ita
1034 2383 1074 2411 ut
1092 2377 1182 2410 nihil
1202 2378 1377 2411 continere
1393 2380 1431 2411 in

788 2434 824 2456 se
862 2424 971 2466 possit
1009 2421 1050 2456 δι’
1090 2420 1252 2455 ἀπιστίαν
1301 2435 1336 2456 τε
1373 2425 1429 2457 καὶ

788 2466 916 2511 λήθην,
952 2479 1039 2510 quae
1071 2467 1178 2502 verba
1207 2472 1296 2501 recte
1327 2470 1429 2503 inter-

786 2513 1316 2557 pretaturOlympiodorus:
1338 2512 1429 2547 α’πι-

790 2561 915 2591 στίαν
938 2559 1004 2598 μὲν
1028 2562 1074 2602 τῷ
1097 2558 1184 2601 μηδὲ
1209 2558 1296 2593 ὅλως
1319 2572 1430 2601 παρα-

750 2638 756 2650 .
789 2603 971 2645 δέχεσθαι,
1002 2603 1144 2647 λήθην
1177 2603 1216 2636 δὲ
1248 2607 1294 2647 τῷ
1319 2617 1429 2645 παρα-

750 2678 754 2680 ,
788 2648 949 2691 δέχεσθαι
995 2648 1078 2688 μέν,

1127 2648 1429 2682 ἐπιλανθάνεσθαι

789 2693 835 2726 δέ.
882 2693 1010 2736 Lepide
1034 2694 1124 2728 dixit
1146 2692 1327 2733 ἀπιστίαν,
1360 2706 1428 2737 quo

785 2738 910 2772 alludit
949 2739 993 2772 ad
1032 2741 1161 2779 πίθον,
1202 2738 1360 2773 πιθανόν
1396 2745 1430 2774 81
