1702 2924
418 205 662 245 GORGIAS.
692 205 737 243 P.
768 203 862 244 473.
893 202 987 242 474.
1016 203 1075 241 ed.
1106 202 1162 241 St.
1393 200 1466 238 171

123 321 214 367 λοῖς
241 314 341 359 οὐδὲ
367 314 624 369 διαλέγομαι.
653 312 734 367 ὅρα
762 308 862 362 οὖν,
893 312 928 353 εἰ
955 310 1167 366 ἐθελήσεις
1195 309 1242 352 ἐν
1269 315 1327 364 τῷ
1356 308 1470 364 μέρει
1500 309 1537 350 Β

126 383 290 425 διδόναι
319 380 489 436 ἔλεγχον
525 378 860 433 ἀποκρινόμενος
893 376 944 418 τὰ
982 375 1240 431 ἐρωτώμενα.
1279 375 1361 430 ἐγὼ
1389 373 1472 429 γὰρ

126 448 178 503 δὴ
209 445 326 503 οἶμαι
355 447 425 489 καὶ
453 443 523 500 ἐμὲ
550 443 622 487 καὶ
649 443 694 485 σὲ
721 443 792 486 καὶ
817 442 919 491 τοὺς
946 444 1104 491 ἄλλους
1132 441 1396 494 ἀνθρώπους
1423 441 1471 482 τὸ

126 514 288 556 ἀδικεῖν
315 519 394 554 τοῦ
421 511 662 553 ἀδικεῖσθαι
688 509 840 551 κάκιον
875 508 1073 562 ἡγεῖσθαι
1103 507 1171 549 καὶ
1200 507 1249 548 τὸ
1277 505 1335 560 μὴ
1362 506 1471 548 διδό-

123 596 196 622 ναι
216 579 338 634 δίκην
365 581 444 619 τοῦ
471 576 647 619 διδόναι.
706 575 854 617 Ima,
882 574 992 629 Ἐγὼ
1020 572 1065 616 δέ
1095 589 1142 628 γε
1170 575 1259 616 οὔτ’
1290 571 1360 627 ἐμὲ
1388 567 1472 614 οὔτ’

124 648 255 687 ἄλλον
283 642 530 697 ἀνθρώπων
558 639 723 683 οὐδένα.
753 638 840 681 ἐπεὶ
868 640 923 682 σὺ
950 634 1071 691 δέξαι’
1101 638 1156 681 ἂν
1195 641 1359 693 μᾶλλον
1388 637 1473 679 ἀδι-

126 714 295 753 κεῖσθαι
321 709 348 763 ἢ
378 709 539 751 ἀδικεῖν
549 725 561 758 ;
590 707 693 748 Σῼ.
725 704 810 747 Καὶ
841 706 895 747 σύ
923 700 956 760 γ’
987 705 1041 746 ἂν
1068 704 1140 747 καὶ
1161 705 1203 748 οἱ
1228 706 1350 746 ἄλλοι
1371 703 1474 745 πάν-

124 790 202 826 τες.
261 776 406 816 Ima,
438 775 611 816 Πολλοῦ
641 786 687 826 γε
723 771 800 823 δεῖ,
830 768 914 812 ἀλλ’
946 772 1034 814 οὔτ’
1066 770 1147 825 ἐγὼ
1179 773 1276 814 οὔτε
1304 768 1358 811 σὺ
1387 769 1475 811 οὔτ’

125 843 251 890 ἄλλος
288 840 439 890 οὐδείς.
495 840 598 880 ΣΩ.
639 837 814 879 Οὐκοῦν
852 837 1096 892 ἀποκρινεῖ;
1155 838 1302 879 ΠΩΛ.
1345 835 1476 877 Πάνυ
1523 831 1559 876 C

126 906 204 961 μὲν
232 901 337 948 οὖν·
365 904 438 947 καὶ
463 903 546 958 γὰρ
574 901 773 958 ἐπιθυμῶ
800 902 968 956 εἰδέναι,
998 903 1022 945 ὅ
1041 918 1081 944 τι
1107 895 1195 945 ποτ’
1226 901 1341 955 ἐρεῖς.
1371 902 1474 942 ΣΩ.

127 969 236 1025 Λέγε
266 971 319 1026 δή
347 986 445 1026 μοι,
483 970 537 1011 ἵν’
565 969 702 1024 εἰδῇς,
743 967 880 1022 ὥςπερ
909 967 964 1010 ἂν
992 969 1028 1010 εἰ
1068 967 1109 1019 ἐξ
1138 968 1269 1023 ἀρχῆς
1296 976 1341 1008 σε
1368 967 1475 1021 ἠρώ-

126 1050 231 1079 των·
261 1037 444 1089 πότερον
470 1036 589 1078 δοκεῖ
614 1044 705 1084 σοι,
747 1028 781 1075 ὦ
811 1036 960 1084 Πῶλε,
997 1034 1149 1076 κάκιον
1176 1030 1286 1076 εἶναι
1313 1033 1361 1075 τὸ
1390 1033 1476 1074 ἀδι-

127 1106 217 1146 κεῖν
244 1102 270 1156 ἢ
291 1101 339 1144 τὸ
362 1101 624 1150 ἀδικεῖσθαις
655 1101 802 1141 ΠΩΛ.
841 1100 900 1141 Τὸ
928 1100 1168 1142 ἀδικεῖσθαι
1191 1098 1343 1154 ἔμοιγε.
1373 1100 1475 1140 ΣΩ.

135 1169 186 1210 Τί
212 1166 258 1210 δὲ
286 1166 338 1222 δὴ
368 1167 556 1221 αἴσχιον;
593 1166 776 1218 πότερον
803 1164 851 1206 τὸ
881 1165 1044 1207 ἀδικεῖν
1081 1165 1108 1220 ἢ
1137 1167 1185 1208 τὸ
1214 1166 1475 1214 ἀδικεῖσθαι;

122 1231 391 1287 Ἀποκρίνου.
423 1234 571 1274 mast.
610 1232 668 1272 Τὸ
696 1230 870 1272 ἀδικεῖν.

128 1345 244 1389 posuit
271 1344 424 1377 Fischer.
456 1343 499 1376 ad
528 1342 629 1386 Apol.
660 1342 793 1375 Socrat.
822 1352 851 1375 c.
875 1341 930 1375 21.
986 1342 1053 1376 Sed
1083 1353 1150 1376 nec
1182 1343 1300 1376 omissi
1331 1345 1392 1375 καί
1420 1353 1476 1374 ex-

127 1391 240 1434 empla.
269 1390 387 1424 deesse
419 1389 543 1425 docuit
566 1387 789 1420 Heindorfius
820 1387 935 1421 allatis
965 1388 1053 1421 locis
1083 1388 1232 1432 Apolog.
1254 1386 1310 1422 37.
1333 1388 1378 1420 D.
1408 1388 1477 1420 Eu-

129 1436 266 1479 thyphr.
298 1446 331 1479 p.
364 1434 396 1468 4.
427 1435 470 1468 A.
500 1435 554 1467 De
583 1435 666 1476 Rep.
798 1432 914 1466 ..382
944 1435 985 1466 Ε.
1014 1434 1122 1477 Legg.
1154 1434 1231 1467 V11.
1328 1432 1404 1467 790.
1435 1434 1476 1465 A.

131 1483 234 1525 Gorg.
257 1492 290 1524 Ρ.
314 1479 392 1514 510.
414 1481 454 1513 Ε.
484 1478 561 1513 517.
584 1479 626 1511 A.
656 1433 795 1511 PhaHedp
816 1489 848 1521 p.
872 1477 928 1513 80.
950 1480 989 1512 Ε.
1022 1478 1075 1513 93.
1101 1480 1142 1512 A.
1167 1480 1212 1513 al.
1258 1480 1335 1520 Quo
1358 1479 1478 1512 luben-

132 1527 200 1560 tius
224 1526 361 1570 optimis
384 1525 561 1559 codicibus
584 1524 904 1567 obtemperavimus.

193 1572 231 1604 C.
259 1571 311 1604 Τι’
331 1570 377 1604 δὲ
402 1569 451 1614 δὴ
475 1571 522 1603 αι
529 1581 669 1611 σχιον
666 1569 688 1611 ·]
722 1569 778 1602 Sic
811 1570 910 1603 codd.
933 1569 1089 1613 plerique
1113 1581 1231 1604 omnes
1255 1580 1335 1603 cum
1359 1570 1477 1604 Clark.

128 1621 162 1650 et
184 1618 270 1651 Ven.
293 1617 398 1649 Editt.
429 1617 471 1650 Τι’
492 1614 548 1648 δαὶ
575 1613 618 1658 δὴ
641 1616 797 1657 αἴσχιον;

130 1712 294 1756 suffragia
334 1712 467 1745 mittere
508 1711 682 1752 noluerat,
728 1721 769 1743 ea

127 1768 198 1790 non
221 1759 332 1790 fuerat
360 1758 550 1801 imperitia,
582 1756 643 1790 sed
677 1767 770 1789 sum-

127 1814 221 1836 mum
238 1803 391 1836 iustitiae
410 1803 573 1843 studium,
598 1813 664 1844 quo
677 1812 767 1834 unus

837 1722 959 1743 seam.
1009 1711 1151 1744 Frustra
1196 1712 1303 1755 igitur
1348 1711 1478 1745 Heus—

837 1756 935 1789 dius
960 1758 1110 1790 correxit
1131 1757 1247 1790 locum
1270 1768 1302 1800 p.
1328 1755 1382 1791 90.

867 1806 956 1836 τοῖς
982 1801 1028 1835 δὲ
1053 1804 1232 1838 πολλοῖς
1257 1800 1367 1835 οὐδὲ
1391 1803 1477 1835 δια-

129 1849 218 1881 inter
250 1849 344 1881 cives
385 1859 464 1881 suos
503 1848 622 1891 populi
661 1847 768 1879 furori

128 1894 309 1934 restiterat,
334 1904 401 1936 quo
426 1893 560 1936 abrepti
581 1893 769 1925 Athenien-

132 1950 186 1971 ses
209 1943 342 1981 praeter
371 1940 426 1971 ius
456 1939 576 1980 fasque
607 1938 648 1970 de
671 1939 769 1970 inno-

128 1983 287 2017 centibus
312 1983 458 2016 ducibus
482 1984 690 2027 supplicium
714 1994 769 2015 su-

129 2040 219 2062 mere
233 2028 407 2062 volebant.
431 2029 581 2062 Narrant
600 2039 671 2061 rem
695 2029 770 2060 Xe-

130 2075 257 2117 noph.
286 2075 375 2107 Hist.
402 2075 460 2107 Gr.
486 2074 521 2114 1,
547 2073 584 2113 7,
618 2073 671 2106 15.
695 2074 769 2106 Ae-

131 2120 237 2152 lian.
261 2120 341 2152 Var.
362 2120 452 2152 Hist.
469 2120 530 2160 ΙΙΙ,
548 2118 599 2152 17.
625 2119 768 2152 Valer.

133 2166 240 2197 Max.
265 2165 329 2206 m,
352 2164 384 2206 8,
407 2163 439 2198 3.

175 2211 214 2242 Ρ.
243 2209 320 2243 474.
375 2208 482 2251 ὅπερ
529 2212 608 2242 νῦν
646 2206 695 2252 δὴ
725 2228 769 2233 -

130 2255 148 2286 ἔ
163 2256 179 2287 λ
195 2266 211 2287 ε
226 2266 246 2298 γ
261 2266 280 2286 o
299 2254 329 2298 v]
398 2255 584 2288 Verissime
636 2255 771 2287 monuit

130 2300 454 2333 Findeisenius
477 2300 652 2344 iungenda
683 2300 771 2333 haec

133 2356 207 2378 esse
230 2345 345 2378 verbis
376 2345 597 2387 sequentibus
629 2344 704 2385 ἐμοὶ
729 2344 770 2377 ἐν

133 2394 179 2434 τῷ
202 2390 297 2432 μέρει
321 2388 478 2432 παράδος
501 2394 564 2423 etc.
594 2395 696 2433 atque
719 2401 770 2423 re-

131 2435 271 2469 ferenda
295 2436 339 2467 ad
362 2436 537 2478 superiora
558 2436 622 2469 illa
641 2447 675 2479 Ρ.
692 2434 771 2469 472.

132 2482 169 2514 C.
194 2481 370 2513 Sententia
393 2480 575 2514 verborum
597 2482 684 2514 haec
701 2485 767 2514 est:

131 2527 168 2559 si
209 2526 438 2559 meliorem
475 2526 558 2559 hac
599 2527 770 2559 nullam

135 2576 258 2604 tenes
281 2572 513 2604 refutandi
541 2573 770 2611 rationem,

131 2617 237 2649 mihi
282 2618 489 2650 vicissim
524 2617 772 2650 refellendi

131 2666 402 2712 potestatem
456 2662 663 2704 concede,
717 2666 772 2695 at-

133 2708 213 2749 que
237 2708 439 2751 experire
463 2719 488 2742 s.
506 2718 650 2749 nosce,
675 2718 771 2750 qua-

132 2752 215 2785 lem
246 2763 324 2796 ego
358 2764 454 2788 esse
494 2753 649 2787 debere
680 2762 772 2786 cen-

838 1846 1025 1891 λέγομαι]
1050 1848 1128 1880 Non
1155 1848 1222 1881 hoc
1245 1852 1381 1880 tantum
1403 1858 1478 1891 pro—

837 1892 970 1934 fitetur,
1010 1903 1046 1925 se
1079 1904 1197 1926 omnes
1228 1893 1316 1926 alios
1346 1898 1480 1936 praeter

836 1948 945 1970 unum
968 1949 1056 1978 eum,
1080 1939 1220 1981 quicum
1243 1939 1404 1981 disputet,
1427 1940 1480 1971 ni-

837 1982 903 2015 hili
938 1983 1071 2024 facere,
1110 1994 1230 2017 verum
1266 1985 1369 2017 etiam
1400 1995 1478 2017 cum

837 2028 993 2071 imperito
1016 2029 1122 2072 vulgo
1146 2029 1213 2062 sibi
1237 2029 1326 2063 nihil
1348 2031 1479 2074 negotii

838 2084 923 2109 esse.
948 2085 981 2106 v,
1000 2075 1053 2107 De
1066 2074 1212 2117 Republ.
1225 2076 1283 2108 VI.
1296 2086 1330 2118 p.
1345 2074 1422 2109 496.
1435 2079 1477 2108 A.

883 2120 922 2151 B.
962 2119 1009 2152 ἐν
1048 2123 1101 2163 τῷ
1139 2119 1264 2162 μέρει
1303 2119 1479 2154 διδόναι

840 2163 1251 2208 ἔλεγχον]νίοἰεείιῃ
1273 2167 1479 2200 refellen-

839 2209 883 2241 di
921 2215 1188 2252 potestatem
1224 2212 1396 2251 facere,
1440 2216 1480 2244 ut

839 2255 939 2298 Apol.
953 2256 1047 2289 Socr.
1066 2255 1166 2299 p.39.
1182 2257 1220 2290 C.
1244 2258 1334 2290 Nam
1344 2255 1480 2290 διδόναι

839 2304 890 2333 est
921 2302 1179 2343 concedere,
1209 2304 1479 2345 permittere,

838 2350 1110 2389 potestatem
1133 2348 1294 2388 facere,
1310 2352 1349 2381 ut
1365 2359 1478 2391 saepe.

839 2402 870 2423 v
838 2391 1036 2480 Ρξὲἑιτκ.
1061 2393 1180 2426 Lexic.
1203 2393 1364 2437 Xenoph.
1389 2395 1432 2427 Τ.
1451 2395 1478 2426 Ι.

884 2481 978 2514 ἐπεὶ
1013 2481 1065 2515 σύ
1091 2480 1222 2525 δέξαι’
1257 2482 1308 2516 ἄν
1331 2496 1361 2516 κ.
1387 2497 1412 2516 τ.
1437 2484 1478 2527 1.]

839 2538 932 2560 nam
962 2531 1066 2560 tune
1098 2532 1146 2560 ut
1166 2528 1299 2562 malis
1323 2530 1479 2562 iniuri-

839 2583 900 2605 am
924 2574 1123 2616 accipere
1143 2584 1267 2616 quam
1284 2575 1478 2607 inferre?

840 2618 892 2650 Ita
915 2618 1001 2651 haec
1033 2619 1258 2663 intelligenda
1288 2631 1478 2661 censemus,

840 2673 1048 2706 quamquam
1077 2665 1180 2697 etiam
1210 2666 1479 2708 interrogatione

840 2708 976 2742 sublata
1013 2710 1143 2743 ironice
1173 2711 1287 2753 accipi
1323 2714 1477 2753 possunt.

839 2755 892 2787 De
927 2754 1083 2788 universi
1123 2757 1183 2798 qui
1220 2756 1374 2799 sequitur
1408 2756 1479 2790 loci
