1682 2944
394 151 467 190 AD
495 148 740 190 GORGIAM
768 146 1394 187 PLATONIS.11

51 266 216 313 iudicat,
255 264 565 317 quandoquidem
593 262 687 314 quid
715 261 766 300 sit
793 259 1014 299 hominibus
1042 257 1312 308 gravissimum
1342 259 1399 295 at-

53 335 128 374 que
157 322 364 372 optimum,
393 333 542 370 semper
567 319 688 358 fuerit
715 330 864 357 summa
892 315 1099 362 dissensio,
1138 315 1302 366 ideoque
1332 326 1399 351 ex-

51 378 185 437 plicari
213 378 287 417 sibi
316 378 422 428 cupit
447 376 683 426 diligentius,
712 375 753 412 in
781 387 950 426 quanam
977 386 1019 411 re
1049 375 1229 411 cernatur
1254 370 1402 433 gravis—

53 436 192 474 simum
220 436 317 473 illud
345 447 388 472 ac
415 446 607 473 summum
632 434 787 479 bonum,
817 444 894 483 quo
922 430 1080 469 tandem
1099 427 1313 468 rhetoricae
1341 426 1402 466 vis

54 496 94 531 et
130 492 297 541 dignitas
326 491 439 541 plane
469 493 730 540 cognoscatur.
788 489 831 527 P.
862 490 955 525 451.
985 486 1025 524 O.
1057 507 1113 514 —-
1145 488 1238 523 452.
1269 485 1317 522 D.
1347 505 1403 511 —

54 549 117 587 Ad
146 561 244 600 quae
263 547 423 596 Gorgias
450 547 586 598 utique
615 547 734 584 habet
762 557 859 596 quae
888 544 1129 594 respondeat.
1170 541 1272 580 Satis
1299 540 1403 579 enim

56 609 206 643 constat
231 604 423 654 sophistas
451 604 556 641 illius
585 602 723 642 aetatis
753 615 837 640 sese
862 601 1054 651 professos
1082 612 1166 637 esse
1186 597 1303 637 etiam
1322 610 1402 635 ma-

55 661 194 710 gistros
222 660 382 699 virtutis
421 660 544 699 civilis
583 663 700 711 atque
739 658 833 697 artis
862 655 1157 696 administrandi
1194 653 1403 718 rempubli-

56 731 149 755 cam.
205 718 345 768 Itaque
373 717 592 755 mirandum
629 729 705 753 non
735 718 813 762 est,
844 714 945 765 quod
975 713 1155 761 Gorgias,
1197 712 1264 763 qui
1293 725 1334 749 se
1365 714 1408 749 et'

55 774 136 823 ipse
166 773 369 812 dictitabat
405 787 481 811 non
509 773 621 810 modo
650 771 821 818 dicendi,
852 771 918 809 sed
950 770 1067 808 etiam
1102 769 1292 818 gerendae
1330 766 1405 805 rei-

55 829 231 893 publicae
259 831 444 880 peritum,
474 842 665 868 summum
693 802 859 866 homiliis
887 829 1031 865 bonum
1059 826 1101 863 111
1130 838 1174 863 00
1202 824 1329 875 ponit,
1359 826 1406 862 ut

57 886 144 937 quis
182 891 222 925 et
258 887 339 936 ipse
377 887 475 925 liber
509 886 560 924 sit
596 890 636 924 et
674 885 715 922 in
744 898 815 923 sua
848 883 970 934 ipsius
1006 882 1132 933 patria
1170 881 1255 919 aliis
1283 880 1406 931 possit

56 942 253 992 imperare.
311 943 423 981 Effici
453 946 582 981 autem
621 943 694 980 hoc
732 942 787 980 ait
825 945 907 979 arte
935 939 1148 986 rhetorica,
1188 938 1296 976 cuius
1334 949 1405 987 ope

57 999 98 1036 in
126 999 265 1037 iudicio
292 999 504 1046 iudicibus,
543 999 584 1036 111
612 1001 749 1036 senatu
779 997 1039 1043 senatoribus,
1078 996 1119 1033 in
1158 994 1405 1033 concionibus

56 1056 216 1105 populo,
255 1055 296 1093 in
325 1056 410 1094 aliis
439 1055 610 1095 coetibus
646 1055 731 1092 aliis
760 1053 994 1092 sententiam
1030 1056 1138 1091 tuam
1176 1051 1406 1101 persuadere

58 1125 187 1162 queas,
216 1112 272 1151 ita
300 1116 355 1159 ut,
385 1112 451 1164 qui
470 1112 620 1150 dicendi
646 1111 831 1149 facultate
851 1110 1061 1160 plurimum
1087 1108 1228 1155 valeat,
1257 1108 1290 1146 is
1311 1107 1405 1145 alios

59 1168 132 1206 sibi
149 1169 317 1207 maxime
337 1169 478 1208 habeat
497 1168 682 1207 obnoxios
700 1167 987 1218 plurimumque
1006 1165 1186 1204 utilitatis
1207 1178 1257 1203 ex
1277 1177 1409 1202 eorum

60 1224 208 1263 artibus
242 1225 457 1276 studiisque
485 1225 681 1274 percipiat.
739 1226 781 1262 P.
813 1227 906 1261 452.
936 1224 980 1261 E.
1039 1224 1250 1273 Postquam
1278 1225 1409 1259 autem

59 1281 232 1330 sophista
259 1281 518 1332 eloquentiam
548 1294 592 1318 eo
621 1280 820 1343 pertinere·
842 1279 1043 1326 iudicavit,
1074 1282 1119 1317 ut
1149 1278 1311 1316 aliorum
1340 1290 1408 1316 vo-

61 1336 251 1375 luntatem
290 1350 334 1375 ac
362 1337 490 1376 studia
527 1338 575 1375 ad
604 1340 711 1375 tuam
749 1336 870 1386 ipsius
906 1335 1138 1374 sententiam
1176 1335 1332 1373 flectere
1370 1337 1410 1372 et

60 1404 192 1440 regere
227 1393 360 1442 possis,
410 1393 585 1432 Socrates
623 1393 658 1431 ei
696 1394 792 1430 haec
828 1392 1053 1442 respondet:
1093 1392 1207 1436 Nunc
1244 1392 1409 1437 demum,

61 1448 199 1500 inquit,
226 1449 398 1498 intelligo
427 1453 466 1488 te
494 1449 711 1488 rhetoricen
740 1449 866 1487 dicere
900 1448 1074 1498 opificem
1102 1448 1296 1499 quandam
1326 1460 1410 1497 per-

62 1505 247 1543 suadendi
275 1518 501 1557 omnemque
530 1506 612 1544 eius
640 1506 826 1545 virtutem
854 1506 997 1543 referre
1027 1519 1090 1551 00,
1130 1508 1176 1543 ut
1211 1504 1297 1542 aliis
1325 1517 1411 1554 per-

61 1561 288 1599 suadeamus
315 1562 376 1608 id,
419 1563 522 1614 quod
550 1563 740 1602 volumus.
812 1563 887 1600 S(d
924 1562 1021 1599 illud
1051 1575 1204 1613 quoque
1231 1574 1293 1599 me
1323 1561 1411 1599 edo-

62 1629 148 1655 ceas
175 1618 304 1665 velim,
334 1619 401 1670 qui
431 1619 520 1657 finis
549 1619 600 1658 sit
627 1619 733 1657 illius
753 1618 1012 1668 persuasionis
1041 1622 1080 1656 et
1108 1618 1149 1655 in
1179 1618 1413 1669 quibusnam

61 1675 178 1712 rebus
205 1687 252 1712 ea
280 1678 468 1714 cernatur.
528 1676 632 1713 Num
667 1675 787 1724 igitur
818 1675 889 1714 tibi
921 1676 1003 1713 sola
1039 1674 1228 1713 rhetorice
1256 1674 1413 1713 videtur

62 1730 213 1769 efficere
244 1745 355 1780 posse
390 1732 490 1770 hano
525 1733 833 1782 persuasionem,
875 1745 925 1770 an
963 1731 1060 1769 aliae
1091 1744 1245 1782 quoque
1284 1730 1412 1770 artes?

62 1799 188 1825 nonne
218 1787 438 1840 quicunque
475 1802 557 1827 rem
585 1789 804 1840 quampiam
843 1789 973 1835 docet,
1014 1788 1046 1826 is
1077 1801 1162 1826 eam
1201 1787 1287 1826 aliis
1326 1801 1412 1837 per-

63 1843 224 1882 suadet?
253 1845 436 1884 Concedit
457 1845 629 1895 Gorgias,
660 1845 879 1896 quicunque
899 1845 1044 1891 doceat,
1075 1858 1164 1882 eum
1190 1844 1277 1882 aliis
1295 1845 1413 1883 etiam

61 1901 302 1948 persuadere.
342 1902 439 1939 Inde
457 1915 550 1940 vero
570 1902 745 1941 Socrates
776 1901 968 1940 concludit
987 1901 1105 1939 etiam
1131 1900 1412 1948 arithmeticen,

63 1956 312 2004 geometriam
360 1958 532 2009 aliasque
571 1962 673 1997 artes
711 1958 898 2008 plurimas
937 1971 1023 1996 cum
1051 1958 1299 2007 persuasione
1329 1971 1413 1996 esse

63 2012 306 2060 coniunctas,
346 2018 390 2052 ut
421 2027 467 2053 ea
494 2014 651 2052 minime
686 2014 898 2053 rhetoricae
937 2014 1092 2064 propria
1128 2027 1211 2053 esse
1240 2015 1414 2065 putanda

63 2068 134 2116 sit,
164 2069 327 2121 ideoque
355 2074 486 2109 censet
514 2071 665 2109 definiri
695 2075 869 2121 oportere
900 2071 1142 2120 diligentius,
1173 2071 1298 2122 qualis
1327 2075 1413 2110 tan·

66 2125 153 2162 dem
181 2125 233 2164 sit
271 2130 311 2165 et
349 2140 532 2178 quorsum
570 2131 717 2178 spectet
755 2128 823 2166 illa
860 2128 1077 2178 persuasio,
1116 2141 1233 2180 quam
1273 2128 1416 2167 efficiat

65 2181 265 2220 rhetorice.
330 2185 373 2221 P.
405 2187 497 2222 453.
528 2185 576 2222 A.
606 2207 663 2212 —
692 2188 785 2223 454.
815 2187 863 2223 A.
921 2185 974 2224 Et
1002 2185 1093 2223 huic
1131 2185 1287 2236 quidem
1316 2185 1415 2223 desi-

67 2238 172 2275 derio
200 2238 360 2287 Gorgias
399 2240 532 2279 statim
572 2241 772 2280 satisfacit.
830 2241 899 2280 Ait
929 2241 1031 2280 enim
1069 2254 1155 2280 eam
1192 2255 1233 2279 se
1271 2241 1415 2281 intelli-

66 2307 155 2342 gere
183 2296 489 2345 persuasionem,
529 2311 627 2349 quae
657 2298 699 2335 in
727 2298 878 2338 iudiciis
909 2298 1074 2349 aliisque
1103 2298 1303 2336 hominum
1332 2311 1414 2337 coe-

66 2350 170 2388 tibus
188 2355 324 2400 regnet
342 2365 516 2405 quaeque
545 2355 593 2392 ad
614 2354 718 2393 iusta
739 2358 778 2392 et
796 2354 943 2393 iniusta
961 2355 1166 2405 pertineat.
1195 2356 1237 2393 P.
1260 2358 1353 2393 454.
1370 2356 1414 2393 B.

67 2427 123 2433 --
163 2407 238 2445 Sed
276 2421 508 2460 quamquam
553 2423 657 2449 nunc
693 2412 850 2450 tandem
890 2411 1069 2461 apparuit
1105 2412 1319 2462 sophistam
1358 2412 1415 2450 di-

67 2475 152 2501 cere
180 2464 397 2504 rhetoricen
434 2479 518 2504 eam
548 2471 689 2514 artem,
730 2481 808 2519 qua
836 2467 922 2506 aliis
959 2472 1067 2507 tuam
1096 2468 1329 2507 sententiam
1367 2470 1415 2507 de

67 2520 183 2558 rebus
211 2519 324 2559 iustis
352 2523 415 2561 vel
444 2522 598 2562 iniustis
625 2524 666 2561 in
695 2524 858 2574 publicis
889 2525 1143 2564 conventibus
1170 2526 1414 2575 persuadeas,

66 2579 198 2614 tamen
226 2590 275 2615 ne
305 2577 345 2615 in
374 2579 448 2617 hac
475 2580 630 2631 quidem
657 2581 851 2619 sen-tentia
879 2581 1055 2619 Socrates
1084 2586 1215 2620 censet
1243 2595 1325 2620 esse
1355 2595 1414 2620 ac-

68 2632 357 2683 quiescendum,
389 2649 432 2674 ac
460 2636 638 2687 deinceps
669 2637 708 2675 id
739 2637 836 2687 agit,
864 2641 910 2676 ut
937 2638 1037 2676 hanc
1065 2638 1328 2677 definitionem
1357 2651 1415 2676 er-

69 2689 165 2727 roris
194 2695 386 2740 coarguat.
432 2694 572 2745 Itaque
611 2696 699 2733 ante
729 2694 857 2732 omnia
895 2695 1005 2734 docet
1034 2695 1200 2735 multum
1228 2695 1416 2735 interesse
