1722 2964
212 76 292 119 166
757 44 1057 124 PLAToms

151 204 181 237 Β
210 198 296 239 εἴτε
319 192 493 251 χαρτόν,
518 202 603 241 εἴτε
625 193 793 242 ὁπόθεν
816 198 889 243 καὶ
911 196 1027 253 ὅπως
1050 204 1213 259 χαίρεις
1234 200 1288 246 τὰ
1309 205 1488 249 τοιαῦτα
1507 201 1610 251 ὀνο-

207 260 374 319 μάζων,
406 254 441 307 ὦ
471 262 667 319 βέλτιστε
690 261 907 322 Πρόδικε,
937 264 1065 312 τοῦτό
1094 286 1167 325 μοι
1197 266 1305 326 πρὸς
1338 266 1362 314 ὃ
1395 268 1608 329 βούλομαι

207 325 452 387 ἀπόκριναι.
509 327 704 382 Γελάσας
738 323 819 375 οὖν
841 329 865 376 ὁ
888 330 1106 390 Πρόδικος
1138 333 1499 394 συνωμολόγησε,
1531 339 1606 384 καὶ

206 397 253 440 οἰ
270 392 406 440 ἄλλοι.
469 399 527 441 Τί
546 395 594 440 δὲ·
619 393 696 453 δή,
729 389 763 442 ὦ
786 394 966 457 ἄνδρες,
991 403 1104 457 ἔφην
1129 399 1235 457 ἐγώ,
1259 399 1306 446 τὸ
1329 401 1523 458 τοιόνδε;
1561 407 1612 449 αἱ

206 461 278 506 ἐπὶ
318 459 475 507 τούτου
515 460 692 520 πράξεις
731 461 917 521 ἅπασαι,
973 466 1044 510 ἐπὶ
1083 469 1162 512 τοῦ
1200 465 1376 521 ἀλύπως
1416 471 1492 527 ζῆν
1532 471 1607 515 καὶ

204 525 367 585 ἡδέως,
404 521 473 587 ἆρ’
503 526 556 573 οὐ
580 533 714 574 καλαί
722 551 734 585 ;
766 531 839 575 καὶ
861 530 908 576 τὸ
932 530 1066 577 καλὸν
1097 537 1226 590 ἔργον
1257 532 1430 591 ἀγαθόν
1451 553 1499 581 τε
1531 538 1606 581 καὶ

206 591 448 653 ὠφέλιμον;
474 594 728 642 Συνεδόκει.
778 601 838 642 Εἰ
857 594 956 656 ἄρα,
981 602 1095 656 ἔφην
1119 597 1226 657 ἐγώ,
1249 599 1297 645 τὸ
1320 599 1408 659 ἡδὺ
1431 601 1604 659 ἀγαθόν

205 662 346 718 ἐστιν,
370 659 516 715 οὐδεὶς
539 660 640 708 οὔτε
664 659 792 716 εἰδώς
814 661 914 710 οὔτε
937 662 1132 723 οἰόμενος
1156 664 1267 711 ἄλλα
1290 672 1448 724 βελτίω
1474 667 1604 726 εἶναι,

147 733 176 767 O
204 722 231 785 ἢ
254 724 282 771 ἃ
305 738 442 785 ποιεῖ,
474 730 548 774 καὶ
571 728 763 787 δυνατά,
794 733 941 776 ἔπειτα
964 743 1084 777 ποιεῖ
1102 735 1260 790 ταῦτα,
1293 733 1390 788 ἐξὸν
1418 733 1471 779 τὰ
1502 739 1606 792 βελ-

289 880 330 913 Β.
368 870 393 912 ἆ
428 873 438 887 ’
467 874 530 932 οὗ,
552 879 712 925 καλαί]
752 882 854 915 Libri
877 893 998 915 omnes
1023 874 1085 925 ἆρ’
1110 878 1156 917 οὗ
1179 883 1292 917 καλαὶ
1315 884 1381 919 καὶ
1404 881 1603 928 ὠφέλιμοι.

200 924 322 957 Verba
353 935 402 957 κα
451 926 634 967 ωφελιμοι
667 936 746 958 esse
771 927 926 959 insititia
954 928 1088 969 primus
1116 928 1211 960 vidit
1234 929 1603 966 Schleiermacherus.

200 968 431 1001 Heindorfius
449 974 533 1001 ante
550 969 669 1003 καλαί
681 970 848 1003 voculam
864 971 933 1003 καί
946 972 1199 1015 interpositam
1215 973 1374 1008 volebat.
1403 975 1482 1007 Nou
1500 984 1600 1017 opus,

290 1026 314 1076 ἢ
336 1027 360 1066 ἃ
383 1037 514 1068 ποιεῖ’
552 1033 629 1068 καὶ
653 1031 849 1079 δυνατοί]
875 1036 957 1069 Etsi
971 1036 1057 1070 libri
1074 1048 1197 1071 omnes
1215 1040 1387 1081 scriptum
1410 1040 1602 1074 exhibent:

199 1070 225 1120 ἢ
241 1070 266 1110 ἃ
282 1073 402 1112 ἐποίει
424 1077 491 1112 καὶ
508 1061 690 1122 divana,
715 1084 838 1113 tamen
859 1080 1117 1124 disputationis
1139 1086 1243 1115 tenor
1266 1084 1418 1126 requirit
1439 1085 1534 1126 quod
1556 1085 1602 1118 de

199 1125 384 1155 sententia
401 1123 728 1158 Schleiermacheri
743 1125 781 1156 in
798 1125 959 1158 ordinem
975 1127 1167 1160 verborum
1183 1127 1394 1169 recepimus.
1424 1128 1604 1171 Sauppius

201 1168 350 1210 scripsit
371 1160 397 1210 ἢ
418 1161 442 1200 ἃ
465 1171 571 1202 ποιεῖ
590 1161 614 1201 ἃ
631 1166 697 1201 καὶ
714 1164 888 1204 δύναται.
927 1170 1027 1203 Astio
1050 1173 1163 1204 verba
1186 1169 1252 1204 καὶ
1276 1167 1423 1205 δυνατά
1445 1172 1602 1206 delenda

198 1211 382 1252 videntur,
407 1215 444 1245 et
467 1222 686 1254 quamquam
709 1214 845 1246 habent
868 1213 1026 1256 aliquem
1048 1215 1190 1258 quidem
1214 1216 1452 1259 explic-atum,
1477 1220 1601 1250 tamen

199 1255 245 1288 iis
262 1257 410 1289 remotis
426 1258 542 1290 oratio
559 1257 753 1290 dilucidius
769 1259 909 1292 flueret.

934 1402 1022 1425 mus.
1087 1392 1248 1426 Genitivi
1291 1403 1391 1434 usum
1430 1393 1604 1426 rariorem

935 1437 971 1469 H
983 1447 1002 1468 e
1013 1436 1084 1468 ind
1094 1448 1113 1469 ο
1123 1438 1211 1470 rfiu
1221 1448 1238 1470 s
1275 1438 1370 1471 bene
1403 1437 1603 1480 explicavit

936 1482 1155 1523 comparatis
1195 1482 1371 1514 eiusmodi
1409 1481 1500 1515 locis
1510 1506 1519 1522 ‚
1563 1483 1602 1514 in

244 1388 336 1423 εἴτε
352 1384 526 1423 ὁπόθεν
542 1388 620 1423 καὶ
637 1383 755 1429 ὅπως
773 1391 868 1434 χαί-

198 1444 293 1476 ρεις
308 1452 352 1458 -
368 1429 446 1477 ὄν.]
477 1434 631 1477 Saepius
647 1435 753 1468 Plato
770 1436 867 1467 simi-

197 1478 285 1511 liter
301 1478 443 1511 locutus
461 1482 528 1518 est,
547 1482 587 1511 ut
599 1479 738 1529 Cratyl.
758 1482 867 1530 P24⁰⁰

197 1523 246 1555 E:
277 1516 398 1564 ὥσπερ
423 1517 463 1556 ἐν
486 1525 569 1561 ταῖς
600 1526 731 1567 ευχαῖς
754 1534 866 1566 νομος

198 1561 299 1600 ἐστὶν
321 1562 412 1617 ἡμῖν
438 1560 640 1610 εὔχεσθαι,
665 1567 803 1606 οἵτινες
826 1577 865 1601 τε

197 1609 264 1644 καὶ
285 1606 433 1645 ὃποθεν
461 1611 658 1654 χαίρουσιν
685 1606 865 1655 ὀνομαζό-

197 1665 316 1698 μενοι.
349 1657 404 1688 Ex
421 1656 490 1689 hoc
507 1657 631 1689 eodem
654 1655 735 1689 loco
754 1667 865 1699 appa-

198 1702 271 1740 ret,
289 1710 396 1742 quam
413 1700 547 1733 festive
565 1700 736 1734 Socrates
753 1702 865 1734 verba

197 1744 341 1787 χαίρεις
363 1739 555 1787 ὀνομάζων
578 1745 625 1777 ad
641 1746 785 1778 Prodici
808 1755 864 1777 ar-

197 1788 347 1822 tificium
364 1789 614 1841 transtuleri23
634 1789 681 1822 ef.
701 1789 864 1839 Sympos.

196 1833 390 1919 3323002,
404 1828 864 1921 ῑὲῑῑεῖνβεξῖεῑὸερἕῖῑε

195 1932 284 1964 μιον
316 1932 332 1955 ε
353 1933 370 1960 ς
392 1915 537 1964 ’Έρωτα
574 1918 730 1965 νόμισον
764 1920 864 1965 εἰρῆ-

196 1966 309 1999 σθαι·
334 1963 369 1999 εἰ
385 1964 441 2008 δέ,
458 1960 481 2000 ὅ
498 1978 532 1999 τι
549 1964 614 1999 καὶ
630 1960 705 2010 ὅπῃ
721 1967 864 2010 χαίρεις

196 2005 401 2053 ὀνομάζων,
421 2010 532 2044 τοῦτο
549 2005 721 2053 ὀνόμαζε.
747 2012 863 2054 Legg.

195 2055 225 2088 1.
242 2066 276 2098 p.
293 2056 359 2088 633
376 2056 415 2087 Α.
435 2055 571 2088 Criton.
589 2066 621 2097 p.
641 2058 684 2088 50
696 2056 736 2087 A.
755 2056 864 2098 Hipp.

195 2100 281 2132 min.
300 2099 460 2142 p.369A.
479 2099 683 2131 Parmenid.
702 2110 735 2142 p.
749 2100 865 2133 1331).

194 2143 351 2177 Phaedr.
375 2155 409 2187 p.
431 2145 496 2177 273
515 2143 553 2176 C.
579 2144 626 2176 al.
649 2161 692 2167 —
719 2139 866 2177 ὁπόθεν

196 2182 392 2231 ὀνομάζων
414 2188 619 2221 illustratur
635 2188 740 2222 Hom.
758 2189 800 2220 11.
820 2189 861 2220 X.

196 2233 258 2265 68:
287 2227 484 2283 πατρόθεν
506 2227 546 2266 ἐκ
570 2231 703 2276 γενεῆς
726 2226 864 2275 ὀνομά-

197 2275 269 2317 ζων
284 2276 407 2320 ανὸρα
425 2274 595 2311 ἕκαστον.

240 2342 376 2376 τοῦτο
393 2338 665 2388 ἀπόκριναι]
693 2342 773 2376 hoc
789 2353 863 2375 vo-

197 2387 358 2420 cabulo
410 2392 538 2421 utere
583 2387 863 2431 respondens

196 2431 329 2472 adid,
352 2432 463 2474 quod
479 2433 598 2471 volo,
622 2437 662 2466 ut
678 2433 781 2465 dicas
802 2431 862 2465 vel

195 2470 238 2509 τὸ
277 2470 354 2518 ἡδὺ
396 2472 494 2509 εἶναι
535 2471 689 2520 ἀγαθόν
725 2476 787 2510 vel
818 2472 859 2509 τὸ

194 2515 355 2563 τερπνὸν
372 2516 440 2554 εῖν.
458 2515 517 2564 οἶγ-
537 2526 606 2555 etc.

239 2587 281 2619 B.
311 2583 362 2620 αῖ
383 2582 457 2620 ἐπὶ
480 2584 649 2621 τούτου
670 2583 863 2630 πράξεις

194 2629 251 2673 -]
281 2640 575 2674 quaecunque
609 2634 782 2675 agimus
814 2641 863 2664 eo

195 2675 456 2716 tendentes,
482 2682 528 2710 ut
543 2676 746 2710 vivamus
763 2676 862 2709 sine

196 2720 353 2754 dolore
377 2731 425 2753 ac
449 2721 654 2755 iucunde.
709 2721 863 2763 Apposi-

195 2765 306 2798 tionis
329 2775 444 2808 genus
468 2766 514 2799 ad
536 2777 569 2809 p.
597 2767 661 2799 356
685 2765 712 2798 C
738 2765 861 2808 attigi-

935 1526 1063 1567 quibus
1102 1520 1169 1558 ἐπί
1203 1526 1246 1558 de
1287 1529 1404 1558 motu
1443 1525 1603 1568 intelligi

934 1571 1085 1611 oportet.
1111 1570 1194 1602 Mox
1207 1570 1320 1602 verba
1335 1567 1401 1602 καὶ
1415 1563 1600 1611 ὠφέλιμοι

933 1614 1061 1646 merito
1097 1614 1134 1646 in
1163 1614 1394 1656 glossematis
1421 1614 1600 1656 suspicio-

933 1668 1015 1690 nem
1038 1658 1186 1690 vocavit
1204 1657 1602 1691 Schleiermache-

933 1711 1016 1734 rus.
1056 1702 1148 1734 Nam
1166 1713 1209 1734 ex
1227 1712 1287 1743 eo,
1314 1702 1407 1743 quod
1422 1702 1601 1735 honestae

934 1746 1008 1778 sint
1036 1747 1200 1779 actiones
1224 1749 1388 1785 nostrae,
1420 1746 1458 1778 in
1482 1746 1603 1788 proxi-

932 1791 1000 1822 mis
1010 1790 1149 1823 demum
1165 1791 1348 1833 colligitur
1362 1790 1506 1823 easdem
1520 1799 1601 1823 esse

933 1835 1045 1867 etiam
1067 1835 1175 1867 utiles
1205 1839 1316 1876 atque
1338 1835 1464 1869 bonas.
1511 1834 1602 1867 Rem

933 1879 1126 1912 conficiunt
1154 1890 1246 1921 quae
1280 1879 1449 1922 leguntur
1475 1889 1509 1921 p.
1534 1880 1600 1912 359

931 1925 979 1963 Ε,
1005 1924 1068 1956 ubi
1086 1923 1131 1956 ad
1147 1924 1243 1956 hunc
1259 1923 1379 1956 locum
1395 1924 1600 1965 respicitur.

932 1968 1051 2001 Stallb.

977 2006 1001 2055 ἢ
1033 2005 1057 2044 ἃ
1095 2014 1239 2054 ποιεῖ’,
1280 2010 1357 2044 καὶ
1396 2005 1599 2053 δυνατοὶ]

934 2057 1125 2090 Sententia
1163 2056 1353 2089 verborum
1391 2055 1484 2088 haec
1525 2057 1601 2087 est:

936 2100 1102 2142 Quodsi
1123 2101 1283 2143 igitur,
1310 2101 1484 2142 inquam
1502 2109 1601 2141 ego,

935 2145 1169 2178 iucundum
1185 2145 1343 2177 bonum
1362 2148 1448 2179 est.
1473 2153 1599 2176 nemo

933 2190 1007 2231 qui
1035 2189 1109 2222 vel
1133 2189 1254 2222 sciat
1283 2188 1358 2221 vel
1389 2187 1601 2230 opinetur

932 2234 1026 2267 alia
1078 2243 1176 2266 esse
1228 2233 1417 2266 meliora
1468 2242 1598 2274 quam

932 2289 1042 2321 quae
1067 2278 1203 2319 facit,
1236 2287 1378 2319 eaque
1403 2286 1504 2310 esse
1527 2280 1599 2309 ta-

930 2323 1013 2362 lia,
1043 2332 1158 2364 quae
1183 2323 1357 2364 possint
1381 2321 1507 2362 fieri,
1532 2324 1600 2353 ta·

932 2378 1024 2400 men
1056 2377 1124 2406 ea,
1166 2376 1274 2408 quae
1310 2367 1451 2398 minus
1481 2365 1596 2398 bona

931 2415 1050 2452 sunt,
1097 2411 1234 2452 facit,
1281 2420 1406 2452 quum
1451 2409 1598 2442 liceat

933 2466 1068 2498 agere
1103 2455 1300 2487 meliora.
1355 2454 1410 2486 Ad
1437 2447 1522 2494 ἐξὸν
1550 2447 1597 2485 τὰ

933 2499 1066 2542 βελτίω
1080 2501 1145 2532 int.
1158 2501 1295 2533 ποιεῖν.
1324 2498 1385 2531 Sic
1397 2507 1479 2530 mox
1490 2498 1598 2540 9358

931 2545 983 2577 D:
1016 2539 1144 2582 οὐδεὶς
1173 2539 1214 2577 τὸ
1237 2543 1364 2586 μεῖζον
1387 2536 1596 2584 αἱρήσεται,

932 2583 1018 2629 ἐξὸν
1042 2583 1083 2621 τὸ
1108 2586 1279 2630 ἔλαττον,
1311 2598 1360 2620 sc.
1385 2582 1595 2628 αἱρεῖσθαι.

931 2633 1022 2666 Ibid.
1042 2634 1088 2665 E:
1112 2624 1185 2675 ἆρα
1203 2643 1259 2670 τις
1282 2625 1494 2681 ἅνθρόπρν
1511 2624 1598 2663 {os-

931 2672 1034 2719 λήσει
1058 2672 1121 2710 ἐπὶ
1143 2676 1264 2710 ταῦτα
1288 2673 1403 2713 ἰέναι.
1427 2685 1452 2707 α
1470 2672 1598 2708 didon·

930 2731 1037 2798 gw’b
1049 2716 1137 2763 ἐξὸν
1165 2715 1226 2754 ἐπὶ
1250 2713 1275 2754 ἃ
1297 2713 1368 2763 prk
1400 2729 1450 2752 sc.
1481 2716 1596 2752 ἰέναι.
