1702 2924
233 138 310 175 160
776 135 1034 176 PLATONIS

163 248 201 290 E
231 243 365 296 ἀνδρί.
422 243 562 284 ΠΩΛ.
618 242 668 283 Τί
694 239 763 292 δέ;
801 243 1112 296 συγγενόμενος
1141 241 1195 283 ἂν
1221 242 1386 296 γνοίης,
1427 244 1563 291 ἄλλως

230 309 275 350 δὲ
302 304 486 350 αὐτόθεν
514 302 566 348 οὐ
593 307 850 361 γιγνώσκεις,
877 306 942 348 ὅτι
968 303 1213 360 εὐδαιμονεῖ
1219 324 1230 356 ;
1259 307 1354 348 ΣΩ.
1383 306 1464 348 Μὰ
1491 307 1562 348 Δί’

230 370 284 415 ού
309 373 424 427 δῆτα.
480 373 622 413 ΠΩΛ.
661 373 807 425 Δῆλον
834 371 909 425 δή,
940 366 974 413 ὦ
1002 371 1238 424 Σώκρατες,
1268 367 1333 413 ὅτι
1359 369 1460 412 οὐδὲ
1486 369 1563 412 τὸν

229 437 363 491 μέγαν
392 434 565 489 βασιλέα
591 436 841 489 γιγνώσκειν
869 437 1016 490 φήσεις
1043 432 1274 489 εὐδαίμονα
1301 437 1418 476 ὄντα.
1466 436 1562 476 ΣΩ.

234 501 319 542 Καὶ
348 501 488 554 ἀληθῆ
516 514 562 554 γε
584 499 684 552 ἐρῶ·
714 496 769 542 οὐ
796 499 877 554 γὰρ
905 496 1003 542 οἶδα
1030 500 1221 548 παιδείας
1249 496 1362 548 ὅπως
1388 496 1468 552 ἔχει
1495 498 1563 540 καὶ
1634 512 1638 521 ’

230 566 512 619 δικαιοσύνης.
570 567 712 607 ΠΩΛ.
748 564 799 605 Τί
814 564 882 613 δέ;
912 563 958 606 ἐν
975 565 1111 619 τούτῳ
1133 563 1162 618 ἡ
1181 571 1296 605 πᾶσα
1315 563 1564 617 εὐδαιμονία

232 629 368 679 ἑστίνς
417 630 513 670 ΣΩ.
546 625 627 678 Ὦς
661 643 709 683 γε
747 627 829 682 ἐγὼ
855 626 986 682 λέγω,
1030 623 1064 669 ὦ
1093 630 1233 669 Πώλε·
1274 627 1351 669 τὸν
1377 626 1455 681 μὲν
1481 626 1563 680 γὰρ

230 693 362 735 καλὸν
409 693 607 746 κάγαθὸν
659 693 795 746 ἄνδρα
841 692 911 734 καὶ
951 695 1134 746 γυναῖκα
1185 688 1417 746 εὐδαίμονα
1455 687 1564 732 εἷναί

119 761 195 801 471
230 773 364 812 φημι,
412 759 488 799 τὸν
537 755 581 799 δὲ
627 758 776 798 ἄδικον
823 756 891 798 καὶ
938 756 1129 811 πονηρὸν
1175 758 1341 797 ἄθλιον.
1420 756 1561 796 ΠΩΛ.

222 818 396 871 ’Ἀθλιος
416 825 499 875 ἄρα
519 815 642 871 οὗτός
662 820 774 862 ἐστιν
795 821 819 862 ὁ
835 817 1053 875 Ἀρχέλαος
1073 819 1178 862 κατὰ
1197 821 1273 861 τὸν
1300 820 1378 861 σὸν
1405 820 1535 872 λόγον
1550 837 1561 868 ;

233 888 329 929 Σῼ.
359 886 496 939 Εἴπερ
531 900 591 939 γε..
631 880 664 926 ὦ
692 886 800 938 φίλε,
839 885 996 934 ἄδικος.
1056 886 1196 926 ΠΩΛ.
1246 879 1378 925 Ἀλλὰ
1405 882 1483 937 μὲν
1510 883 1562 937 δὴ

232 954 322 1000 πῶς
361 947 441 993 οὐκ
478 950 646 998 ἄδικος;
685 942 718 1003 ᾧ
757 963 804 1002 γε
841 955 1020 1002 προςῆκε
1057 947 1135 1002 μὲν
1161 954 1235 1002 τῆς
1262 949 1391 1001 ἀρχῆς
1420 943 1560 996 οὐδέν,

231 1017 287 1069 ἣν
322 1012 410 1056 νῦν
441 1013 546 1069 ἔχει,
587 1016 677 1055 ὄντι
716 1012 762 1055 ἐκ
788 1013 1012 1065 γυναικός,
1050 1013 1077 1066 ἢ
1105 1008 1160 1066 ἦν
1189 1012 1321 1065 δούλη
1344 1008 1561 1060 Ἀλκέτου,

233 1087 308 1122 τοῦ
329 1079 570 1133 Περδίκκου
588 1079 791 1131 α’δελφοῦ,
819 1076 888 1119 καὶ
909 1078 1014 1119 κατὰ
1035 1076 1112 1130 μὲν
1141 1075 1188 1118 τὸ
1215 1077 1381 1117 δίκαιον
1409 1076 1564 1123 δοῦλος

297 1247 338 1278 Ε.
386 1244 438 1278 Τι’
459 1243 521 1283 δέ;
547 1240 796 1286 συγγενόμ]
823 1241 861 1274 δέ
885 1241 1000 1275 Clark.
1023 1241 1100 1274 Vat.
1124 1241 1210 1275 Ven.
1237 1240 1316 1273 ΞΣ.
1341 1239 1469 1281 aliique
1492 1249 1561 1271 non

231 1291 341 1334 pauci.
387 1289 453 1322 Sed
476 1289 584 1321 Bekk.
611 1294 644 1320 et
667 1289 766 1320 Turr.
790 1286 856 1319 δαί.
903 1287 986 1319 Mox
1009 1286 1084 1318 Par.
1108 1285 1134 1318 Ῑ.
1161 1285 1206 1318 Τι’
1226 1283 1303 1321 Bal,-
1328 1283 1369 1316 ἐν
1392 1297 1416 1316 ι.

300 1334 348 1410 ἐξ
372 1331 547 1390 τούτᾳζὴ
572 1331 703 1376 πᾶσα]
727 1332 785 1364 Sic
807 1331 885 1386 ἵζει.
910 1330 1014 1386 QoisJ.
1037 1330 1122 1363 Ven.
1149 1329 1229 1363 ΞΣ.
1261 1328 1362 1362 Vind.
1382 1328 1412 1364 1.
1432 1327 1468 1361 2.
1482 1327 1513 1361 6.
1530 1326 1560 1360 7.

232 1381 336 1457 Pal“P.
357 1378 448 1456 ΧΊᾩΙῨ.
482 1378 563 1455 {goar
566 1434 586 1454 υ
594 1389 618 1454 f
619 1401 636 1454 ε
646 1377 916 1463 υἵῖιῗνῗαῧῗὲ
940 1373 1114 1452 effigiem).
1151 1417 1218 1451 Sed
1242 1418 1404 1450 aoristum
1426 1421 1563 1449 tuentur

232 1480 310 1502 cum
327 1469 404 1500 Par.
421 1468 484 1499 ΒΕ
495 1467 531 1499 F.
552 1466 749 1509 paucissimi
765 1465 959 1504 deteriores,
982 1465 1064 1496 boni
1086 1464 1155 1496 fere
1178 1462 1276 1495 nulli.
1301 1472 1333 1495 v.
1357 1471 1435 1494 ann.
1472 1461 1561 1493 Tum

231 1513 276 1546 ἄν
297 1511 402 1555 'vulgo
426 1516 502 1554 post
524 1505 570 1554 ἦν
600 1511 779 1552 repetitum
811 1509 1013 1542 auctoritate
1043 1508 1140 1541 codd.
1168 1507 1395 1540 exterminare
1423 1505 1563 1548 placuit.

231 1559 303 1591 Nec

371 1560 517 1589 noscunt
538 1555 624 1587 illud
647 1554 724 1587 Ald.
749 1558 782 1587 et
805 1554 885 1586 Bas.
909 1552 940 1585 1.

299 1599 346 1635 εὐ
385 1602 524 1640 αίμων
548 1597 649 1632 κατὰ
674 1598 752 1632 τὸν
777 1596 855 1631 σὸν
878 1595 1030 1640 λόγον]
1062 1596 1175 1639 Vulgo
1198 1607 1237 1639 γε
1259 1599 1337 1638 post
1359 1591 1440 1626 κατὰ
1462 1594 1564 1626 inter-

232 1759 287 1791 hic
301 1757 388 1790 liber
404 1756 459 1797 sit,
482 1756 621 1788 Dione
645 1754 864 1796 Chrysost.

234 1804 327 1836 Orat.
359 1801 420 1833 111.
456 1810 489 1843 p.
519 1799 573 1833 36.
616 1803 649 1831 et
686 1798 864 1831 Iuliano

233 1848 326 1881 Orat.
359 1846 403 1878 11.
438 1855 469 1888 p.
494 1843 547 1879 78.
578 1842 657 1877 79.”
692 1842 864 1876 ROUTH.

232 1892 312 1924 Alia
354 1889 521 1923 indicavit
557 1889 601 1922 W
610 1899 633 1931 y
644 1891 677 1921 tt
686 1899 704 1921 e
711 1898 734 1920 n
746 1888 767 1919 b
775 1898 795 1920 s.
804 1896 822 1919 c
831 1887 865 1919 h.

233 1936 275 1969 ad
292 1934 467 1968 Plutarch.
483 1933 604 1967 Moral.
627 1933 667 1965 Τ.
690 1933 717 1965 Ι.
741 1942 773 1974 p.
790 1930 865 1965 102.

233 1981 285 2014 ed.
317 1980 430 2012 Oxou.
466 1997 508 2004 —
551 1979 634 2010 Mox
673 1974 865 2010 αὐτόθεν

233 2036 301 2059 non
333 2028 385 2057 est
414 2033 490 2066 per
521 2026 560 2054 te
584 2023 677 2064 ipse
701 2033 727 2054 s.
752 2031 800 2053 ex
824 2024 864 2052 te

233 2071 345 2113 ipse,
386 2072 426 2101 ut
460 2068 700 2109 interpretatur
738 2066 864 2098 Hein-

233 2114 423 2153 dorfius,
470 2111 529 2144 sed
568 2122 616 2143 ex
655 2111 748 2153 ipso
788 2110 865 2141 hoc

233 2159 349 2197 loco,
367 2156 443 2189 ubi
458 2165 695 2194 versamur,
714 2165 779 2186 von
793 2153 865 2186 hier

235 2214 309 2244 aus,
333 2203 356 2235 i.
371 2212 400 2235 e.
418 2201 574 2234 Athenis.
608 2200 753 2232 Dixerat
774 2198 865 2231 enim

234 2249 410 2281 Socrates:
457 2243 499 2278 οὐ
541 2243 606 2287 γάρ
653 2254 705 2276 πω
746 2242 864 2285 συγγέ-

233 2303 319 2335 γονα
335 2294 381 2335 τῷ
396 2287 511 2332 ἀνδρί,
534 2293 573 2322 ut
588 2298 748 2331 praesens
771 2297 865 2329 prae-

233 2340 362 2369 sentem
381 2335 517 2368 demum
539 2334 695 2366 videatur
715 2331 866 2364 iudicare

233 2381 333 2414 velle.
357 2381 409 2412 De
423 2389 489 2412 usu
504 2388 578 2411 voc.
594 2388 628 2409 v.
653 2376 867 2410 Schaefer.

234 2425 278 2459 sd
299 2425 443 2457 Theocr.
458 2423 568 2463 XXV,
591 2420 668 2455 171.

278 2470 316 2502 E.
366 2467 568 2501 παιδείας
606 2465 722 2500 ὅπως
761 2462 864 2507 ἔχει]

235 2514 372 2547 Ciceroz
398 2523 448 2546 an
473 2523 548 2554 ego
572 2512 751 2553 possim,
774 2519 866 2542 cum

235 2561 446 2602 ignorem,
477 2566 597 2598 qnam
622 2556 679 2587 sit
701 2554 867 2593 doctus,

234 2613 356 2646 quam
378 2602 447 2634 vir
469 2602 549 2633 bon
563 2610 621 2633 us.
654 2599 694 2631 cf.
710 2598 865 2631 Matth.

235 2650 264 2687 ὅ.
289 2646 366 2680 337.

977 1752 1015 1784 Ρ.
1045 1749 1122 1784 471.
1166 1747 1282 1782 Ἀλλὰ
1312 1748 1392 1788 μὲν
1424 1747 1472 1792 δὴ
1504 1748 1561 1790 ml

932 1796 1130 1829 Ficinus:
1186 1795 1241 1827 At
1285 1804 1403 1833 vero,
1465 1803 1562 1835 quo-

931 1840 1050 1874 modo
1073 1843 1135 1874 etc.
1183 1837 1282 1871 Unde
1313 1837 1560 1873 Findeisen.

932 1896 1008 1919 cum
1039 1884 1169 1927 aliquot
1197 1882 1292 1916 codd.
1316 1882 1460 1915 correxit
1481 1879 1565 1914 ἀλλὰ

931 1928 999 1974 μὴν
1030 1927 1090 1973 δή,
1136 1927 1227 1971 quod
1266 1937 1434 1969 nusquam
1474 1925 1564 1969 apud

931 1974 1055 2017 probos
1099 1974 1278 2016 scriptores
1326 1971 1483 2013 reperias.
1520 1988 1563 1994 —

932 2019 1058 2052 Sei-vae
1087 2018 1140 2050 illi
1169 2027 1292 2050 nomen
1315 2016 1380 2048 fuit
1402 2015 1562 2048 Simiche.

932 2074 964 2096 v.
994 2062 1159 2096 Aelian.
1189 2062 1232 2093 V.
1261 2061 1305 2093 H.
1334 2060 1419 2100 ΧΠ,
1442 2058 1497 2092 43.
1519 2077 1563 2084 —

933 2109 1015 2140 Mox
1031 2106 1075 2139 ad
1097 2106 1165 2138 καὶ
1191 2102 1293 2137 nard
1318 2104 1394 2143 μὲν
1417 2101 1459 2136 τὸ
1482 2103 1559 2136 dlx.

934 2152 952 2184 δ
961 2163 979 2184 ο
990 2153 1033 2184 ῦλ
1043 2163 1061 2183 ο
1071 2161 1088 2184 ε
1129 2145 1150 2194 ἦ
1160 2161 1178 2182 ν
1215 2151 1348 2192 repetas
1382 2148 1562 2181 nomineti-

932 2206 1012 2229 vum
1036 2194 1084 2232 ὃς,
1110 2205 1175 2227 usu
1197 2192 1332 2226 dicendi
1350 2193 1560 2226 creberrimo.

978 2237 1217 2272 ἐδούλευεν
1245 2235 1298 2270 ἂν
1332 2235 1452 2280 'Abel
1498 2237 1561 2269 Im-

932 2285 1116 2328 perfectum
1166 2293 1233 2316 usu
1282 2282 1458 2315 notissimo
1503 2291 1563 2324 pro

932 2329 1057 2362 aoristo
1096 2328 1243 2371 positum
1255 2351 1264 2367 ,
1308 2330 1347 2359 ut
1383 2328 1492 2358 status
1532 2328 1565 2357 et

933 2373 1082 2407 conditio
1101 2371 1272 2416 praeteriti
1285 2370 1445 2412 temporis
1459 2369 1564 2411 sigui-

933 2418 1061 2452 ficetur.
1087 2415 1274 2459 Xenoph.
1298 2416 1397 2448 Mem.
1423 2414 1450 2454 1,
1474 2412 1508 2454 1,
1532 2413 1563 2447 ⁵.

934 2463 974 2495 de
999 2462 1153 2495 Socrate:
1191 2461 1294 2503 δῆλον
1323 2453 1384 2502 ἦν,
1421 2457 1470 2489 ὅτι
1499 2455 1563 2490 οὐκ

933 2506 978 2540 ἄν
1001 2505 1195 2549 προέλεγεν,
1220 2504 1257 2538 εἰ
1275 2502 1321 2556 μὴ
1343 2502 1532 2535 ἐπίστευεν.

978 2552 1017 2584 Β.
1071 2555 1458 2589 μεταπεμψαμενος
1508 2543 1561 2579 ὥς

934 2593 1053 2628 duob.
1079 2606 1106 2627 κ.
1133 2607 1158 2626 r.
1182 2592 1230 2636 2.]
1262 2591 1413 2634 Insignis
1435 2594 1486 2622 est
1507 2590 1563 2623 hic

933 2641 1030 2673 locus
1046 2650 1096 2679 eo,
1121 2638 1209 2681 quod
1223 2636 1369 2680 plurima
1384 2635 1565 2677 participis
