1696 2976
475 104 895 141 PROTAGORAS.
915 105 958 141 P.
977 106 1047 141 314
1065 104 1147 141 ST.
1468 99 1526 142 45

106 221 181 266 καὶ
203 218 287 279 γὰρ
313 219 369 279 δὴ
394 221 468 266 καὶ
487 218 600 266 πολὺ
623 223 784 278 μείζων
807 223 1017 273 κίνδυνος
1051 221 1100 265 ἐν
1122 221 1176 279 τῇ
1200 220 1290 264 τῶν
1313 215 1524 276 μαθημα-

105 307 195 334 των
227 286 319 348 ὠνῇ
352 286 378 347 ἢ
413 291 462 334 ἐν
493 290 548 348 τῇ
577 290 667 334 τῶν
698 292 864 334 σιτίων.
925 292 1043 333 σιτία
1076 306 1159 346 μεν
1189 285 1273 346 γὰρ
1307 287 1381 331 καὶ
1413 284 1524 331 ποτὰ

105 355 352 415 πριάμενον
391 356 511 415 παρὰ
550 359 629 402 τοῦ
670 355 872 414 καπήλου
913 358 988 401 καὶ
1029 354 1224 415 ἐμπόρου
1266 356 1435 408 ἔξεστιν
1476 356 1525 399 ἐν

105 422 254 478 ἄλλοις
278 423 470 483 ἀγγείοις
494 423 751 484 ἀποφέρειν,
783 426 858 470 καὶ
882 426 989 483 πρὶν
1014 426 1229 478 δέξασθαι
1254 421 1365 468 αὐτὰ
1390 426 1454 476 εἰς
1476 419 1524 467 τό

106 495 231 551 σῶμα
255 491 412 538 πιόντα
437 491 464 552 ἢ
488 491 708 551 φαγόντα,
740 494 1047 551 καταθέμενον
1070 496 1223 538 οἴκαδε
1248 494 1386 545 ἔξεστι
1410 506 1525 549 συμ-

106 559 456 619 βουλεύσασθαι,
482 563 848 620 παρακαλέσαντα
880 559 958 607 τὸν
986 563 1210 617 ἐπαΐοντα,
1236 558 1259 605 ὅ
1283 578 1324 605 τι
1354 578 1402 604 τε
1428 561 1525 604 ἐδε-

106 631 236 675 στέον
259 626 286 687 ἢ
310 631 468 675 ποτέον
478 631 551 675 καὶ
575 628 600 675 ὅ
615 649 656 674 τι
670 628 745 688 μή,
771 631 845 675 καὶ
867 627 1034 675 ὁπόσον
1057 631 1130 674 καὶ
1153 627 1305 674 ὁπότε·
1339 626 1452 673 ὥστε
1476 629 1526 672 ἐν

105 699 158 756 τῇ
184 695 276 757 ὠνῇ
307 695 360 743 οὐ
383 699 518 757 μέγας
550 697 574 743 ὁ
598 702 819 752 κίνδυνος.
866 696 1106 756 μαθήματα
1139 697 1188 742 δὲ
1215 695 1296 742 οὐκ
1329 700 1451 742 ἔστιν
1475 697 1525 741 ἐν

105 763 226 811 αλλω
250 763 415 827 ἀγγείῳ
446 764 723 824 ἀπενεγκεῖν,
748 764 845 812 ἀλλ’
875 764 1047 824 ἀνάγκη
1079 766 1330 811 καταθέντα
1353 766 1435 823 τὴν
1457 783 1524 809 τι-

105 832 194 892 μὴν
223 831 272 879 τό
310 832 496 893 μαθημα
529 837 578 881 ἐν
609 833 721 894 αὐτῇ
752 837 805 895 τῇ
837 836 959 894 ψυχῇ
990 833 1184 892 λαβόντα
1215 835 1290 879 καὶ
1320 831 1524 892 μαθόντα

104 900 280 948 ἀπιέναι
304 899 332 960 ἢ
355 900 714 962 βεβλαμμένον
687 922 715 961 η
740 901 1039 962 ὠφελημένον.
1082 904 1219 948 ταῦτα
1243 895 1325 948 οὖν
1349 899 1522 948 σκοπώ-

103 978 221 1029 μεθα
245 971 319 1016 καὶ
336 969 444 1029 μετὰ
460 974 551 1017 τῶν
569 969 923 1031 πρεσβυτέρων
900 974 1047 1030 ημῶν·
1072 969 1199 1029 ἡμεῖς
1223 970 1307 1029 γὰρ
1328 975 1390 1016 ἔτι
1415 971 1523 1026 νέοι,

103 1036 214 1085 ὥστε
236 1040 418 1085 τοσοῦτο
441 1042 622 1098 πρᾶγμα
655 1041 895 1086 διελέσθαι.
941 1042 1027 1086 νῦν
1048 1041 1220 1098 μέντοι,
1254 1037 1402 1098 ὥσπερ
1436 1036 1525 1098 ὦρ-

192 1172 234 1207 Ρ.
252 1173 329 1205 314.
355 1167 478 1224 παρὰ
497 1172 574 1205 τοῦ
591 1167 802 1227 καπήλου
818 1171 896 1206 καὶ
915 1167 1147 1224 ἐμπόρου]
1153 1172 1215 1204 Sic
1232 1174 1318 1206 Vat.
1336 1171 1388 1213 Θ;
1407 1172 1524 1204 ceteri

102 1228 206 1272 παρα
230 1228 298 1250 του
328 1213 500 1260 καπήλου
523 1229 558 1250 κ.
584 1212 669 1261 ἐμπ.
689 1218 729 1250 C.
747 1219 810 1250 Fr.
833 1219 1023 1273 Hermann
1044 1213 1147 1261 παρά
1157 1229 1224 1251 του
1243 1198 1432 1270 (καπήλου
1454 1215 1521 1250 καὶ

103 1257 297 1305 ἐμπόρου).
316 1262 453 1305 Saupp.
471 1263 605 1296 deletis
621 1264 744 1296 verbis
761 1262 827 1296 καὶ
845 1258 1012 1307 ἐμπόρου
1028 1264 1178 1307 scripsit
1194 1259 1299 1306 παρὰ
1316 1262 1383 1296 τοῦ
1400 1257 1522 1306 καπή

102 1309 184 1342 λου.
201 1318 237 1341 v.
255 1307 357 1342 Stud.
370 1308 460 1350 phil.
479 1319 514 1350 p
532 1309 724 1342 842—844.

192 1345 218 1396 ἢ
233 1350 425 1406 ποτέον]
453 1354 514 1386 Sic
538 1354 626 1386 libri
649 1354 820 1387 meliores
843 1366 907 1398 pro
931 1354 998 1389 καὶ
1021 1358 1172 1390 ποτέον.
1205 1355 1348 1388 Deinde
1371 1355 1453 1388 Ald.
1485 1357 1522 1386 et

102 1399 279 1441 Stephan.
298 1393 433 1432 ὁπόσα.
461 1398 534 1432 Sed
550 1399 652 1433 codd.
673 1400 843 1434 meliores
861 1411 985 1434 omnes
1003 1396 1155 1435 ὁπόσον.

101 1513 246 1545 aleam
287 1512 374 1545 des.
436 1513 676 1546 Proverbiale
722 1513 776 1546 lo-

100 1557 234 1600 quendi
250 1568 376 1600 genus,
396 1568 466 1600 quo
483 1569 571 1590 usus
589 1562 646 1591 est
662 1560 775 1591 etiam

99 1603 262 1636 Iulian.
311 1602 413 1635 Orat.
445 1604 505 1636 VI.
536 1615 571 1646 p.
610 1606 686 1637 190.
716 1605 773 1638 ed.

100 1648 148 1690 Sp
153 1648 295 1680 anhem.
336 1649 381 1680 V.
406 1648 567 1681 Suidas
596 1659 624 1683 s.
648 1660 683 1682 v.
707 1661 774 1682 κυ-

99 1659 247 1736 βεύειν,
294 1688 410 1736 κύβος
456 1698 492 1726 et
538 1689 772 1748 ἐκκυβεύειν.

99 1739 216 1790 Gorg.
228 1749 261 1780 p.
280 1740 358 1771 513.
376 1739 427 1785 A..
450 1735 521 1772 σὺν
538 1742 617 1778 τοῖς
637 1736 774 1781 φιλτα-

99 1793 178 1822 τοις
194 1778 218 1826 ἡ
237 1781 381 1826 αἵρεσις
398 1779 506 1827 ἡμῶν
523 1779 636 1827 ἐστιν,
658 1786 722 1818 ubi
738 1797 773 1819 v.

100 1839 184 1863 ann
202 1827 322 1863 S.tallb

143 1875 185 1909 P.
204 1875 282 1908 314.
307 1883 430 1925 παρα
454 1874 533 1907 τοῦ
563 1869 774 1918 καπήλου

98 1917 175 1952 καὶ
202 1913 419 1971 ἐμπόρου]
440 1920 558 1952 Paulo
576 1924 663 1952 ante
662 1887 775 1953 ⁷²dixit

99 1959 261 2018 ἕμπορός
287 1975 345 2003 τις
372 1956 399 2008 ἢ
427 1959 610 2016 καπηλος,
642 1965 772 1999 deinde

98 2005 118 2043 ὃ
137 2005 299 2052 ἔμπορός
316 2019 356 2043 τε
373 2007 439 2043 καὶ
455 2005 626 2062 κάπηλος
644 2015 680 2043 et
697 2022 772 2044 πω-

98 2054 253 2093 λοῦντες
268 2052 335 2088 καὶ
350 2051 643 2099 καπηλεύοντες.
666 2057 770 2089 Nunc

96 2100 258 2133 ordinem
274 2101 465 2133 verborum
480 2103 648 2143 mutavit,
674 2102 771 2144 quod

99 2145 288 2178 esculenta
305 2148 341 2179 et
356 2147 549 2189 potulenta
562 2158 584 2180 a
605 2158 769 2190 caupone

97 2191 309 2234 plerumque
327 2192 554 2234 emebantur,
578 2203 688 2235 supra
706 2204 770 2225 au-

98 2240 173 2268 tem
189 2240 370 2269 mercator
386 2238 506 2279 priore
530 2238 611 2271 loco
628 2241 770 2281 positus

99 2285 172 2317 est.
206 2281 301 2323 quod
332 2282 556 2324 Protagoras
592 2294 664 2316 non
698 2284 772 2316 nisi

100 2337 179 2359 cum
192 2337 235 2359 eo
254 2329 458 2368 comparari
474 2329 600 2370 potuit.
626 2330 772 2362 Etenim

96 2372 216 2412 Plato,
221 2375 261 2404 ut
268 2373 453 2404 sententia
461 2377 545 2415 apte
556 2375 774 2417 exprimere·

97 2420 157 2449 tur
165 2420 202 2449 et
217 2427 408 2450 numerose
425 2421 628 2452 strueretur
643 2421 771 2459 oratio,

98 2462 184 2495 aliis
197 2462 286 2495 loeis
302 2463 412 2495 aliter
429 2464 543 2496 verba
557 2464 772 2518 collocavit;

97 2518 131 2551 p.
140 2501 460 2550 309Asoripsitm9
476 2503 513 2551 γ’
523 2503 565 2542 ἐν
580 2503 714 2561 αὐτοῖς
730 2505 771 2554 ἡ-

97 2550 239 2606 μῖνείρ.
255 2553 399 2596 deLeg
410 2549 771 2607 923Απρόςγεῦμᾷς

97 2608 249 2637 αυτους.
267 2609 302 2652 p.
319 2598 424 2631 310A
455 2602 492 2631 et
508 2601 574 2632 362
587 2600 616 2632 A
655 2596 772 2634 εἰπὼν

96 2641 163 2676 καὶ
184 2638 363 2682 ἀκούσας.
389 2643 511 2696 Symp.
530 2647 595 2677 219
611 2646 641 2677 A
655 2641 771 2679 οἱκού-

98 2697 167 2726 σας
188 2699 228 2721 τε
250 2687 315 2722 καὶ
340 2684 467 2723 εἰπών.
502 2701 536 2732 p.
559 2692 624 2723 317
646 2692 676 2723 Β
699 2687 771 2725 σὺν

97 2732 179 2776 θεῷ
209 2731 342 2784 εἰπεῖν,
368 2735 411 2766 de
429 2736 458 2767 Ι
464 2746 519 2776 eg.
539 2747 571 2777 p.
589 2737 655 2768 858
674 2738 700 2768 B
720 2734 771 2770 εἰ-

96 2781 184 2811 πεῖν
200 2773 273 2812 cim
283 2779 378 2824 θεῷ.
396 2791 430 2822 p.
447 2783 513 2812 339
529 2781 557 2812 Β
572 2773 614 2814 εὖ
617 2779 771 2832 λέγεις,

98 2823 141 2855 de
159 2824 250 2866 Leg.
266 2835 301 2867 p.
317 2815 383 2857 'Ibo
403 2826 433 2858 A
451 2823 572 2868 λέγεις
590 2817 643 2859 εὖ.
658 2837 693 2869 p.
707 2829 773 2861 325

844 1515 874 1546 A
891 1512 957 1548 καὶ
974 1514 1099 1548 παῖδα
1117 1513 1184 1548 καὶ
1207 1508 1333 1558 ἄνδρα
1362 1513 1429 1548 καὶ
1453 1527 1519 1568 γυ-

845 1562 979 1602 ναῖκα,
1005 1561 1048 1593 de
1072 1571 1149 1603 rep.
1173 1571 1210 1603 p.
1226 1562 1291 1594 471
1310 1561 1338 1592 Β
1362 1559 1429 1593 καὶ
1453 1555 1521 1594 ἅν-

844 1604 938 1648 δρας
954 1604 1022 1639 καὶ
1038 1608 1225 1650 γυναῖκας
1242 1604 1308 1639 καὶ
1325 1605 1483 1646 παῖδας.

887 1675 929 1706 Β.
962 1671 1040 1707 καὶ
1081 1669 1319 1718 μαθόντα]
1363 1675 1431 1707 int.
1477 1670 1518 1708 τὸ

842 1714 1022 1775 μαθημα,
1057 1724 1185 1761 estque
1208 1720 1305 1752 idem
1323 1719 1400 1753 fere
1425 1721 1522 1776 quod

843 1761 1022 1843 {tw
1005 1765 1234 1863 &js-{22:2¹3
1252 1766 1440 1863 Ρὲὲᾧὲῗ
1449 1762 1522 1844 ἓξὲξ

842 1850 1070 1888 αποτελοῦσι
1101 1866 1169 1889 τον
1199 1851 1443 1899 λαμβάνοντα
1479 1867 1519 1890 τε

843 1895 964 1939 αυτὰς
981 1899 1046 1933 καὶ
1067 1897 1214 1944 ἔχοντα.
1251 1902 1321 1934 His
1338 1902 1436 1934 haud
1454 1903 1519 1935 ab·

842 1946 961 1978 simile
986 1950 1054 1988 est,
1077 1946 1172 1987 quod
1189 1947 1349 1980 habetur
1364 1948 1408 1980 de
1426 1948 1518 1991 Leg.

868 1993 960 2027 717
973 1992 1021 2024 B:
1019 1991 1198 2043 νομιζει,
1216 2003 1241 2025 α
1258 1990 1437 2037 κέκτηται
1452 1992 1518 2027 καὶ

842 2034 938 2089 ἔχει,
973 2031 1100 2071 πάντα
1142 2040 1242 2071 εἰναι
1275 2038 1351 2072 τῶν
1384 2050 1519 2083 γεννη-

834 2079 996 2116 σάντων.

885 2135 952 2173 ἔτι
970 2137 1076 2182 νέοι,
1095 2149 1206 2173 ωστε
1225 2142 1406 2174 τοσοῦτ.
1425 2140 1513 2185 πρ.]

838 2185 934 2217 haec
951 2189 1054 2219 recte
1071 2186 1387 2219 iamHeindorfius
1406 2189 1516 2220 inter-

839 2233 1009 2273 pretatus
1038 2234 1113 2264 est:
1146 2231 1252 2264 nobis
1285 2233 1432 2264 nonnisi
1462 2233 1517 2265 iu-

840 2276 972 2308 venilis
991 2277 1173 2318 quaedam
1196 2277 1360 2310 facultas
1385 2287 1518 2321 suppe-

840 2322 886 2353 tit
903 2321 949 2353 ad
966 2324 1109 2353 tantam
1126 2332 1201 2354 rem
1218 2322 1466 2356 iudicandam.
1483 2335 1517 2358 v.

839 2366 954 2409 Kriig.
969 2369 1026 2408 49,
1054 2369 1085 2399 1.

886 2422 1007 2456 ταῦτα
1048 2414 1118 2456 οὖν
1148 2419 1399 2469 σκοπώμεθα]
1427 2425 1515 2458 Sen-

840 2469 958 2500 tentia
982 2469 1076 2500 haec
1101 2472 1174 2501 est:
1220 2469 1363 2502 Ultrum
1392 2471 1515 2513 sophi-

840 2517 979 2545 starum
989 2513 1187 2556 disciplina
1197 2516 1319 2548 animo
1333 2517 1516 2548 conducat

839 2569 969 2598 necne,
1012 2569 1120 2601 quum
1143 2560 1214 2602 ipsi
1253 2571 1319 2603 per
1351 2564 1514 2593 aetatem

837 2603 1042 2636 diiudicare
1061 2615 1132 2637 non
1150 2606 1340 2647 possimus,
1358 2606 1403 2638 de
1422 2617 1514 2638 eare

839 2653 914 2680 tum
940 2648 1031 2681 alios
1055 2650 1160 2682 nobis
1183 2654 1273 2682 natu
1301 2652 1458 2684 maiores
1478 2654 1514 2683 et

837 2694 1082 2735 sapientiores
1113 2696 1151 2728 in
1188 2695 1377 2728 eonsilium
1410 2696 1514 2728 adhi-

842 2740 1009 2781 beamus,
1039 2740 1102 2772 ubi
1125 2742 1171 2773 ab
1190 2742 1269 2783 ipso
1293 2741 1512 2784 Protagora,

842 2795 948 2826 quam
973 2795 1047 2817 rem
1067 2795 1106 2817 se
1122 2785 1268 2818 tradere
1285 2786 1511 2829 profiteatur,

842 2830 1100 2870 audiverimus,
1117 2841 1151 2863 v.
1170 2842 1204 2873 p.
1222 2832 1290 2863 318
1304 2832 1347 2864 A.
