1690 2892
211 221 259 258 27
266 223 288 257 8
764 217 1023 257 PLATONIS

211 327 385 379 φεύγειν
424 326 493 367 καὶ
534 326 725 375 διώκειν,
766 324 837 366 καὶ
872 322 1141 378 ὑπομένοντα
1177 327 1396 377 καρτερεῖν
1433 323 1545 366 ὅπου

145 390 181 435 G
211 391 278 432 δεῖ
285 405 292 412 ·
329 388 429 438 ὥςτε
467 389 599 443 πολλὴ
637 389 822 442 ἀνάγκη,
862 382 896 429 ὦ
927 389 1183 438 Καλλίκλεις,
1222 389 1298 430 τὸν
1324 384 1541 442 σώφρονα,

211 453 345 505 ὥςπερ
382 454 633 507 διήλθομεν,
671 453 835 495 δίκαιον
871 455 974 494 ὄντα
1001 452 1072 494 καὶ
1099 453 1297 506 ἀνδρεῖον
1324 451 1395 495 καὶ
1422 449 1543 494 ὅσιον

211 518 379 571 ἀγαθὸν
416 518 551 570 ἄνδρα
587 514 696 559 εἶναι
731 515 903 566 τελέως,
942 515 1018 559 τὸν
1054 516 1099 558 δὲ
1135 517 1303 571 ἀγαθὸν
1328 512 1375 558 εὖ
1402 530 1445 558 τε
1472 515 1543 559 καὶ

211 584 348 630 καλῶς
394 582 591 635 πράττειν
638 583 665 623 ἃ
702 581 756 623 ἂν
794 583 976 635 πράττῃ,
1022 581 1100 623 τὸν
1137 578 1177 622 δ’
1220 577 1266 622 εὖ
1305 581 1542 634 πράττοντα

210 647 419 700 μακάριόν
467 659 510 686 τε
559 645 630 687 καὶ
677 646 908 697 εὐδαίμονα
956 641 1085 695 εἶναι,
1136 645 1212 686 τὸν
1260 644 1305 687 δὲ
1353 645 1545 700 πονηρὸν

210 709 280 752 καὶ
307 712 447 758 κακῶς
483 711 720 762 πράττοντα
761 713 928 752 ἄθλιον.
965 704 1090 759 οὗτος
1125 707 1169 751 δ’
1199 710 1253 751 ἂν
1281 710 1344 762 εἴη
1373 710 1397 752 ὁ
1426 710 1543 752 ἐναν-

211 775 308 822 τίως
346 772 451 828 ἔχων
488 777 546 831 τῷ
585 769 800 827 σώφρονι,
842 775 866 816 ὁ
903 774 1152 823 ἀκόλαστος,
1192 770 1245 816 ὃν
1282 774 1336 816 σὺ
1364 773 1540 829 ἐπῄνεις.

214 839 318 896 Cap.
349 839 515 882 LXIII.
570 835 688 891 Ἐγὼ
728 839 804 893 μὲν
843 835 922 880 οὖν
961 842 1095 880 ταῦτα
1133 838 1246 880 οὕτω
1283 839 1450 892 τίθεμαι
1476 839 1548 879 καί

214 919 323 958 φημι
359 910 490 945 ταῦτα
528 905 668 959 ἀληθῆ
706 901 826 946 εἶναι.
867 905 903 946 εἰ
930 904 974 946 δὲ
1003 902 1115 946 ἔστιν
1141 905 1305 958 ἀληθῆ,
1341 905 1418 946 τὸν
1445 905 1545 958 βου-

140 972 181 1014 D
211 969 416 1022 λόμενον,
456 969 512 1018 ὡς
549 967 707 1019 ἔοικεν,
746 969 975 1023 εὐδαίμονα
1015 964 1125 1010 εἶναι
1159 970 1444 1022 σωφροσύνην
1470 967 1547 1023 μὲν

213 1031 414 1074 διωκτέον
451 1034 520 1074 καὶ
549 1034 777 1088 ἀσκητέον,
815 1034 1048 1075 ἀκολασίαν
1075 1033 1120 1075 δὲ
1146 1031 1356 1087 φευκτέον
1382 1032 1439 1081 ὥς
1467 1031 1546 1087 ἔχει

213 1098 358 1138 ποδῶν
395 1097 566 1146 ἕκαστος
593 1098 737 1151 ἡμῶν,
776 1097 847 1139 καὶ
871 1098 1238 1149 παρασκευαστέον
1264 1098 1442 1151 μάλιστα
1469 1097 1547 1151 μὲν

282 1228 319 1260 C.
366 1226 574 1269 πράττειν
603 1227 625 1261 ἃ
654 1227 708 1261 ἂν
737 1227 920 1272 πράττῃ]
959 1229 1101 1262 Soloece
1130 1229 1225 1272 vulg.
1256 1226 1405 1271 πράττοι.
1458 1229 1549 1262 Con·

215 1273 405 1305 iunctivum
436 1277 573 1305 tuentur
603 1273 699 1306 codd.
732 1285 848 1307 omncs
878 1277 1013 1316 praeter
1035 1274 1112 1306 Par.
1136 1274 1177 1307 E.
1207 1274 1300 1307 Flor.
1322 1284 1350 1307 s.
1395 1274 1549 1307 Eundem

214 1318 316 1350 ctiam
340 1317 459 1349 Iambl.
483 1317 595 1351 habet.

281 1361 406 1394 ταῦτα
436 1360 546 1394 οὕτω
578 1362 772 1406 τίθεμαι]
814 1361 976 1395 V.01'51w
1010 1362 1111 1395 ταῦτα
1150 1362 1409 1396 adversantibus
1450 1363 1549 1396 libris

217 1407 354 1449 optimis
379 1410 412 1438 et
434 1406 600 1449 plurimis.

280 1452 322 1484 D.
370 1449 391 1494 ἦ
423 1450 601 1504 ιδιαίτης
632 1449 653 1495 ἢ
683 1449 821 1495 πόλις]
855 1450 1160 1495 Bas.2.7to).1'.tns

215 1496 302 1527 coni.
326 1494 501 1530 πολιτικός.

260 1606 298 1638 O.
354 1605 425 1638 τὸν
457 1604 484 1638 δ’
523 1602 571 1639 εὖ
592 1605 849 1662 πράττοντα

215 1670 258 1674 -
282 1648 500 1689 εὖδαίμοι
510 1663 530 1683 α
559 1663 598 1683 ει
592 1647 700 1694 ναι]
736 1652 848 1692 Quum

214 1695 360 1727 formula.
390 1692 431 1727 εὖ
462 1695 517 1728 καὶ
549 1697 657 1730 καλως
691 1694 851 1738 πράττειν

215 1740 386 1782 duplicem
408 1741 532 1773 habeat
554 1741 849 1784 significationem,

215 1786 309 1817 utsit
321 1785 375 1817 vel
392 1789 511 1818 recte
535 1789 574 1818 et
594 1785 701 1818 bene
722 1795 849 1829 egere

216 1829 271 1861 vel
302 1839 511 1872 prospera
544 1830 610 1862 uti
647 1830 850 1872 fortuna,

215 1885 258 1906 cx
288 1874 352 1906 hac
382 1874 605 1917 ambiguitate
635 1875 770 1908 ducitur
799 1885 850 1907 ar-

215 1920 442 1961 gumentatio:
475 1919 566 1961 quod
594 1919 731 1962 quidem
760 1920 851 1962 apud

218 1963 393 1996 Platonem
426 1963 510 1996 alibi
540 1974 675 2006 quoque
705 1965 754 1996 ita
777 1964 851 1997 fieri

215 2007 482 2040 demonstratum
518 2013 570 2041 eet
604 2008 647 2041 ad
678 2008 849 2044 Charmid.

216 2063 247 2094 p.
263 2051 339 2085 172.
355 2053 395 2084 A.
420 2054 522 2086 Recte
539 2063 619 2086 vero
635 2053 850 2086 Schleier·

217 2107 248 2128 m
260 2097 445 2130 acherus
483 2097 571 2130 vidit
599 2098 778 2131 Platonem
809 2109 851 2131 ea

216 2141 252 2173 in
282 2152 318 2174 re
348 2153 417 2175 non
444 2141 597 2175 fraudem
620 2146 654 2175 et
675 2142 850 2175 fallaciam

217 2196 290 2218 cese
326 2190 506 2229 sequutum
517 2211 526 2227 ‚
568 2186 628 2219 sed
663 2187 699 2219 id
735 2188 849 2230 potius

216 2231 344 2272 egisse,
382 2236 422 2265 ut
449 2242 550 2264 usum
579 2231 743 2274 loquendi
777 2241 848 2264 cor·

217 2276 341 2317 rigeret
381 2281 416 2309 et
449 2276 485 2309 in
523 2286 593 2309 rem
634 2286 731 2309 suam
769 2286 848 2310 con-

201 2323 371 2357 ‚verteret.
395 2322 528 2364 Quippe
546 2324 762 2364 persuaserat
783 2322 850 2354 sibi

215 2363 439 2406 philosophus
477 2376 554 2398 eum
585 2365 721 2399 demum
751 2365 849 2399 beate

215 2409 348 2449 vivere,
394 2410 453 2451 qui
498 2411 584 2442 bene
629 2414 663 2443 et
707 2410 850 2443 honeste

216 2456 341 2496 ageret.
402 2454 590 2497 Utrumque
635 2455 739 2497 igitur
782 2454 849 2499 ipsi

216 2497 306 2530 idem
331 2501 393 2530 est.

262 2542 495 2584 Cap.LXI11.
543 2540 643 2585 Ἐγὼ
666 2543 742 2583 μὲν
765 2538 850 2576 ουν

218 2590 291 2619 ται
302 2598 345 2618 τα
372 2605 414 2610 -
450 2588 628 2626 τίθεμαι
652 2606 696 2612 ——
720 2591 850 2622 ταῦτα

218 2628 292 2674 ἄλη
302 2632 357 2673 θῆ
395 2643 432 2663 ει
427 2627 530 2675 ’ναι]
577 2633 768 2666 Pronomen
805 2634 850 2666 εἰ·

217 2676 342 2708 militer
365 2676 543 2718 repetitum
567 2677 759 2730 Xenoph.
783 2677 850 2732 Cy-

216 2731 286 2763 rop.
312 2719 559 2762 V111,3‚48:
600 2720 729 2754 τούτων
759 2717 852 2755 οὔτοί

1206 1452 1324 1495 Inepte
1354 1451 1548 1486 Findeisen.

919 1604 1102 1649 ῥηθέντων
1129 1610 1256 1639 ταῦτα
1277 1607 1469 1640 συνέθεντο
1494 1608 1549 1640 καὶ

921 1655 1046 1684 ταῦτα
1077 1650 1232 1683 ἐποιόυι.
1271 1651 1382 1685 Plat.
1411 1653 1549 1685 Menon.

915 1694 1026 1773 815Ξῖ
1047 1693 1236 1795 πιτζιριῖξτιιτὰι,
1257 1708 1399 1781 2222?ss
1413 1694 1551 1774 σᾶὐδιέαιζς

917 1783 961 1817 τὰ
985 1782 1113 1839 ἀρετὴν
1135 1787 1256 1820 καλεῖς.

962 1827 1035 1862 τὸν
1059 1829 1340 1872 βουλόμενον
1359 1848 1403 1855 -
1423 1827 1550 1872 ἄσκη-

919 1873 1030 1918 τέον]
1068 1875 1127 1915 ei,
1160 1875 1234 1917 qui
1268 1874 1421 1908 beatus
1455 1886 1550 1908 esee

917 1919 1046 1960 velit,
1085 1920 1421 1962 temperantiam
1455 1930 1550 1953 esee

918 1962 1144 1996 colendam
1178 1967 1221 1997 et
1255 1964 1550 1997 exercendam.

918 2008 1078 2041 Verbalis
1121 2018 1198 2040 cum
1237 2009 1433 2042 accusativo
1472 2019 1551 2042 con·

918 2056 1057 2085 structe.
1074 2062 1107 2084 v.
1129 2052 1172 2085 ad
1188 2052 1317 2086 Criton.
1329 2063 1362 2096 p.
1378 2052 1432 2088 49.
1449 2053 1490 2087 A.
1506 2071 1550 2078 —

918 2095 972 2132 ὥς
1002 2097 1086 2139 ἔχει
1117 2096 1279 2136 ποδῶν,
1311 2097 1346 2130 h.
1372 2107 1403 2131 e.
1427 2108 1550 2140 quam

917 2142 1100 2174 maxime
1123 2146 1275 2183 potest.
1321 2142 1375 2174 De
1398 2147 1551 2176 constru-

916 2187 1029 2220 ctione
1051 2196 1084 2218 v.
1107 2186 1257 2219 Matth.
1282 2187 1312 2226 ἓ.
1332 2184 1409 2220 337.

959 2231 1001 2263 D.
1026 2231 1091 2263 nal
1114 2229 1448 2274 napaoxevaot.]
1468 2231 1550 2264 Ver·

915 2275 1008 2308 belin.
1023 2276 1060 2308 in
1081 2277 1160 2309 ’τ’ἓόἰὶ
1181 2276 1362 2309 terminata
1384 2286 1454 2309 non
1477 2280 1551 2308 tan—

915 2324 987 2352 tum
1010 2331 1032 2353 a
1051 2320 1166 2354 verbis
1189 2320 1331 2359 activis,
1359 2320 1419 2353 ned
1448 2321 1550 2353 etiam

915 2376 937 2398 a
966 2365 1080 2398 verbis
1110 2364 1232 2398 mediis
1255 2364 1401 2398 derivari
1424 2365 1550 2398 Hein-

916 2409 1091 2442 dorfius
1114 2409 1360 2443 demonstravit
1379 2408 1424 2442 ad
1442 2409 1552 2442 Phae·

915 2454 994 2486 don.
1024 2463 1058 2496 p.
1080 2452 1136 2488 46.
1180 2455 1234 2487 De
1268 2463 1336 2496 quo
1368 2463 1434 2486 unu
1467 2453 1550 2495 quid

916 2498 1131 2531 statuendum
1171 2499 1232 2539 sit,
1275 2498 1410 2542 egregie
1448 2507 1551 2540 expo-

916 2544 986 2576 suit
1016 2543 1289 2576 Hermannuu
1319 2542 1363 2575 ed
1389 2542 1550 2585 Sophocl.

916 2587 1000 2621 Oed.
1030 2588 1112 2630 Tyr.
1141 2598 1174 2621 v-
1202 2586 1281 2622 628.
1322 2587 1411 2620 conf.
1447 2587 1551 2620 etiam

917 2633 1165 2666 Buttmann.
1198 2633 1255 2667 Gr.
1278 2630 1433 2674 amplior.
1457 2632 1498 2666 T.
1523 2633 1550 2665 1.

916 2688 948 2721 p.
971 2675 1047 2710 460.

961 2719 1086 2757 ἄλλος
1111 2732 1173 2756 τις
1198 2723 1279 2753 τῶν
1302 2719 1505 2757 οἰκείων,
1530 2718 1552 2763 ἢ
