1690 2912
267 198 317 235 74
596 197 811 237 PROLEG.
841 199 913 236 AD
941 198 1090 238 Gom.
1119 200 1265 238 PLAT.

264 322 282 346 s
295 309 427 357 chig,
456 308 678 359 Exploratio
704 310 1075 358 argumentationum
1095 310 1369 349 Socraticamm
1397 311 1437 349 in
1456 311 1597 360 Gorgia

264 369 303 402 et
341 365 498 403 Philebo
536 365 633 403 Plat.
663 364 908 404 Traieot.1ad
937 366 1058 403 Rhen.
1094 369 1208 404 1859.
1240 370 1275 403 8.
1314 369 1364 404 28
1402 379 1511 416 pagg.
1540 388 1595 394 —

264 421 422 458 Herm.
464 420 706 466 Schmidt,
744 420 987 459 Difficiliorcs
1025 421 1171 472 aliquot
1211 421 1280 459 loci
1320 422 1482 470 Gorgiae
1510 422 1594 459 Pla-

263 475 378 513 tonici
417 475 608 525 explicati.
648 476 900 525 Wittcnbcrg.
945 479 1059 514 1860.
1100 481 1136 514 4.
1180 480 1226 514 12
1256 490 1387 527 pagg„
1424 477 1488 515 ubi
1518 483 1594 515 tra-

263 535 417 569 etantur
444 531 514 568 loci
553 544 588 580 p.
620 534 711 569 453.
741 533 780 570 C.
822 535 912 570 455.
943 534 990 570 A.
1030 535 1122 570 460.
1152 534 1191 570 C.
1232 536 1323 570 461.
1354 533 1396 570 B.
1426 534 1471 570 D.
1502 536 1592 571 465.

261 587 303 624 B.
334 587 373 624 C.
406 590 497 624 466.
525 587 564 624 C.
596 588 686 625 467.
717 589 764 625 A.
802 589 894 625 470.
924 590 970 625 A.
1000 588 1043 625 Β.
1077 590 1167 626 473.
1198 590 1244 625 Λ.
1274 588 1320 625 D.
1350 588 1394 625 Ε.
1426 591 1517 626 475.
1549 589 1591 626 E.

263 643 700 692 —Supplementa
737 642 921 681 critica
952 644 1008 681 ab
1038 644 1414 681 1ul.1)euschle
1452 644 1595 682 inserta

262 698 382 736 Novis
421 698 557 736 Annal.
596 697 733 737 Philol.
763 703 803 737 ct
840 699 1000 749 Paedag.
1032 699 1115 737 Vol.
1145 699 1335 737 LXXXI.
1365 700 1471 737 Fasc.
1503 700 1592 737 VII.

261 766 298 803 p.
329 757 408 792 436
439 767 542 806 seqq.

693 968 732 1017 C
763 971 807 1018 O
836 969 879 1016 D
910 970 933 1017 Ι
965 969 1004 1018 C
1035 970 1076 1018 E
1108 969 1156 1018 S.

258 1061 561 1099 Olarkianus
590 1075 618 1099 s.
647 1062 953 1100 Bodleianus
988 1065 1018 1099 1.
1049 1075 1071 1098 a
1100 1062 1312 1099 Gaisfordio
1342 1062 1511 1100 collatus.

258 1116 571 1155 Bodleianus
602 1121 636 1155 2.
667 1131 690 1155 a
717 1118 884 1156 Routhio
913 1118 1116 1168 inspectus.

258 1172 539 1212 Vaticanus
569 1176 660 1211 225.
691 1188 719 1212 s.
749 1172 801 1213 A.

259 1228 611 1267 coislinianus
640 1229 687 1268 Γ.

258 1284 484 1323 Venetus
513 1279 556 1326 Ξ
579 1299 607 1322 S.
643 1288 729 1323 184.

258 1340 482 1378 Venetus
512 1340 550 1378 Σ
574 1354 603 1378 s.
638 1344 725 1379 189.

257 1395 666 1434 Vindobonensis
703 1397 743 1443 Y,
773 1397 880 1434 nobis
910 1397 1070 1435 vindob.
1102 1402 1138 1435 2.

256 1450 666 1490 Vindobonensis
701 1452 751 1498 (D,
781 1453 889 1490 nobis
918 1452 1078 1490 vindob.
1111 1457 1146 1490 6.

256 1507 484 1544 Parisini
512 1508 543 1545 B
563 1508 591 1545 C
610 1508 641 1545 Ε
661 1508 692 1545 F
711 1509 732 1545 I
755 1509 788 1546 V
808 1509 869 1546 W.

255 1562 535 1601 Vaticanus
565 1566 628 1601 61.
659 1563 753 1612 sign.
785 1575 832 1603 m.
863 1565 910 1601 ab
938 1563 1048 1601 initio
1077 1567 1227 1601 tantum
1256 1563 1425 1601 collatus.

339 1618 421 1656 Hos
460 1619 763 1670 quattuordecim
811 1619 956 1657 codices
994 1618 1156 1656 contulit
1200 1619 1278 1655 Im.
1316 1619 1588 1665 Bekkerus,

255 1686 370 1725 quem
398 1673 485 1713 vide
515 1675 766 1714 commentar.
797 1674 888 1713 crit.
918 1675 960 1712 Τ.
990 1675 1022 1712 Ι.
1051 1688 1087 1724 p.
1118 1674 1218 1712 vm
1246 1687 1349 1724 seqq.

455 1747 658 1785 Praeterea
684 1760 753 1784 nos
782 1746 1069 1796 usurpavimus:

255 1819 677 1858 Vindobonenses
718 1823 749 1857 1.
781 1823 816 1857 2.
848 1823 883 1857 6.
916 1821 971 1866 7.,
1010 1820 1056 1857 de
1094 1819 1232 1870 quibus
1262 1832 1298 1855 v.
1329 1819 1436 1855 Van.
1466 1819 1586 1856 Lectt.

340 1875 517 1914 editionis
546 1875 755 1926 Lipsiensis
783 1875 826 1913 T.
849 1876 899 1914 X.
929 1888 965 1926 p.
992 1875 1056 1912 ΙΙΙ
1085 1887 1188 1926 seqq.
1224 1874 1286 1911 Ex
1314 1874 1374 1911 his
1402 1873 1468 1924 qui
1497 1880 1588 1912 sunt

338 1931 506 1969 numeris
536 1935 572 1969 2.
603 1936 642 1970 et
671 1935 706 1969 6.
736 1931 877 1978 notati,
908 1930 1021 1969 iidem
1051 1935 1159 1977 sunt,
1201 1943 1295 1981 quos
1324 1930 1520 1968 Bckkerus
1554 1930 1590 1967 Y

339 1990 378 2025 et
412 1986 452 2023 Φ
480 1987 656 2036 signavit.

254 2041 582 2080 Florentinos
610 2055 747 2080 novem
777 2056 808 2080 a.
840 2043 875 2079 b.
906 2054 935 2079 c.
965 2042 1000 2079 d.
1029 2042 1054 2079 f.
1083 2054 1131 2078 m.
1162 2054 1194 2078 0.
1224 2053 1253 2077 s.
1283 2053 1342 2086 x.‚
1372 2040 1418 2078 de
1447 2040 1586 2091 quibus

339 2111 374 2136 v.
405 2097 494 2135 ibid.
523 2111 558 2147 p.
588 2098 644 2135 VI
672 2111 749 2148 scq.

255 2152 621 2192 Findeiscnius
660 2152 834 2190 adhibuit
871 2154 1237 2200 Augustanum,
1276 2150 1437 2188 eundem
1465 2149 1585 2196 illum,

337 2209 384 2248 de
413 2222 488 2260 quo
507 2210 554 2248 ad
574 2209 815 2247 Phaedonem
835 2207 1013 2253 diximus,
1043 2211 1081 2245 ct
1111 2205 1585 2244 Meermannianum.

338 2282 476 2333 Itaque
505 2281 642 2331 viginti
662 2293 800 2319 novem
819 2280 963 2318 codices
983 2278 1230 2327 manuscripti
1261 2278 1308 2315 ad
1328 2279 1429 2316 hunc
1447 2277 1586 2315 librum

256 2337 405 2376 excussi
435 2341 535 2376 sunt.
603 2337 804 2374 Praeterea
831 2335 1011 2374 lectiones
1039 2348 1088 2372 ex
1117 2334 1196 2371 cod.
1227 2333 1465 2371 Palatino
1493 2346 1585 2384 quo-

255 2394 342 2432 dam
371 2397 569 2443 excerptas
597 2392 702 2430 dedit
728 2392 1005 2430 Creuzorus
1033 2389 1224 2428 Meletem.
1245 2389 1351 2427 Fuso.
1380 2390 1412 2426 Ι.
1438 2402 1473 2438 p.
1510 2391 1584 2426 100

255 2463 333 2500 seq.
363 2455 402 2487 ct
431 2463 451 2487 c
480 2448 576 2486 libro
604 2447 963 2486 Darmstadino
993 2446 1040 2483 ad
1079 2445 1218 2483 calcem
1247 2444 1387 2482 Plotini
1415 2444 1474 2481 De
1502 2444 1585 2492 pul·

256 2505 418 2543 chritud.
457 2517 492 2554 p.
524 2506 602 2542 796
632 2516 749 2555 seqq„
790 2502 836 2541 de
875 2502 1013 2554 quibus
1042 2501 1118 2539 vid.
1148 2501 1398 2539 commentar.
1437 2505 1585 2537 nostros

256 2560 405 2600 criticos
434 2559 475 2598 T.
505 2560 601 2598 XII.
631 2560 654 2597 l.
685 2572 714 2597 c.

723 2708 1118 2721 mmmmaev-aeaes
