1696 2976
172 157 228 200 22
699 159 1037 199 PRAEFATIO

173 270 245 324 (01.
267 274 361 319 102,
381 275 407 315 2
427 273 506 312 sive
525 283 559 311 a.
581 270 676 325 372)
703 270 852 323 legatus
871 271 1049 324 Spartam
1076 272 1217 313 missus
1244 270 1379 326 est³¹);
1405 285 1479 315 nec
1505 280 1562 315 ta·

170 339 262 369 men
295 333 378 368 tum
412 329 540 368 minus
579 328 714 379 viginti
749 339 871 368 annos
908 327 1066 378 habuit..
1136 328 1233 368 Nam
1267 329 1400 370 eadem
1440 335 1564 371 matre

170 389 283 425 natus
303 388 418 437 atque
437 383 681 436 Xanthippus
701 389 739 424 et
757 383 927 430 Paralus‚
948 382 1108 425 Periclis
1127 383 1207 431 filii,
1228 389 1352 425 aetate
1371 397 1438 426 eos
1457 391 1563 427 ante-

171 441 287 481 cessit
296 438 364 492 ³²);
396 444 547 479 constat
572 444 701 480 autem
727 439 989 493 Xanthippum
1026 441 1064 479 in
1092 441 1381 482 matrimonium
1410 441 1564 483 duxisse

170 495 286 536 filiam
306 494 511 547 lsandri33)
525 526 536 541 ‚
569 502 612 536 ut
632 496 732 548 ipse,
761 508 878 548 quum
901 496 958 536 Ol.
982 499 1047 542 87,
1070 500 1095 540 2
1115 496 1331 548 pestilentia
1363 509 1564 538 consume·

168 557 298 598 retur,
327 551 563 602 undeviginti
589 551 724 592 saltem
745 564 866 592 annos
887 552 1138 604 complevisse
1157 552 1350 604 putandus
1368 554 1428 594 sit.
1458 553 1566 594 Adde

170 608 272 659 quod
305 620 351 647 ex
385 607 602 659 Hipponion
633 607 772 648 Calliae
806 613 949 654 mater,
984 609 1211 660 priusquam
1245 608 1384 649 Pericli
1422 610 1564 661 nupsit,

169 665 284 703 etiam
303 663 555 716 Hippareten,
577 675 693 715 quam
719 662 852 715 postea
872 663 1089 704 Alcibiades
1115 663 1189 704 sihi
1214 665 1460 705 matrimonio
1480 666 1566 706 iun·

168 721 235 767 xit,
256 720 420 772 peperit,
441 720 517 759 iam
537 719 727 771 intelliges
753 725 925 759 nostram
954 719 1002 760 de
1023 719 1165 761 Calliae
1192 725 1316 762 aetate
1335 722 1566 762 sententiam

170 781 236 816 aut
256 787 388 817 veram
409 787 493 816 esse
513 780 579 815 aut
599 788 689 815 vero
710 776 939 827 proximam.

277 853 334 893 Ex
360 854 407 893 iis
441 865 540 904 quae
559 854 778 894 Athenaeus
798 866 837 905 p.
859 856 940 897 220
975 858 1013 894 et
1032 853 1255 894 scholiastes
1289 854 1337 895 ad
1357 853 1452 895 Plat.
1488 854 1566 896 Me·

166 921 305 950 nexen.
327 921 364 961 p.
387 913 467 954 235
488 910 519 949 E
539 909 588 950 de
606 910 807 950 Aeschinis
838 910 1022 949 Socratici
1050 909 1222 960 dialogo,
1252 911 1317 962 qui
1347 910 1483 951 Callias
1509 912 1567 951 in·

164 967 330 1018 scriptus
350 966 432 1011 fuit,
453 970 721 1012 narraverunt,
743 966 935 1005 coniicere
961 965 1070 1010 licet,
1092 965 1323 1006 Aeschinem
1351 966 1457 1006 illum
1488 967 1568 1007 dia-

167 1021 299 1073 logum
320 1021 368 1061 ad
389 1021 491 1061 idem
512 1021 594 1061 sere
616 1026 770 1073 tempus
798 1021 998 1072 aptavisse.
1056 1020 1153 1061 Nam
1175 1023 1214 1060 in
1236 1033 1281 1062 eo
1297 1021 1409 1069 libro,
1431 1023 1470 1062 in
1491 1034 1568 1075 quo

166 1077 306 1118 Calliae
327 1089 414 1117 cum
435 1077 652 1129 Hipponico
672 1081 782 1129 patre
810 1075 1041 1116 simultatem
1070 1076 1245 1128 pluribus
1273 1083 1566 1124 memoraverat,

165 1145 243 1172 non
272 1133 387 1173 modo
414 1133 667 1185 Anaxagorae
695 1138 734 1173 et
758 1132 911 1172 Prodici
939 1132 1178 1184 disciplinam
1207 1133 1401 1180 irriserat,
1429 1133 1496 1174 sed
1525 1136 1566 1174 in

164 1188 355 1229 Periclem
378 1189 492 1229 etiam
513 1193 552 1228 et
571 1189 770 1241 Aspasiam
791 1190 966 1228 invectus
987 1185 1140 1239 erat⁸⁴).
1199 1188 1255 1228 Ex
1288 1200 1386 1239 quo,
1416 1190 1567 1241 opinor,

166 1244 407 1297 intelligitur,
429 1246 504 1284 iam
526 1250 616 1285 ante
631 1243 777 1284 bellum
792 1243 1160 1297 peloponnesiacum
1182 1250 1219 1284 et
1233 1243 1448 1297 Ilipponico
1469 1246 1566 1292 vivo,

164 1301 290 1352 quiin
310 1312 440 1353 pugna
461 1298 613 1341 Deliaca
645 1300 692 1352 (a.
716 1302 810 1353 424)
841 1300 1001 1345 cecidit,
1037 1299 1194 1341 Calliam
1222 1300 1404 1351 sophistis
1431 1313 1474 1342 se
1501 1301 1567 1342 de·

162 1357 286 1402 disse;
308 1357 376 1396 sed
389 1369 465 1408 quo
479 1357 562 1396 iure
572 1356 678 1396 Plato
692 1356 847 1396 finxerit
864 1368 952 1396 eum
971 1367 1046 1395 iam
1065 1366 1146 1396 tum
1163 1354 1267 1396 domi
1277 1367 1369 1396 suae
1378 1357 1568 1410 sophistas

163 1413 303 1453 vidisse
324 1418 363 1452 et
382 1417 439 1452 tot
458 1413 637 1453 homines
656 1412 823 1464 hospitio
845 1413 1063 1463 excepisse,
1090 1423 1169 1451 non
1189 1411 1285 1451 nihil
1313 1411 1431 1452 habet
1457 1412 1567 1453 dubi-

163 1468 331 1508 tationis.
382 1468 570 1520 Equidem
591 1468 792 1508 Platonem
808 1469 846 1507 in
867 1468 940 1507 hac
959 1480 1021 1513 re,
1051 1467 1099 1507 de
1119 1480 1194 1520 qua
1215 1467 1277 1507 alii
1297 1467 1409 1508 aliter
1436 1479 1567 1509 sense-

162 1528 267 1569 runt,
296 1524 635 1564 anachronismum
665 1535 782 1576 quem
808 1524 941 1564 dicunt
967 1524 1205 1563 commisisse
1233 1530 1276 1563 ut
1303 1525 1459 1564 credam
1487 1536 1566 1564 non

166 1580 351 1620 adducor.
394 1580 636 1632 Hipponicus
665 1584 821 1632 praeter
850 1579 1028 1624 domum,
1058 1591 1156 1632 quae
1184 1580 1222 1618 in
1248 1591 1349 1631 pago
1377 1578 1566 1620 Melitensi

163 1637 232 1676 sita
271 1640 354 1676 erat
387 1636 425 1675 in
462 1648 584 1688 eaque
618 1635 792 1676 habitum
827 1636 903 1676 hoc
935 1634 1170 1688 colloquium
1200 1635 1371 1687 fingitur,
1407 1635 1566 1676 alteram

163 1703 327 1744 eamque
347 1692 722 1743 magnificentiorem
741 1693 781 1731 in
802 1692 938 1732 Piraeo
966 1690 1120 1736 habuit,
1149 1691 1190 1730 in
1218 1702 1294 1743 qua
1313 1695 1401 1743 post
1419 1691 1565 1744 Hippo-

161 1749 239 1788 nici
259 1753 425 1788 mortem
447 1747 585 1788 Callias
605 1747 699 1788 illud
720 1747 956 1793 convivium,
985 1747 1089 1799 quod
1109 1746 1328 1799 Xenophon
1348 1747 1564 1800 descripsit,

161 1803 212 1843 ob
232 1803 409 1857 Autolyci
429 1816 546 1856 quem
566 1803 720 1844 amabat
750 1804 948 1844 victoriam
969 1816 1003 1846 3.
1026 1806 1106 1847 422
1134 1804 1294 1855 paravit.
1345 1803 1445 1851 Quid
1473 1814 1566 1855 ergo

160 1859 333 1912 impedit,
357 1861 566 1912 quominus
585 1860 868 1912 Hipponicum,
898 1860 1007 1900 cuius
1033 1871 1139 1899 mors
1167 1860 1206 1898 in
1233 1858 1447 1911 Protagora
1474 1871 1566 1900 nus-

159 1927 275 1968 quam
309 1916 566 1966 significatur‚
603 1915 721 1956 altera
744 1915 859 1955 domo
881 1914 1022 1956 Calliae
1050 1926 1234 1955 concessa
1260 1916 1300 1955 in
1325 1915 1463 1956 Piraeo
1482 1920 1565 1955 tum

159 1971 390 2011 habitavisse
426 1976 651 2012 statuamus.
709 1971 909 2013 Andocide
943 1976 1040 2012 teste
1074 1970 1209 2012 Callias
1242 1972 1283 2010 in
1316 1972 1563 2012 matrimonio

159 2025 294 2067 habuit
319 2026 436 2067 tiliam
457 2026 684 2072 Glauconis;
713 2039 830 2081 quam
861 2039 980 2080 quum
1008 2028 1084 2067 iam
1112 2032 1199 2067 ante
1227 2027 1302 2067 hoc
1329 2025 1563 2079 colloquium

159 2082 313 2123 duxisse
332 2083 506 2123 videatur
516 2081 578 2136 85),
601 2096 647 2123 ex
667 2084 713 2124 iis
733 2084 876 2136 nuptiis
897 2095 1012 2124 causa
1026 2087 1155 2136 potest
1173 2083 1309 2135 repeti,
1331 2095 1400 2124 cur
1419 2083 1562 2136 Hippo-

160 2139 270 2179 nicus
291 2138 407 2179 aedes
427 2138 599 2179 urbanas
619 2138 761 2180 Calliae
782 2139 1070 2180 condonaverit.

269 2194 353 2235 Una
384 2207 448 2235 res
483 2199 568 2241 est,
607 2207 705 2247 quae
740 2194 792 2235 illi
828 2206 929 2236 anno
949 2226 958 2240 ,
1002 2194 1049 2234 ad
1085 2205 1200 2248 quem
1228 2193 1422 2247 dialogum
1457 2199 1561 2236 retu-

223 2318 280 2360 31)
305 2318 470 2362 Xenoph.
486 2315 632 2353 Hellen.
647 2316 709 2352 VI.
725 2317 757 2352 3.
774 2318 806 2350 2.
831 2315 980 2351 Diodor.
988 2317 1065 2353 XV.
1078 2317 1133 2351 51.
1160 2318 1217 2351 De
1233 2316 1302 2351 hoc
1312 2318 1390 2352 viro
1407 2317 1562 2352 omnium

157 2359 435 2398 Atheniensium
462 2362 741 2406 opulentissimo
768 2364 805 2395 et
832 2362 1003 2405 sophistis
1030 2361 1181 2396 mirifice
1212 2361 1335 2396 dedito
1363 2359 1563 2406 disputavit

156 2409 324 2442 Perizon.
353 2408 398 2440 ad
426 2407 506 2443 Ael.
522 2409 565 2442 V.
582 2408 629 2441 H.
648 2409 700 2447 14,
717 2408 749 2441 6.
796 2407 958 2441 Boeckh.
986 2408 1041 2441 De
1071 2407 1264 2441 Oeconom.
1293 2407 1366 2440 Att.
1384 2408 1416 2440 1.
1432 2418 1466 2450 p.
1484 2407 1559 2442 629.

157 2454 329 2487 Veterum
344 2453 557 2495 scriptorum
574 2452 675 2486 locos
690 2452 864 2496 plurimos
875 2476 884 2493 ,
908 2453 969 2494 qni
992 2451 1037 2486 de
1053 2452 1119 2486 illo
1136 2456 1262 2496 agunt,
1281 2451 1433 2495 collegit
1447 2451 1560 2485 Hein—

158 2498 249 2533 dorf.
267 2497 315 2531 ad
330 2497 477 2541 Protag.
495 2508 531 2540 p.
547 2498 611 2532 311
628 2497 673 2531 Δ.

224 2543 267 2577 32
305 2542 351 2576 V.
368 2545 491 2577 annot.
509 2541 554 2575 ad
570 2552 606 2585 p.
622 2542 688 2576 314
704 2541 746 2574 E.

224 2589 268 2622 33
305 2585 494 2620 Plutarch.
510 2586 644 2620 Pericl.
663 2598 694 2620 c.
712 2587 767 2628 36,
787 2587 818 2620 1.
835 2585 968 2619 Athen.
985 2596 1021 2629 p.
1038 2586 1103 2620 589
1119 2585 1165 2619 D.

224 2632 282 2673 34)
305 2630 436 2666 Athen.
453 2630 515 2666 l.l.
531 2626 550 2664 ὁ
571 2628 613 2665 δὲ
631 2631 778 2666 Καλλία
801 2625 921 2665 αὐτοῦ
945 2630 1031 2682 (τοῦ
1068 2628 1267 2675 Αἰσχίνου)
1290 2626 1468 2681 περιέχει,
1487 2623 1559 2671 τὴν

159 2678 224 2712 τοῦ
242 2676 411 2712 Καλλίου
424 2671 519 2720 πρὸς
535 2670 602 2710 τὸν
616 2674 762 2719 πατέρα
783 2673 1064 2718 &convocarunt
1080 2670 1152 2719 τὴν
1168 2673 1360 2718 Προδίκου
1378 2672 1443 2727 geni
1465 2675 1557 2707 An-

159 2723 205 2764 ξα
231 2717 252 2755 ό
276 2731 322 2755 ου
337 2720 412 2756 τῶν
427 2719 618 2764 σοφιστῶν
634 2715 868 2764 διαμώκησιν
890 2715 965 2754 κτὲ.
1003 2721 1125 2755 Schoi.
1150 2720 1197 2753 ad
1217 2719 1361 2753 Ποσει.
1385 2717 1559 2752 Aemo-'a

183 2733 437 2845 αδῆῗξιιιλέῗ
449 2765 679 2845 ὄὲτίῗηγορεῖν
693 2761 986 2809 παρεσκεύασεν,
1010 2761 1059 2805 ὡς
1075 2762 1256 2809 Αἰσχίνης
1278 2759 1298 2798 ὁ
1316 2757 1558 2807 Σωκρατικὸς

178 2824 199 2847 v
241 2822 281 2845 ια
435 2822 460 2844 α
551 2837 559 2844 .

225 2855 283 2899 35)
307 2823 487 2891 Vyffmnot.
507 2822 552 2889 aqt‘i
569 2865 604 2898 p.
623 2856 687 2889 314
703 2855 745 2890 Ε.
