1696 2918
599 799 950 854 LECTORI
996 801 1057 853 B.
1102 802 1151 852 S.

273 1042 561 1097 Godofredus
599 1051 930 1104 Stallbaumius‚
973 1065 1057 1108 quo
1093 1056 1242 1094 nostra
1278 1051 1486 1095 memoria
1525 1050 1580 1093 de

160 1129 354 1172 Platonis
382 1128 554 1184 scriptis
583 1127 796 1169 universis
818 1126 970 1167 melius
991 1141 1116 1168 nemo
1137 1127 1314 1181 meruit,
1344 1126 1579 1169 secundam

161 1204 393 1247 editionem
434 1201 562 1244 huius
609 1200 771 1256 dialogi
816 1214 927 1242 anno
974 1205 1084 1247 1840
1130 1200 1373 1245 adornavit.
1441 1200 1578 1243 Cuius

161 1277 362 1320 editionis
398 1275 698 1319 retractandae
737 1289 843 1317 cura
885 1289 1018 1332 quum
1061 1275 1165 1318 mihi
1208 1276 1415 1318 mandata
1452 1279 1579 1328 esset,

159 1353 205 1394 id
243 1351 459 1407 agendum
496 1351 667 1407 putavi,
706 1355 756 1391 ut
791 1363 903 1406 quae
941 1349 1253 1393 Stallbaumius
1291 1350 1348 1393 ad
1383 1349 1579 1392 Platonis

159 1426 297 1470 verba
322 1431 594 1482 mentemque
620 1429 738 1466 recte
764 1423 1049 1480 intelligenda
1070 1425 1334 1482 scripsisset,
1363 1439 1462 1468 cum
1482 1422 1578 1466 reli-

158 1500 287 1556 gione
318 1514 554 1553 servarem,
593 1513 705 1555 quae
734 1497 863 1540 hodie
901 1496 1146 1554 legentibus
1176 1500 1275 1542 usui
1305 1513 1391 1541 non
1421 1504 1578 1552 essent,

157 1575 403 1618 inducerem
448 1579 491 1616 et
534 1572 736 1616 delerem.
802 1573 956 1629 Itaque
1000 1572 1144 1616 virum
1189 1572 1487 1616 doctissimum
1533 1573 1579 1615 in

158 1650 366 1692 sermonis
397 1652 649 1704 argumento
679 1646 936 1703 explicando
968 1647 1123 1691 ducem
1150 1653 1324 1690 secutus
1356 1662 1470 1701 sum,
1502 1646 1579 1690 sed

158 1738 268 1779 quae
305 1722 360 1765 de
391 1721 613 1779 sophistis,
653 1721 708 1764 de
738 1722 869 1764 totius
900 1721 1205 1779 disputationis
1241 1723 1485 1779 proposito,
1524 1722 1579 1764 de

156 1803 350 1854 tempore
379 1811 512 1854 quum
548 1795 752 1853 colloquii
779 1796 920 1838 habiti
955 1801 1048 1839 tum
1077 1796 1180 1839 libri
1216 1797 1451 1854 conscripti
1494 1796 1578 1838 dis-

156 1875 406 1928 putaverat,
446 1885 498 1912 ea
525 1871 630 1912 mihi
663 1885 750 1913 non
784 1871 969 1927 probata
999 1876 1112 1914 sunt.
1173 1870 1347 1914 Deinde
1383 1871 1430 1913 in
1464 1871 1578 1913 notis

157 1946 317 1988 criticis
348 1959 459 2001 quae
487 1949 698 1988 vocantur
733 1943 939 2001 pleraque
967 1945 1131 1988 intacta
1160 1945 1316 2002 reliqui
1352 1945 1492 2002 iisque
1527 1959 1579 1987 ea

156 2033 268 2076 quae
294 2019 362 2061 his
391 2019 514 2062 annis
544 2019 599 2062 ad
626 2019 848 2075 scriptoris
874 2019 1010 2062 verba
1030 2019 1301 2062 emendanda
1329 2020 1578 2076 excogitata

156 2098 257 2135 sunt
299 2093 564 2150 probabilia,
615 2093 845 2151 adscripsi,
878 2093 1009 2136 ‘alias
1063 2099 1207 2136 autem
1262 2095 1575 2148 annotationes,

155 2167 314 2224 quibus
343 2168 412 2211 vir
445 2169 752 2224 grammaticae
790 2168 1026 2211 subtilioris
1063 2169 1177 2212 inter
1211 2183 1374 2225 paucos
1411 2170 1576 2226 peritus

154 2242 243 2284 iam
273 2247 372 2284 ante
411 2244 599 2300 quinque
636 2243 774 2286 lustra
810 2248 927 2286 recte
962 2243 1100 2286 verba
1135 2244 1444 2300 interpretatus
1484 2249 1577 2287 erat

155 2316 225 2360 vel
261 2330 331 2358 res
370 2316 684 2373 explicaverat,
724 2316 983 2360 Stallbaumi
1021 2318 1193 2360 nomine
1229 2318 1459 2374 insignitas
1498 2332 1575 2361 suo

154 2404 370 2448 quamque
406 2390 499 2434 loco
533 2390 668 2434 lector
696 2392 898 2435 inveniet.
959 2392 1160 2448 Denique
1189 2406 1258 2434 me
1295 2391 1501 2449 profiteor
1531 2392 1576 2433 in

153 2464 346 2508 Platonis
374 2465 566 2508 oratione
585 2466 896 2509 constituenda
923 2480 949 2508 a
978 2465 1347 2509 Stallbaumianae
1375 2467 1574 2509 editionis

154 2540 369 2596 scriptura
388 2554 475 2582 non
495 2539 646 2596 paucis
667 2540 773 2583 locis
793 2540 1046 2594 recessisse,
1075 2540 1233 2598 quibus
1254 2540 1373 2584 illam
1401 2539 1576 2597 quidem

153 2613 225 2656 vel
260 2614 315 2656 de
352 2615 534 2657 aliorum
569 2614 825 2658 coniecturis
855 2614 927 2658 vel
957 2615 1009 2657 de
1038 2614 1145 2657 meis
1174 2616 1220 2657 in
1256 2615 1484 2672 pristinam
1512 2614 1574 2656 in-

153 2687 400 2742 tegritatem
437 2688 720 2732 restituerem.
787 2688 923 2733 Cuius
961 2689 1149 2731 instituti
1184 2690 1397 2732 rationem
1441 2703 1574 2745 quum

153 2761 334 2818 singulis
378 2763 485 2807 locis
529 2761 812 2818 reddiderim,
858 2764 929 2807 hic
975 2762 1268 2820 disputatione
1307 2777 1358 2807 eo
1400 2762 1574 2807 facilius
