1696 2976
494 116 908 152 PROTAGORAS.
937 117 981 154 P.
1000 119 1079 154 320.
1108 116 1189 154 ST.
1489 113 1542 155 67

205 229 310 291 Cap.
343 230 417 276 XI.
454 223 536 278 ³Hv
567 229 651 291 γάρ
682 248 786 277 ποτε
826 229 1003 291 χρόνος,
1051 228 1122 276 ὅτε
1160 231 1260 276 θεοὶ
1297 230 1379 288 μὲν
1416 223 1545 288 ἦσαν,

135 299 282 360 θνητὰ
306 300 356 346 δὲ
378 301 485 358 γένη
509 298 591 346 οὐκ
609 292 676 357 ἦν.
705 298 923 357 ἐπειδὴδὲ
947 300 1020 345 καὶ
1043 297 1211 352 τούτοις
1226 297 1382 358 χρόνος
1405 292 1547 356 ’ἦλθεν
1570 312 1603 344 D
1628 279 1632 284 -

138 370 398 428 εἱμαρμένος
430 372 666 426 γενέσεως,
705 370 923 414 τυποῦσιν
953 366 1064 413 αὐτὰ
1094 368 1195 413 θεοὶ
1226 369 1305 426 γῆς
1337 370 1470 412 ἔνδον
1501 369 1549 412 ἐκ

137 439 217 496 γῆς
241 438 315 482 καὶ
332 435 472 495 πυρὸς
494 438 696 495 μίξαντες
715 437 790 481 καὶ
814 438 903 482 τῶν
924 433 1007 481 ὅσα
1026 436 1134 495 πυρὶ
1153 437 1227 480 καὶ
1251 438 1307 495 γῇ
1331 434 1550 495 κεράννυ“

136 525 218 551 ται.
259 503 412 563 ἐπειδὴ
437 502 477 550 δ’
505 502 633 562 ἄγειν
655 502 767 550 αὐτὰ
790 503 901 563 πρὸς
925 506 1019 562 φῶς
1044 508 1250 562 ἔμελλον,
1276 505 1551 561 προσέταξαν

139 581 378 633 Προμηθεῖ
404 573 479 618 καὶ
497 570 734 631 Ἐπιμηθεῖ
753 575 973 631 κοσμῆσαί
993 591 1040 617 τε
1064 573 1138 617 καὶ
1169 583 1316 630 νεῖμαι
1341 570 1551 631 δυνάμεις

138 640 336 696 ἑκάστοις
360 639 418 695 ὡς
442 642 610 701 πρέπει.
649 642 895 699 Προμηθέα
919 640 968 686 δὲ
992 650 1267 698 παραιτεῖται
1286 638 1553 699 Ἐπιμηθεὺς

139 785 353 818 expressum
384 775 452 816 sit,
483 784 556 807 non
587 774 679 807 satis
713 776 812 806 certo

138 821 275 863 ubique
299 819 443 853 definiri
465 822 604 863 potest,
635 829 744 861 quum
768 818 812 851 de

138 866 366 909 Protagorae
389 865 536 898 dicendi
564 875 698 907 genere
720 864 813 896 nihil

141 912 338 944 memoriae
360 910 535 943 traditum
559 910 811 943 sit,Phi10-

140 959 266 989 strat.
283 957 356 990 Vit.
376 955 679 1009 Sophist.1.494:
698 965 812 1007 γνους

141 998 184 1035 δὲ
213 997 281 1035 τὸν
312 998 572 1056 Πρωταγόραν
599 996 619 1033 ὁ
651 995 814 1033 Πλατων

141 1046 283 1090 σεμνῶς
299 1057 370 1102 μεν
392 1041 662 1098 ἕρμηνεύοντα,
680 1040 816 1079 ὑπτιά-

142 1092 253 1133 ζοντα
283 1088 325 1125 δε
354 1091 398 1135 τῇ
428 1086 628 1143 σεμνότητι
651 1091 722 1124 καί
740 1101 815 1123 που

141 1135 207 1171 καὶ
235 1131 588 1189 μακρολογωτερον
588 1135 654 1169 τοῦ
677 1133 818 1187 συμιιέ-

143 1194 246 1226 τρου,
257 1178 350 1238 *τὴν
389 1179 500 1215 ἰδέαν
538 1176 659 1214 αὐτοῦ
702 1169 816 1224 μυθφ

142 1227 274 1274 μακρῷ
291 1222 597 1271 ἐχαρακτήρισεν.
614 1227 818 1259 HuncPro-

143 1278 296 1316 tagorae
324 1273 487 1315 mythum
514 1273 679 1305 referunt
707 1273 819 1305 etiam

144 1319 375 1351 Himerius
392 1317 496 1352 Orat.
513 1318 614 1350 XXI.
630 1315 662 1360 S.
682 1319 735 1351 10.
753 1318 817 1350 Iu-

145 1365 252 1397 lian.
273 1363 374 1396 Orat.
399 1363 462 1396 VI.
485 1374 520 1406 p.
539 1364 604 1396 195
623 1363 678 1398 ed
702 1362 818 1406 Span-

143 1410 240 1443 hem.
279 1409 492 1442 Themist.
533 1408 635 1441 Orat.
667 1407 820 1440 XXVII.

145 1466 182 1498 p.
198 1455 276 1490 338.
299 1453 451 1487 Aristid.
468 1453 533 1487 111.
556 1464 590 1496 p.
610 1454 674 1486 168
699 1456 736 1486 et
760 1462 820 1485 ce-

145 1501 223 1533 lato
255 1500 415 1533 auctoris
456 1499 604 1532 nomine
640 1509 709 1531 nec
740 1499 819 1531 sine

146 1546 349 1578 mutatione
371 1545 510 1586 Etym.
541 1544 592 1578 M.
611 1554 641 1576 s.
668 1554 701 1578 v.
723 1538 820 1587 Ἰηό-

146 1601 242 1625 νιον.
259 1590 419 1642 Hygin
436 1589 621 1623 Fab.1.42
646 1589 765 1622 Stallh.

193 1635 282 1678 Cap.
300 1635 363 1668 XI.
382 1625 462 1668 Ἦν
484 1629 566 1678 γάρ
589 1645 698 1667 ποτε
722 1629 817 1678 χρό-

148 1679 240 1725 νος]
265 1681 333 1713 His
354 1680 478 1713 verbis
495 1679 655 1712 Graecos
672 1680 819 1713 fabula-

147 1737 225 1759 rum
246 1726 481 1758 narrationes
511 1724 668 1758 exordiri
690 1725 819 1758 solitos

150 1781 230 1807 esse
257 1771 365 1804 multi
391 1771 466 1803 loci
493 1773 578 1802 sunt
594 1773 820 1822 argumento,

148 1817 268 1851 veluti
281 1815 416 1848 Achill.
433 1815 572 1848 Tat.11.
592 1817 650 1848 11:
660 1805 733 1866 ῌν
749 1810 824 1868 γὰρ

150 1856 283 1915 χρόνος
331 1870 396 1894 οτε
426 1859 512 1912 τῆς
543 1855 781 1912 ,πορφύρας

149 1902 288 1959 κόσμος
301 1899 554 1961 ανθρώποις’
530 1900 742 1957 απόρρητος
759 1871 826 1957 ἦνο

150 1947 284 1996 μικρὸς
312 1948 356 1985 δὲ
391 1946 515 1994 αυτὴν
544 1945 731 1984 ἐκάλυπτε
762 1945 824 1984 κό-

150 1998 237 2042 χλος
253 1991 330 2031 κτὲ.
361 1996 554 2030 Particula
570 1991 640 2040 γάρ
656 2007 729 2030 11011
745 2007 827 2029 raro

150 2044 311 2086 ponitur,
333 2042 398 2075 ubi
421 2041 468 2075 ad
484 2052 558 2075 rem
576 2041 827 2085 exponendam

153 2088 357 2122 acceditur.

197 2128 350 2177 θνητὰ
368 2129 456 2176 δὲγ
465 2129 514 2166 ἐν
522 2130 616 2176 η]11.
634 2143 665 2167 e.
685 2133 825 2165 anima-

151 2179 216 2213 lia.
241 2178 342 2212 Cave
365 2178 409 2211 de
431 2177 520 2211 solis
522 2144 750 2211 „hominibus
767 2189 827 2211 co-

152 2225 394 2267 gitaveris.—
411 2221 477 2256 καὶ
485 2218 646 2266 τούτοις,
662 2226 704 2255 ut
716 2227 828 2257 antea

153 2270 243 2309 diis,
262 2279 348 2302 nam
370 2279 436 2302 suo
460 2271 622 2312 tempore
639 2269 666 2301 ii
682 2279 825 2311 quoque

154 2315 247 2348 facti
263 2316 386 2352 erant,
418 2314 463 2347 de
480 2324 554 2355 qua
583 2324 622 2347 re
654 2325 689 2347 v.
723 2313 827 2347 Stein

153 2360 402 2394 Platonismus
419 2369 455 2401 p.
471 2359 640 2393 XXVIII.

200 2406 247 2440 D.
271 2403 353 2448 γῆς
370 2401 523 2448 ἔνδον]
537 2404 642 2445 Quod
650 2405 827 2437 animalia

156 2451 327 2485 dicuntur
334 2449 505 2483 tellurem
520 2450 620 2482 intus
638 2449 738 2482 adiis
754 2450 827 2482 for-

156 2499 258 2529 mata
281 2505 373 2533 esse,
392 2494 666 2527 accommodate
689 2494 758 2527 hoc
782 2494 829 2527 ad

155 2544 321 2575 veterum
367 2539 583 2583 populorum
621 2540 829 2582 opinionem

157 2586 318 2629 fingitur,
351 2595 425 2627 qua
456 2588 593 2617 terram
623 2585 832 2618 habuerunt

160 2641 384 2664 communem
426 2630 583 2663 omnium
629 2633 830 2673 parentem,

159 2686 254 2718 quse
283 2675 462 2710 animalia
487 2678 523 2707 et
545 2675 710 2708 homines
734 2686 754 2708 e
777 2676 830 2708 fe-

161 2721 278 2754 cundo
286 2722 424 2764 gremio
433 2731 498 2753 suo
508 2720 702 2755 emisisset.
710 2720 830 2753 Staub.

206 2760 252 2800 ἐκ
268 2765 350 2810 γῆς
366 2764 445 2799 καὶ
462 2759 672 2821 πυρὸς-]
691 2766 830 2798 Timae.

160 2821 195 2863 Ρ.
213 2813 257 2843 42
274 2812 324 2844 E:
350 2806 529 2864 λαβόντες
556 2806 611 2852 (οἷ
630 2821 707 2844 νεοι
725 2808 828 2852 θεοὶ)

161 2850 393 2890 ἆθανατον’
369 2852 491 2900 αρχὴν
499 2855 648 2898 θνητοῦ
658 2851 764 2898 ζόου,
772 2867 832 2899 μι-

881 767 1063 825 μούμενοι
1081 767 1147 806 τὸν
1164 770 1367 850 ‹rtps'tspov
1371 772 1554 824 δημιουρ-

881 813 961 874 γόν,
973 812 1115 870 πυρὸς,
1142 829 1190 850 κα
1244 829 1314 870 γης
1342 811 1485 857 ὕδατός
1514 829 1554 851 τε

881 862 947 897 καὶ
964 874 1085 914 αερος
1091 857 1167 895 ἀπὸ
1186 862 1255 896 τοῦ
1267 859 1408 907 κόσμου
1426 863 1555 897 δανει-

880 904 1028 961 ζόμενοι
1036 903 1151 951 μόρια
1167 920 1215 947 ως
1231 903 1557 961 ἀποδοθησόμενα

881 950 1010 996 πάλιν,
1046 951 1099 992 εἰς
1132 948 1275 987 ταύτὸν
1307 941 1553 996 ξυνεκόλλων.

881 999 975 1034 lbid.
991 1011 1027 1042 p.
1045 999 1146 1032 82A.
1204 999 1431 1053 Protagorae
1457 1011 1556 1042 aqua

882 1048 1017 1086 terrae,
1036 1046 1101 1077 a'er
1118 1045 1194 1087 igni
1202 1045 1348 1078 misceri
1364 1047 1446 1079 visa
1462 1050 1556 1078 suut.

884 1091 989 1123 Haec
1006 1092 1165 1131 quatuor
1182 1100 1263 1123 esse
1287 1101 1406 1123 rerum
1423 1091 1558 1133 prinei-

886 1136 959 1178 pia,
986 1146 1005 1168 e
1028 1135 1159 1176 quibus
1185 1136 1306 1168 omnia
1330 1139 1556 1175 constarent,

886 1179 1221 1222 Empedocliprimo
1231 1181 1385 1223 placuit,
1394 1192 1428 1217 v
1438 1181 1560 1214 Zeller

886 1226 1026 1259 Philos.
1045 1225 1176 1258 Graec.
1194 1226 1372 1268 1.p5.07.

932 1269 1010 1304 καὶ
1028 1270 1114 1304 τῶν
1130 1280 1230 1304 οσα
1227 1290 1273 1294 -
1287 1267 1456 1315 κεραν.]
1492 1271 1559 1304 Ar-

886 1317 994 1349 ticuli
1015 1317 1072 1349 vis
1096 1320 1182 1349 ante
1199 1327 1300 1359 pron.
1324 1317 1430 1351 relat.
1449 1317 1562 1359 positi

888 1374 909 1395 a
925 1362 1071 1404 vulgari
1086 1372 1158 1394 non
1172 1363 1325 1403 recedit,
1345 1362 1410 1395 sed
1427 1366 1484 1395 est
1499 1363 1560 1395 hic

889 1408 967 1439 eius
990 1417 1077 1439 usus
1108 1407 1206 1449 apud
1229 1408 1423 1440 Platonem
1446 1408 1560 1440 multo

886 1453 1127 1494 frequentior,
1168 1462 1277 1494 quam
1325 1453 1421 1495 apud
1468 1453 1562 1485 alios

887 1498 1104 1540 scriptorem,
1128 1507 1164 1530 v.
1179 1498 1322 1533 Phileb.
1347 1509 1381 1540 p.
1399 1501 1442 1532 37
1459 1499 1501 1531 Β.
1519 1498 1559 1532 C.

890 1543 933 1576 de
955 1553 1031 1585 rep.
1047 1543 1093 1575 V.
1117 1553 1151 1584 p.
1167 1543 1234 1575 469
1259 1543 1299 1575 B.
1340 1543 1502 1586 Sophist.
1525 1554 1561 1585 Ρ

884 1588 1001 1623 241Ε,
1019 1587 1066 1621 al
1085 1588 1310 1620 Themistius
1324 1599 1377 1623 or.
1391 1590 1435 1621 27
1451 1599 1487 1631 Ρ.
1496 1589 1562 1622 338

885 1633 1078 1666 Platonem
1090 1634 1256 1667 imitatus
1264 1634 1565 1690 scripsitftlcyoev

888 1674 929 1712 ἐκ
946 1678 1019 1730 γῆς
1033 1673 1225 1721 καὶπυρὸς
1243 1691 1310 1712 και
1298 1674 1563 1718 τωνέκεινοις

889 1719 1107 1766 ξυμφύλων.

936 1786 964 1824 ὦ
972 1803 990 1830 ς
1003 1802 1057 1833 πρ
1067 1788 1084 1824 ε’
1092 1802 1120 1824 π
1130 1802 1146 1824 ε
1155 1790 1185 1834 ι]
1198 1792 1386 1825 Oratloms
1393 1792 1564 1846 obliquae

892 1834 1325 1880 rationqenozexigebat.
1342 1837 1413 1870 Sed
1423 1832 1567 1881 ωςπρέ-

893 1892 957 1915 πει
972 1885 1027 1914 est
1043 1883 1112 1915 ‘ita
1125 1884 1166 1915 ut
1182 1882 1289 1915 decet
1304 1883 1364 1916 vei
1383 1883 1566 1916 convenit'

896 1931 933 1960 et
948 1929 1076 1970 νεῖμαι
1093 1921 1142 1966 ὦς
1158 1924 1294 1970 πρέπει
1312 1929 1567 1962 inuniversum

896 1974 952 2006 est
980 1973 1264 2006 ‘convenienter
1293 1976 1331 2006 et
1353 1975 1424 2007 rite
1446 1973 1567 2006 distri-

894 2019 1024 2051 buere'
1037 2030 1045 2058 3
1070 2021 1196 2050 contra
1218 2030 1267 2057 ως
1289 2016 1426 2062 πρέποι
1450 2022 1567 2052 esset:

894 2066 936 2095 ut
952 2063 1109 2103 deceret,
1126 2063 1405 2118 quodpenderet
1421 2076 1440 2097 e
1457 2065 1568 2097 verbo

894 2105 1143 2151 προσέταξαν,
1167 2109 1191 2141 i.
1210 2120 1241 2142 e.
1262 2120 1279 2142 e
1305 2111 1405 2142 iussu
1423 2112 1460 2142 et
1484 2120 1568 2142 con-

895 2154 979 2187 silio
1003 2153 1151 2187 deorum
1178 2155 1239 2187 vel
1264 2166 1309 2188 ex
1332 2166 1374 2188 eo
1399 2154 1494 2197 quod
1518 2154 1570 2186 dii

894 2210 959 2242 pro
976 2201 1217 2233 conveniente
1234 2200 1424 2234 haberent.
1443 2201 1522 2233 Ast.

940 2270 1243 2310 παραιτεῖται
1261 2286 1306 2291 -
1322 2262 1462 2307 αὐτὸς
1480 2270 1570 2301 νεῖ-

894 2310 991 2356 μαι]
1012 2312 1099 2345 ‘sibi
1114 2313 1188 2355 ipsi
1203 2313 1472 2345 distributionis
1494 2324 1571 2346 mu-

894 2369 962 2391 nus
982 2357 1174 2400 deposcit'.
1214 2358 1490 2401 παραιτεῖσθαι
1515 2364 1573 2390 est

895 2404 1002 2446 depr
1013 2414 1059 2436 ec
1069 2404 1135 2435 ari
1167 2403 1321 2445 eiusque
1337 2404 1441 2436 verbi
1453 2403 1570 2445 dupli

898 2459 975 2481 cem
982 2459 1056 2481 vim
1066 2451 1103 2480 et
1111 2448 1282 2499 petendiq
1280 2451 1316 2481 et
1324 2449 1515 2482 avertendi
1524 2449 1572 2480 ha

895 2495 972 2533 bet,
981 2494 1028 2528 cf
1038 2493 1141 2535 Apol.
1150 2493 1249 2526 27A:
1259 2486 1444 2536 οπερκατ’
1453 2488 1572 2536 αρχὰς

897 2534 997 2582 ὑμᾶς
1005 2547 1289 2590 παρῃτησαμην
1306 2542 1343 2571 et
1356 2539 1495 2581 infrap.
1506 2539 1572 2570 ,358

899 2584 947 2616 A.
972 2578 1043 2635 τὴν
1067 2582 1262 2626 Προδίκου
1286 2583 1474 2627 διαίρεσιν
1497 2582 1572 2616 τῶν

898 2623 1095 2671 όνοματων
1109 2628 1384 2671 παραιτοῦμαι.
1397 2646 1441 2651 —
1457 2623 1573 2667 αυτός

899 2675 933 2706 11.
960 2674 983 2708 l.
1016 2674 1094 2706 fere
1117 2674 1213 2706 idem
1237 2677 1293 2707 est
1317 2684 1361 2706 ac
1382 2669 1509 2717 μόνος,
1533 2677 1574 2705 ut

900 2729 1010 2761 supra
1031 2730 1066 2762 p.
1083 2721 1149 2752 309
1166 2720 1209 2752 A.
1234 2721 1299 2752 320
1315 2719 1346 2750 A
1371 2721 1408 2751 et
1431 2719 1470 2750 in
1492 2719 1571 2751 vul·

899 2764 979 2806 gari
1011 2764 1168 2797 formula
1213 2758 1324 2797 αυτοὶ
1358 2760 1428 2807 γάρ
1462 2758 1573 2807 ἔσμεν

899 2809 1041 2852 deLeg.
1050 2820 1084 2852 p.
1094 2810 1211 2843 8363.
1220 2809 1404 2852 Aristoph.
1414 2809 1573 2842 Acharu.

898 2855 975 2887 504.
994 2855 1044 2887 al.

1250 2912 1306 2955 5*
