1690 2912
273 114 324 150 72
749 109 1141 150 PROLEGOMENA

278 223 386 260 illum
415 222 539 271 ipsum
575 233 704 258 rerum
731 224 873 259 statum
911 225 952 259 et
987 220 1241 259 conditionem
1268 220 1485 270 planissime
1515 233 1609 272 qua-

277 279 408 323 drare,
454 276 579 327 qualis
616 281 699 314 tum
742 275 981 325 potissimum
1029 276 1253 314 exstitisset.
1329 274 1456 317 Quum
1493 276 1612 325 igitur

279 334 388 371 Plato
427 333 507 382 ipsc
546 331 671 370 verbis
709 331 927 369 clarissimis
965 331 1158 380 dialogum
1196 332 1347 382 Olymp.
1386 335 1450 378 93,
1489 335 1526 369 4.
1558 346 1609 365 =

281 392 359 427 405
391 401 423 425 a.
453 388 539 425 Chr.
575 386 749 425 habitum
784 387 877 435 fingi
905 387 1197 435 significaverit,
1231 386 1322 424 hinc
1350 399 1500 438 quoque
1527 399 1610 436 per-

282 443 450 493 spicitur,
480 444 527 479 ab
555 442 627 479 hac
654 442 800 480 ratione
828 455 895 479 cur
922 442 1190 481 discedendum
1217 442 1287 489 sit,
1326 454 1498 480 caussam
1538 442 1616 479 ido-

284 512 396 537 neam
423 498 535 547 plane
563 497 708 535 nullam
735 502 945 547 suppetere.

365 554 509 591 Verum
536 553 596 590 his
625 553 807 603 expositis
843 552 1039 602 praefandi
1077 553 1230 601 negotio
1267 553 1471 603 aliquando
1499 552 1614 590 finem

286 610 478 658 imponere
515 608 655 646 licebit.
711 609 809 646 Nam
847 621 944 659 quae
981 612 1179 658 praeterea
1215 607 1402 658 disputari
1439 612 1616 657 poterant

286 666 333 703 de
361 663 570 702 disserendi
599 676 737 712 genere
765 664 927 702 sermoni
955 664 1047 701 huic
1074 663 1226 713 proprio
1253 664 1375 714 deque
1404 663 1616 701 elocutione

283 720 324 757 in
362 733 405 757 eo
443 723 645 768 usurpata,
684 732 748 765 ea,
777 719 954 770 quoniam
993 719 1097 757 nullo
1125 720 1204 757 fere
1243 718 1396 767 negotio
1423 718 1507 768 ipsa
1535 718 1617 756 eius

284 775 446 813 lectione
474 779 763 822 cognoscentur,
802 774 981 824 peculiari
1011 774 1247 824 expositione
1274 773 1445 823 indigere
1473 787 1616 825 nequa-

287 844 402 882 quam
429 830 619 869 videntur.

371 888 500 936 Atque
528 886 622 923 haec
650 886 728 922 fere
756 885 849 923 satis
877 888 990 923 sunto
1018 885 1059 922 in
1087 885 1310 923 universum
1337 885 1384 922 de
1404 898 1515 934 opere
1543 885 1616 922 hoc

286 941 456 980 Platonis
484 940 820 990 praestantissimo.
877 939 984 981 Quae
1012 940 1045 978 si
1082 941 1142 978 cui
1173 953 1249 978 non
1289 940 1545 987 satisfaciant,
1584 940 1618 978 is

228 1032 230 1034 .
287 998 398 1034 adeat
440 1000 637 1045 praeterea
684 995 1208 1034 Schleiermacherum
1247 996 1341 1046 opp.
1380 995 1527 1033 Platon.
1579 995 1617 1039 in

288 1054 412 1090 Germ.
453 1064 622 1089 convers.
659 1051 701 1088 Τ.
740 1052 794 1088 ΙΙ.
831 1052 934 1089 Part.
963 1052 995 1089 Ι.
1034 1065 1069 1100 p.
1101 1054 1123 1088 3
1154 1064 1270 1102 seqq„
1309 1051 1511 1089 Astium
1549 1051 1618 1088 De

288 1108 397 1146 vita
435 1111 482 1145 et
510 1106 721 1156 scriptis
751 1106 982 1144 Platonis
1019 1120 1055 1156 p.
1090 1109 1161 1144 111
1195 1119 1319 1157 seqq.,
1349 1106 1618 1144 Sochcrum

288 1164 355 1200 De
384 1162 596 1211 scriptis
626 1161 856 1200 Platonis
885 1175 921 1211 p.
952 1163 1029 1199 237
1053 1175 1169 1212 seqq„
1200 1162 1305 1208 alios,
1334 1162 1400 1213 qui
1429 1175 1551 1211 nuper
1579 1162 1618 1198 in

289 1219 350 1256 his
378 1219 490 1255 rebus
518 1217 772 1266 disceptandis
800 1217 940 1256 versati
969 1221 1066 1267 sunt·
1087 1230 1258 1268 quosque
1286 1217 1361 1254 iam
1389 1230 1504 1266 supra
1531 1217 1621 1255 data

289 1274 342 1312 rei
372 1273 656 1323 opportunitate
684 1272 986 1310 memoravimus.

374 1439 564 1487 Superest,
592 1443 635 1476 ut
655 1438 784 1488 paucis
803 1450 1022 1475 moneamus
1044 1437 1091 1474 de
1125 1436 1316 1475 codicibus
1343 1438 1622 1487 manuscriptis,

289 1507 383 1544 quos
422 1494 461 1530 in
496 1494 622 1532 verbis
669 1493 884 1542 philosophi
923 1492 1168 1530 emendandis
1213 1492 1379 1531 maxime
1414 1493 1621 1531 audiendos

290 1549 522 1598 putavimus,
553 1562 596 1586 ac
623 1549 670 1586 de
697 1548 951 1598 peculiaribus
979 1547 1067 1586 libri
1095 1547 1337 1586 editionibus.

374 1604 570 1642 Editiones
598 1604 712 1642 huius
740 1604 878 1652 dialogi
907 1603 1117 1653 peculiares
1145 1603 1217 1641 hae
1245 1604 1369 1642 factae
1397 1607 1507 1641 sinit:

376 1659 605 1698 Platonis
644 1660 987 1709 Euthydemus
1028 1663 1083 1696 et·
1114 1658 1337 1706 Gorgias.
1403 1659 1619 1705 Recensuit,

291 1715 410 1753 vertit
446 1720 631 1766 notasque
669 1728 757 1752 suas
797 1714 934 1752 adiecit
969 1714 1169 1752 Martia.
1208 1714 1402 1763 Ioseph.
1440 1715 1620 1761 Routh,

292 1773 338 1808 A.
368 1772 420 1808 M.
450 1771 596 1818 collegii
635 1771 681 1808 1).
720 1770 865 1808 Mariae
902 1770 1117 1818 Magdalen.
1157 1769 1277 1807 Oxon.
1316 1769 1449 1807 socius.
1499 1770 1620 1807 Oxou.

290 1840 311 1864 e
340 1826 563 1876 typograph.
593 1826 814 1864 Clarendon.
843 1825 990 1863 Prodiit
1017 1838 1049 1862 a.
1085 1826 1201 1863 1774.
1232 1828 1268 1862 8.
1323 1825 1426 1864 Usus
1454 1830 1515 1863 est
1541 1826 1621 1863 cod.

290 1882 408 1919 Paris.
443 1885 557 1919 1808.
587 1882 790 1932 doctasque
828 1880 973 1918 addidit
1007 1880 1292 1927 annotationes,
1328 1880 1528 1919 historicas
1555 1894 1620 1930 po-

289 1936 477 1975 tissimum
506 1941 620 1987 atque
649 1937 808 1982 criticas,
837 1936 992 1974 minime
1020 1936 1262 1986 spernendas.

374 1992 606 2035 Platonis
645 1992 868 2040 Gorgias.
945 1992 1087 2030 Graece
1126 1991 1175 2029 ad
1210 1991 1326 2029 fidem
1363 1991 1468 2028 codd.
1506 2004 1620 2040 mssp.

292 2050 504 2095 Augustan.
525 2052 564 2085 et
582 2048 816 2085 Mcermann.
845 2046 1104 2097 vcrsionisque
1123 2045 1246 2084 Ficini
1264 2045 1466 2092 recensuit,
1494 2059 1621 2084 emen-

289 2102 416 2148 davit,
452 2102 658 2151 explicavit
684 2102 922 2153 indicemquc
958 2103 1160 2140 verborum
1188 2101 1416 2139 Graecorum
1444 2101 1621 2151 copiosis-

290 2157 428 2195 simum
457 2157 594 2196 adiecit
621 2157 892 2196 Christian.
922 2157 1118 2195 Godofr.
1146 2156 1433 2194 Findeisen.
1470 2157 1619 2195 Gothae

289 2218 329 2251 et
356 2213 564 2251 Amstelod.
596 2225 628 2250 a.
663 2215 777 2251 1796.
809 2217 844 2250 8.
910 2212 1044 2250 Editor
1070 2212 1111 2249 in
1139 2211 1325 2250 varietate
1353 2212 1525 2251 lectionis
1555 2225 1620 2250 no·

290 2269 406 2307 tanda
434 2268 721 2317 diligentissime
749 2272 923 2306 versatus
958 2272 1036 2314 est,
1074 2267 1141 2305 sed
1175 2267 1443 2316 grammaticae
1471 2268 1620 2306 subtili-

289 2324 380 2362 tatis
409 2324 502 2361 adeo
527 2323 601 2361 fuit
620 2337 767 2373 expers,
797 2328 840 2362 ut
866 2323 1026 2372 singulis
1045 2323 1125 2361 fere
1144 2323 1293 2371 paginis
1322 2323 1396 2361 hoc
1422 2322 1463 2360 in
1483 2335 1622 2372 genere

290 2379 383 2417 mire
412 2379 607 2418 erraverit.

374 2434 497 2472 Multo
525 2434 652 2471 minus
689 2435 882 2483 probanda
919 2439 978 2472 est
1011 2433 1147 2479 editio,
1185 2445 1283 2484 quae
1319 2432 1491 2483 proximo
1519 2446 1619 2470 anno

288 2489 447 2539 prodiit:
488 2490 642 2527 Platone
683 2491 840 2539 Gorqias
877 2491 961 2527 odor
999 2502 1065 2527 von
1103 2490 1168 2527 der
1199 2489 1428 2530 Rodekumt.
1469 2489 1619 2526 Ιισνααιε·

286 2545 406 2595 9e9eb.
435 2559 501 2583 von
529 2546 749 2583 Harant.
798 2547 962 2595 Gattinq.
993 2542 1207 2591 1797.‚8.,
1252 2556 1351 2596 quae
1386 2556 1511 2595 neque
1549 2544 1620 2581 cri·

288 2601 401 2641 ticum
417 2601 534 2639 habet
553 2601 915 2653 utilitatem,·neque
933 2606 1084 2652 praeter
1102 2600 1368 2639 annotationes
1387 2600 1436 2638 ab
1453 2599 1621 2639 Routhio
