1722 2964
433 72 851 150 PROTAGORJS.
881 111 924 150 P.
944 111 1025 148 345.
1046 111 1126 148 346.
1157 109 1233 146 ST.
1474 102 1558 146 139

126 229 284 280 ἑκόντα
309 226 647 306 ἐξαμαρτάνειν,
671 223 777 273 οὐδὲ
801 223 963 285 αἰσχρά
985 241 1034 270 τε
1056 224 1132 269 καὶ
1154 220 1269 268 κακὰ
1293 219 1452 268 ἑκόντα
1477 218 1612 280 ερ-Ε

126 298 366 359 γάζεσθαι,
397 295 496 343 ἀλλ’
534 289 585 342 εὖ
617 301 792 351 ἴσασιν,
832 291 900 339 ὅτι
931 290 1093 346 πάντες
1123 293 1171 337 οἱ
1197 289 1250 336 τά
1285 287 1446 348 αἰσχρὰ
1478 290 1555 334 καὶ

126 366 242 414 κακὰ
264 367 494 418 ποιοῦντες
518 362 698 416 ἄκοντες
723 362 911 408 ποιοῦσι.
961 361 1037 406 καὶ
1061 358 1118 418 δὴ
1142 356 1260 405 ual‘
1241 377 1266 404 ο
1290 360 1554 416 Σιμωνίδης

127 433 209 495 οὐχ
239 432 287 488 ὃς
320 430 376 479 ἂν
406 431 466 492 μὴ
498 429 610 478 κακὰ
640 432 744 490 ποιῇ
777 427 914 487 ἑκών,
947 426 1119 474 τούτων
1149 427 1290 486 φησὶν
1322 423 1555 483 ἐπαινέτης

130 503 264 560 εἶναι,
288 499 400 547 ἀλλὰ
424 501 572 559 περὶ
551 500 710 546 εαυτοῦ
734 499 853 556 λέγει
875 499 1004 543 τοῦτο
1028 496 1077 542 τὸ
1109 493 1243 541 ἑκών.
1293 492 1443 552 ἡγεῖτο
1467 491 1552 552 γὰρ

126 569 270 630 ἄνδρα
295 568 433 614 καλὸν
455 564 657 626 κάγαθὸν
679 564 890 618 πολλάκις
915 562 1052 610 αὑτὸν
1076 559 1397 621 επαναγκάζειν
1419 565 1555 620 φίλον

125 640 216 685 τινὶ
238 642 476 696 γίγνεσθαι
499 636 574 681 καὶ
598 632 849 691 επαινέτην,
869 629 966 678 οἷον
990 630 1123 691 ἀνδρὶ
1146 628 1357 684 πολλάκις
1376 631 1555 708 συμβῇ-
1570 639 1640 673 346

125 726 203 753 ναι
225 706 392 765 μητέρα
415 701 442 763 ἢ
473 704 660 771 πατέρα
663 699 902 747 ἀλλόκοτον
928 697 956 758 ἢ
980 702 1175 759 πατρίδα
1206 696 1234 758 ἢ
1258 696 1366 744 ἄλλο
1397 716 1440 743 τι
1462 699 1555 743 τῶν

124 772 350 820 τοιούτων.
376 770 479 826 τοὺς
502 790 585 830 μεν
608 771 691 816 οὐν
714 767 953 829 πονηρούς,
977 766 1086 813 ὅταν
1109 765 1312 813 τοιοῦτόν
1335 785 1378 812 τι
1402 763 1555 819 αὐτοῖς

125 844 300 901 συμβῇ,
334 855 482 899 ωσπερ
509 838 729 897 ἀσμένους
752 835 864 896 ὁρᾶν
895 837 972 882 καὶ
997 837 1215 893 ψέγοντας
1248 831 1556 880 ἐπιδεικνύναι

124 911 201 955 καὶ
224 918 488 967 κατηγορεῖν
511 905 592 964 τὴν
616 910 837 964 πονηρίαν
859 907 950 950 τῶν
973 905 1146 962 γονέων
1169 899 1197 961 ἢ
1223 904 1500 961 πατρίδος,”
1480 919 1556 947 ινα

125 975 276 1030 αὐτοῖς
300 974 541 1034 ἀμελοῦσιν
573 972 723 1019 αὐτῶν
755 971 815 1032 μὴ
841 974 1089 1031 ἐγκαλῶσιν
1120 973 1166 1016 οὗ
1187 968 1422 1028 ἄνθρωποι
1445 966 1551 1029 μηδ’

123 1043 421 1101 ὀνειδίζωσιν,
460 1061 527 1088 οτι
559 1040 824 1100 ἀμελοῦσιν,
866 1054 978 1085 ωστε
1011 1043 1076 1084 ἔτι
1115 1041 1285 1097 ’μᾶλλον
1316 1038 1471 1095 ψέγειν
1508 1055 1558 1083 τε
1586 1050 1616 1083 Β

130 1109 293 1165 αὐτοὺς
324 1112 399 1156 καὶ
425 1115 589 1169 ἔχθρας
616 1110 849 1162 ἑκουσίους
873 1106 983 1167 πρὸς
1007 1117 1104 1160 ταῖς
1128 1104 1392 1164 ἀναγκαίαις
1415 1118 1560 1166 προσ·

216 1245 260 1279 Ε,
286 1253 458 1276 τουτων
475 1239 618 1285 φησιν
635 1251 787 1274 επαιν
796 1238 812 1284 ]
834 1239 895 1273 Sic
911 1238 1017 1272 Bodl.
1035 1239 1120 1273 Vat.
1137 1239 1267 1272 Venet.
1287 1238 1335 1271 Σ.
1352 1238 1493 1271 Pariss.
1511 1237 1557 1271 B.

128 1289 169 1322 C.
192 1289 237 1323 E.
260 1289 360 1322 Flor.
384 1298 417 1320 a.
442 1289 475 1320 b.
500 1298 530 1319 c.
555 1297 589 1320 ο.
619 1286 741 1318 Ambr.
733 1285 897 1344 ΗΑιιςοΙ.
925 1285 1121 1319 Barberin.
1144 1284 1268 1318 Palat.
1299 1286 1336 1316 et
1367 1294 1401 1316 a.
1427 1293 1482 1325 pr.
1506 1292 1557 1316 ιιι

126 1333 241 1368 Coisl.
252 1358 262 1375 ,
297 1344 318 1366 a
347 1343 420 1365 sec.
450 1342 547 1365 man.
571 1332 702 1364 Venet.
711 1330 773 1382 Ξ.
817 1330 974 1382 Vulgat.
998 1324 1136 1363 wv'wv
1159 1329 1324 1362 servavit
1347 1328 1556 1361 Bekkerus.

126 1379 259 1412 Paullo
283 1380 370 1411 ante
392 1380 483 1411 vett.
509 1376 614 1413 editt.
638 1369 680 1415 ὃς
704 1387 754 1410 αν
776 1370 828 1419 μὴ
854 1370 901 1409 τὰ
924 1386 1039 1409 κακα.
1088 1374 1296 1407 Articulum
1312 1374 1446 1408 Venet.
1464 1372 1559 1411 ΞΣ.

126 1427 229 1458 recte
246 1424 430 1457 omittunt.

218 1491 260 1523 P.
270 1491 348 1525 346.
365 1488 444 1523 καὶ
462 1484 732 1532 ἐπαινέτην]
752 1489 842 1521 Post
856 1488 980 1521 haec
970 1499 1007 1520 ιιι
1023 1491 1113 1522 vett.
1133 1487 1237 1521 editt.
1256 1488 1350 1520 etin
1367 1486 1560 1519 codicibus

128 1537 294 1570 omnibus
310 1536 484 1578 leguntur
500 1535 615 1567 verba
633 1535 763 1590 φιλειν
779 1531 845 1566 καὶ
863 1528 1058 1587 ἐπαινεῖν,
1079 1533 1212 1575 quibus
1232 1533 1315 1575 quis
1332 1533 1564 1574 interpreta-

127 1586 187 1614 tus
218 1583 274 1614 est
303 1579 418 1623 φίλον
446 1579 653 1623 γίγνεσθαι
682 1576 750 1612 καὶ
780 1573 999 1621 ἐπαινέτην.
1054 1578 1225 1611 Delenda
1255 1588 1338 1611 esse
1370 1578 1447 1609 iam
1470 1576 1566 1610 vidit

129 1626 307 1667 Grouius,
334 1626 515 1668 interpres
534 1625 657 1658 Germ.
677 1625 725 1666 (a.
745 1625 846 1664 1783)
864 1635 899 1666 p.
917 1624 995 1657 483.

219 1693 331 1715 οταν
362 1676 581 1715 τοιοῦτόν
611 1692 655 1714 τι
689 1674 810 1724 aba]
846 1681 892 1715 V.
918 1691 954 1714 τι
978 1678 1165 1714 τοιοῦτον.
1222 1679 1320 1712 Illud
1342 1678 1447 1715 Bodl.
1470 1677 1560 1713 Vat.

127 1727 239 1762 Vind.
258 1726 445 1760 exhibent.

219 1783 262 1816 B.
292 1777 403 1825 πρὸς
426 1783 530 1820 ταῖς
552 1776 838 1826 ἀναγκαίαις
861 1779 1035 1825 προστ.]
1069 1780 1181 1815 codd.
1207 1791 1331 1815 omnes
1348 1775 1561 1837 chaynam,

130 1838 222 1862 corr.
254 1827 442 1860 Heusdius
473 1826 631 1869 Specim.
668 1829 749 1861 crit
780 1838 816 1870 p
840 1829 894 1860 73.
945 1827 1119 1859 Proxima
1147 1827 1264 1860 verba
1293 1824 1361 1860 καὶ
1385 1820 1568 1860 ἐπαινεῖν

130 1867 447 1916 ἀναγκάζεσθαι
438 1882 476 1905 ιιι
492 1872 576 1906 vitii
593 1872 839 1915 suspicionem
855 1875 968 1906 vocat
985 1871 1184 1915 Sauppius.

131 1982 264 2029 τα-]
296 1983 601 2018 celebratissima
628 1984 723 2017 haee
748 1983 812 2018 So-

133 2031 247 2063 cratis
262 2030 450 2062 sententia
465 2032 532 2070 est,
550 2030 732 2062 neminem
745 2039 813 2062 sua

131 2078 262 2118 sponte
282 2085 363 2107 esse
387 2074 540 2115 malum,
567 2074 632 2107 sed
657 2075 814 2116 quicun-

134 2130 205 2162 que
221 2121 384 2162 improbe
402 2120 531 2159 faciat,
556 2120 633 2152 eius
651 2121 813 2152 animum

132 2165 344 2208 ignorantia
368 2175 449 2197 esse
472 2165 727 2205 obscuratum3
753 2175 811 2197 res

133 2211 232 2243 infra
247 2221 281 2253 p.
300 2211 366 2243 352
385 2208 412 2241 C
434 2210 647 2242 accuratius
664 2209 812 2243 disseri-

134 2259 210 2293 tur,
244 2255 293 2287 cf.
316 2255 466 2298 deLeg.
491 2266 525 2297 p.
545 2254 665 2288 7310.
699 2255 812 2298 Gorg.

134 2311 172 2343 p.
188 2301 316 2333 50913.
333 2300 445 2342 Hipp.
463 2300 491 2332 1.
509 2311 543 2342 p.
553 2299 669 2334 2960.
688 2299 813 2343 Aptis-

135 2345 226 2377 sime
244 2345 426 2387 Sauppius
449 2345 719 2397 Epicharmum
732 2346 813 2377 lau-

134 2390 251 2441 davit,
254 2389 377 2444 apud
381 2390 691 2440 quemHercules:
709 2384 814 2423 Ἀλλά

135 2446 221 2487 μαν
247 2429 319 2477 ε’γω
331 2429 509 2490 ἀνάγκα
531 2433 655 2467 ταῦτα
686 2430 815 2468 πάντα

135 2477 270 2513 ποιέω·
309 2475 458 2531 οἴομαι
470 2473 522 2521 δ’,
556 2474 686 2518 οὐδεὶς
719 2475 816 2514 ἑκὼν

135 2519 302 2568 πονηρὸς
327 2513 415 2557 οὐδ’
432 2535 538 2557 ακων
553 2519 693 2568 μάκαρ.
729 2526 817 2566 Qui-

134 2570 204 2603 bus
221 2570 345 2603 verbis
364 2569 437 2602 etsi
459 2572 650 2602 externam
673 2572 819 2603 tantum

137 2615 383 2647 conditionem
422 2624 466 2646 ac
502 2614 702 2654 fortunam,
743 2625 816 2657 qua

137 2658 318 2693 Hercules
349 2659 543 2700 utebatur,
582 2660 815 2702 significasse

139 2703 301 2746 videtur,
325 2707 452 2737 tamen
469 2705 623 2737 acrioris
639 2706 696 2738 vir
712 2706 816 2749 inge-

139 2748 194 2780 nii
208 2753 249 2781 ut
272 2730 318 2782 a’d
341 2750 502 2782 animum
523 2750 616 2782 haec
637 2751 817 2784 transfer-

140 2795 214 2834 ret,
238 2796 376 2828 moveri
394 2795 526 2847 potuit.

184 2817 227 2870 P.
250 2840 327 2873 346.
360 2833 580 2883 ἢπατέρα
609 2834 810 2874 ἀλλόκο·

882 1981 982 2028 τον]
992 1978 1454 2026 ἈλλόκοτοςΡΙιιγιιὶοΙι.
1466 1982 1567 2027 apud

881 2029 1044 2062 Bekker.
1067 2029 1208 2064 Anecd.
1232 2029 1364 2063 Graec.
1388 2030 1418 2064 Ι.
1443 2030 1485 2062 14
1515 2029 1562 2062 ab

883 2068 996 2113 ἄλλος
1014 2077 1052 2108 et
1067 2070 1178 2114 κότος
1194 2076 1217 2107 i.
1229 2086 1260 2109 e.
1278 2069 1429 2118 τρόπος,
1446 2066 1563 2117 ἦθος,

882 2114 994 2163 ὀργή,
1028 2119 1192 2161 derivat,
1232 2121 1390 2163 ideoque
1415 2119 1566 2162 proprie

883 2175 967 2198 eum
1005 2165 1217 2207 significare
1258 2166 1364 2204 dicit,
1414 2165 1479 2206 qui
1512 2166 1571 2197 est

882 2210 1006 2243 alius
1046 2210 1239 2250 indolis,
1281 2221 1411 2252 quam
1451 2220 1569 2262 quae

881 2258 1046 2288 natura
1080 2256 1208 2289 eivel
1241 2257 1364 2288 inest
1395 2255 1472 2288 vel
1500 2255 1570 2287 in·

884 2311 985 2333 esse
1019 2300 1165 2334 debet.
1214 2301 1417 2333 Verissime
1442 2303 1568 2333 autem

883 2345 1007 2379 addit:
1046 2345 1191 2398 κυρίως
1217 2342 1287 2388 μὲν
1326 2336 1396 2379 οὖν
1428 2341 1469 2379 οἴ
1498 2339 1568 2378 τὸν

884 2390 980 2425 νοῦν
998 2380 1255 2434 βεβλαμμένοι
1273 2389 1339 2423 καὶ
1357 2387 1568 2434 ἔμπληκτοι

885 2431 1086 2469 ἀλλόκοτοι
1109 2435 1333 2470 καλοῦνται.
1381 2436 1463 2469 Hoc
1487 2436 1571 2468 loco

885 2480 1281 2532 signiticatsaevum‚
1300 2482 1515 2514 ferocem.
1526 2496 1568 2503 —-

886 2523 967 2559 καὶ
1006 2521 1243 2568 ψέγοντας
1290 2519 1568 2559 ἐπιδεικνῦ-

888 2582 983 2612 ναι,
1018 2571 1319 2614 vituperando
1352 2581 1443 2604 rem
1467 2569 1567 2603 red-

887 2616 992 2648 dere
1025 2617 1327 2650 manifestam.
1368 2633 1414 2639 ——
1451 2624 1570 2648 ωστε

888 2657 955 2694 ἔτι
978 2659 1156 2703 μᾶλλον
1179 2667 1236 2703 w„
1261 2662 1328 2694 ita
1352 2665 1399 2694 ut
1422 2661 1568 2703 magis

888 2707 1040 2744 etiam,
1060 2716 1168 2748 quam
1186 2706 1336 2749 parsit,
1357 2717 1430 2739 eos
1448 2707 1574 2738 vitu-

886 2753 1045 2803 prerent
1068 2754 1110 2784 et
1133 2754 1321 2794 praeter
1350 2760 1569 2784 necessa-

887 2797 982 2828 rias
1014 2796 1294 2828 inimicitias
1327 2797 1468 2829 etiam
1489 2806 1567 2829 vo

886 2840 1122 2874 luntarias
1146 2842 1419 2884 suscipiant.
1444 2841 1568 2875 Stallb.
