1676 2938
456 174 702 215 GORGIAS.
731 175 777 214 P.
809 176 903 213 510.
934 177 1027 214 511.
1057 175 1117 214 ed.
1149 174 1207 213 St.
1433 176 1514 212 289

151 279 180 337 ἢ
197 286 362 326 πολλοῦ
384 284 463 334 δεῖ,
492 284 610 338 ε’ίπερ
634 282 782 339 ὅμοιος
809 281 924 326 ἔσται
951 285 1012 339 τῷ
1041 286 1217 338 ἄρχοντι
1245 285 1339 325 ὄντι
1366 283 1515 338 ἀδίκῳ,

151 348 222 390 καὶ
250 349 368 402 παρὰ
396 350 535 405 τούτῳ
561 347 669 404 μέγα
698 351 950 404 δυνήσεται;
986 347 1071 390 αλλ’
1107 345 1226 404 οἶμαι
1254 346 1398 403 ἔγωγε,
1427 355 1516 390 παν

1162 416 1172 431 ,
1212 417 1230 426 ι
1271 413 1282 428 ‚
1320 413 1328 427 1

150 494 194 520 τε
234 476 345 522 εἶναι
386 480 444 529 ὡς
485 482 658 523 πλεῖστα
697 481 860 522 ἀδικεῖν
901 480 972 523 καὶ
999 480 1236 522 ἀδικοῦντα
1263 479 1321 534 μὴ
1350 480 1517 522 διδόναι

151 545 287 599 δίκην.
316 541 342 599 ἦ
370 546 476 599 γάρ;
520 547 657 586 ΚΑΛ.
697 547 912 588 Φαίνεται.
971 547 1069 586 Σῼ.
1118 546 1295 587 Οὐκοῦν
1323 546 1372 587 τὸ
1401 544 1512 599 μέγι-

152 620 256 652 στον
291 611 410 668 αὐτῷ
437 610 572 652 κακὸν
599 609 777 664 ὑπάρξει
803 613 1011 665 μοχθηρῷ
1039 614 1133 652 ὄντι
1161 609 1240 665 τὴν
1269 611 1416 666 ψυχὴν
1443 611 1514 654 καὶ
1543 616 1622 658 511

150 674 430 731 λελωβημένῳ
455 675 525 717 διὰ
545 674 624 730 τὴν
650 676 828 730 μίμησιν
855 681 934 718 τοῦ
963 677 1176 718 δεσπότου
1205 677 1278 719 καὶ
1306 677 1512 731 δύναμιν;

152 742 289 783 ΚΑΛ.
324 742 416 783 Οὐκ
440 737 523 782 οἶδ’
547 740 632 795 ὅπῃ
661 742 854 795 στρέφεις
883 739 1079 783 ἑκάστοτε
1106 741 1208 791 τοὺς
1238 743 1394 796 λόγους
1421 746 1512 785 ἄνω

146 805 218 846 καὶ
254 806 388 857 κάτω,
430 801 463 847 ὦ
492 806 736 860 Σώκρατες.
776 803 805 860 ἦ
843 807 923 848 οὐκ
952 804 1105 859 οἶσθα,
1147 807 1212 848 ὅτι
1241 801 1368 857 οὗτος
1396 808 1420 849 ὁ
1448 824 1511 862 μι-

147 872 362 925 μούμενος
408 871 486 913 τὸν
525 871 583 926 μὴ
622 872 890 926 μιμούμενον
929 872 1095 915 ἐκεῖνον
1135 873 1364 915 ἀποκτενεῖ
1371 907 1380 922 ,
1436 872 1512 915 ἐὰν

150 937 368 991 βούληται,
398 937 469 979 καὶ
493 937 777 992 ἀφαιρήσεται
803 938 854 979 τὰ
883 941 1011 988 ὄντας
1041 939 1137 979 Σῼ.
1174 934 1298 987 Οἶδα.
1330 934 1363 981 ὦ
1386 937 1511 993 ’γαθὲ

151 1003 424 1054 Καλλίκλεις,
467 1003 502 1044 εἰ
539 1001 596 1057 μὴ
638 1004 785 1057 κωφός
812 1000 847 1057 γ’
878 1004 963 1058 εἰμί
973 1036 984 1054 ,
1026 1003 1099 1045 καὶ
1127 1006 1209 1045 σοῦ
1237 1005 1411 1046 ἀκούων
1439 1006 1510 1047 καὶ

150 1063 311 1109 Πώλου
349 1070 446 1121 ἄρτι
483 1069 687 1118 πολλάκις
725 1069 797 1110 καὶ
834 1072 922 1110 τῶν
959 1071 1102 1111 ἄλλων
1142 1070 1291 1123 ὀλίγου
1332 1073 1509 1113 πάντων
1538 1076 1576 1118 Β

147 1135 233 1174 τῶν
257 1132 304 1175 ἐν
327 1140 377 1188 τῇ
406 1134 538 1175 πόλει.
569 1133 676 1175 ἀλλὰ
703 1134 774 1176 καὶ
802 1134 856 1176 σὺ
885 1134 990 1189 ἐμοῦ
1018 1138 1162 1186 ἄκουε,
1192 1132 1257 1176 ὅτι
1285 1136 1511 1178 ἀποκτενεῖ

146 1196 237 1252 μέν,
268 1198 323 1240 ἂν
345 1199 564 1253 βούληται,
593 1199 700 1241 ἀλλὰ
723 1200 914 1255 πονηρὸς
933 1199 994 1242 ὢν
1013 1202 1148 1242 καλὸν
1166 1201 1366 1255 κάγαθὸν
1388 1204 1505 1243 ὄντα.

150 1266 287 1306 ΚΑΛ.
322 1265 499 1307 Οὐκοῦν
525 1267 654 1307 τοῦτο
684 1264 736 1319 δὴ
765 1266 833 1308 καὶ
862 1267 911 1307 τὸ
941 1267 1262 1320 άγανακτητόνς
1304 1269 1407 1309 Σῼ.
1442 1268 1507 1309 Οὐ

145 1381 339 1414 Florentini
369 1386 499 1425 septem
531 1386 566 1415 et
596 1383 683 1418 Ven.
718 1383 757 1416 Ξ.
787 1394 837 1426 pr.
870 1394 948 1416 cum
979 1385 1058 1417 Bas.
1088 1384 1119 1417 2.
1169 1385 1281 1426 Quam
1316 1385 1501 1418 lectionem

146 1438 189 1459 ex
225 1428 435 1460 correctione
458 1427 550 1460 male
574 1428 695 1461 sedula
725 1433 840 1462 natam
864 1440 939 1462 esse
970 1429 1110 1463 docebit
1131 1431 1358 1473 grammatica
1388 1430 1504 1463 obser·

146 1473 239 1505 vatio
263 1473 355 1506 infra
377 1474 500 1530 posita.

213 1519 252 1550 Ρ.
275 1517 351 1553 511.
399 1516 515 1574 αὐτῷ
539 1516 676 1551 κακὸν
702 1517 780 1562 ὑπ.]
807 1520 847 1551 V.
865 1518 974 1552 κακὸν
990 1517 1096 1564 αὐτῷ,
1122 1520 1214 1563 quod
1229 1522 1308 1555 Par.
1325 1521 1364 1555 E.
1390 1521 1504 1556 habet.

220 1560 307 1596 Οὐκ
331 1559 414 1596 οἶδ’
440 1562 519 1607 ὅπη
549 1564 661 1606 στρ.]
695 1565 752 1597 Sic
776 1565 879 1598 Vind.
903 1564 934 1598 6.
968 1565 1061 1598 Flor.
1085 1577 1121 1598 x.
1144 1567 1234 1609 Aug
1260 1567 1505 1601 Meerm.eun1

146 1609 223 1642 Bas.
246 1607 278 1642 2.
327 1609 440 1642 Ceteri
463 1609 545 1642 libri
568 1608 658 1650 ὅποι,
684 1610 775 1653 quod
799 1621 843 1642 ex
866 1611 1025 1644 itacismo
1049 1615 1181 1644 natum.

190 1721 232 1754 E.
277 1719 330 1756 ὥς
354 1719 374 1753 ὁ
401 1719 614 1764 ὑμέτερος
635 1721 786 1777 λόγος]

145 1766 265 1806 „Illud
300 1778 375 1800 esse
411 1765 446 1799 τὸ
482 1767 566 1811 μέγα
599 1766 788 1807 δύνασθαι,

145 1811 238 1853 quod
261 1812 435 1854 sophistae
449 1813 707 1855 praedicabant,
731 1824 788 1846 ne-

145 1861 288 1899 gaverat
325 1857 502 1898 Socrates,
552 1859 714 1892 videlicet
751 1858 788 1891 τὸ

147 1906 262 1934 ποιεῖν
294 1900 334 1934 ἐν
365 1906 405 1946 τῇ
437 1901 534 1936 πόλει
565 1902 586 1935 ἃ
614 1903 720 1936 δοκεῖ.
756 1915 789 1937 v.

857 1723 1055 1756 Dictionem
1067 1748 1076 1765 ,
1116 1729 1282 1766 quantum
1320 1724 1405 1756 satis
1441 1728 1504 1764 cst,

856 1768 1046 1802 illustravit
1076 1770 1245 1812 exemplis
1269 1770 1303 1802 H
1313 1780 1331 1802 e
1345 1770 1388 1801 in
1396 1769 1417 1801 d
1427 1781 1446 1802 ο
1458 1781 1474 1802 r
1482 1770 1505 1802 f.

857 1814 901 1846 ad
932 1814 965 1846 h.
996 1814 1019 1846 1.
1082 1815 1189 1847 Plura
1229 1814 1325 1847 dabit
1364 1815 1380 1846 I
1393 1825 1415 1846 n
1426 1815 1446 1847 d
1455 1826 1472 1847 e
1482 1826 1505 1847 x

857 1860 1070 1892 Reiskian
1081 1870 1130 1892 us
1185 1860 1228 1893 ad
1280 1861 1503 1894 Demosthen.

858 1915 886 1937 s.
914 1915 946 1939 v,
981 1904 1156 1946 στρέφειν.
1201 1906 1268 1937 Pro
1299 1916 1333 1938 v.
1357 1904 1435 1937 ὅποι
1466 1910 1506 1937 ut

145 1958 177 1989 p.
192 1946 270 1980 466.
286 1948 324 1980 Β.
342 1958 435 1990 seqq.
460 1949 645 1982 Ficinus
669 1950 788 1982 vertit:

144 1996 191 2024 ut
229 2003 440 2035 praesens
481 2004 621 2027 sermo
653 1995 790 2037 signi-

147 2038 267 2070 ficat.
307 2039 399 2071 Fort.
439 2038 578 2082 legebat
613 2037 789 2083 ἡμέτερος,

145 2082 237 2124 quod
267 2086 383 2116 tamen
405 2085 520 2117 minus
544 2084 771 2127 probandum.
774 2085 790 2099 '¹

145 2128 322 2160 ROUTH.

188 2167 268 2214 ”Αρ
305 2169 386 2206 οὖι
423 2174 492 2206 καὶ
537 2173 577 2206 τὸ
614 2173 665 2218 μὴ
701 2173 788 2208 ἀδι-

146 2223 244 2250 κεῖν
253 2218 276 2262 ,·]
301 2219 367 2252 Int.
392 2217 487 2263 αὐτῷ
510 2219 789 2262 διαπεπράξεται

192 2264 262 2296 καὶ
289 2253 539 2297 αδικουντα
558 2276 611 2309 μη
638 2264 714 2299 διδ
742 2265 786 2310 8.]

144 2310 311 2342 Dativum
356 2310 511 2351 sequitur
555 2312 787 2344 accusativus.

143 2365 177 2390 v,
201 2354 290 2397 adp
294 2352 403 2387 .492.
427 2356 467 2388 Β.

190 2401 228 2432 Ρ.
251 2399 328 2432 511.
385 2398 454 2432 διὰ
491 2397 568 2442 τὴν
605 2402 788 2444 μίμησιν

145 2463 188 2470 -
219 2443 433 2488 δύναμιν]
472 2455 538 2485 eo,
575 2445 688 2487 quod
723 2446 787 2479 do-

143 2490 303 2522 minum
324 2501 445 2522 suum
466 2491 663 2523 imitatur
682 2491 788 2524 eius-

144 2545 224 2576 que
248 2537 461 2578 potentia
485 2535 662 2568 nititur.
691 2536 788 2568 Nihil

143 2580 200 2611 hic
230 2584 445 2623 suspectum,
479 2580 569 2613 nihil
598 2580 788 2615 tenebrico-

148 2635 234 2657 sum.
272 2626 354 2659 Fuit
376 2630 493 2658 tamen
517 2626 576 2668 qui
599 2625 707 2658 verba
731 2627 785 2659 καὶ

145 2668 294 2709 δύναμιν
316 2675 356 2703 ut
375 2675 538 2726 suspecta
564 2671 763 2704 secluderet.

195 2712 280 2748 Ουκ
301 2711 384 2748 οἶδ’
402 2714 484 2759 ὅπῃ
506 2715 786 2761 στρέφεις-]

175 2782 246 2808 Pht.
265 2783 337 2815 epp.
357 2784 474 2810 v01.11.
493 2783 567 2810 Soet
585 2785 607 2810 1.

857 1950 1044 1992 reciperem
1075 1950 1163 1992 ὅπῃ,
1201 1955 1273 1983 tum
1304 1950 1398 1983 istud
1428 1947 1503 1982 ἄνω

858 1995 914 2027 καὶ
933 1994 1023 2028 κάτω
1048 1995 1225 2037 suadebat,
1249 2000 1321 2028 tum
1345 1996 1504 2038 exempla

859 2040 1019 2073 dictionis
1040 2041 1126 2073 alibi
1150 2041 1253 2074 obvia
1277 2041 1503 2075 cohortaban-

858 2090 923 2120 tur.
965 2087 1042 2119 Hoc
1065 2090 1179 2119 autem
1203 2087 1301 2119 dicit:
1327 2088 1502 2126 Nescio,

859 2131 931 2173 qui
959 2131 1062 2172 fiat,
1095 2136 1142 2164 ut
1166 2143 1387 2165 sermones
1412 2143 1502 2164 sur-

859 2187 946 2209 sum
972 2177 1168 2209 deorsum
1192 2183 1350 2210 vertas
1371 2197 1414 2202 —
1434 2171 1500 2209 01⁷-

859 2233 928 2256 τος
952 2219 970 2254 ὁ
996 2220 1282 2263 μιμούμενος,
1308 2223 1405 2263 ille,
1425 2224 1501 2275 *qui

858 2267 1072 2300 civitatis
1105 2267 1324 2300 dominum
1360 2268 1502 2300 imita-

856 2317 947 2352 tur,
968 2313 1006 2345 ei
1026 2314 1342 2356 morigeratur,
1366 2324 1501 2355 eoque

856 2369 1060 2401 magnam
1084 2365 1242 2390 nactus
1267 2363 1334 2391 est
1357 2363 1501 2400 poten-

856 2403 977 2435 tiam.
1028 2403 1129 2455 Quod
1160 2404 1318 2436 Astius
1355 2405 1502 2436 coniecit

858 2446 877 2480 ὁ
901 2448 1142 2490 μεμιμημένος,
1174 2449 1210 2480 id
1241 2449 1299 2481 vel
1321 2453 1501 2492 propterea

856 2493 1106 2536 repudiandum
1122 2497 1185 2534 est,
1205 2494 1297 2536 quod
1314 2494 1364 2527 ita
1378 2505 1498 2536 parum

856 2538 1034 2571 commode
1067 2538 1247 2572 adderetur
1280 2537 1415 2583 τὸνμὴ
1448 2551 1499 2579 μι-

855 2583 1044 2624 μούμενοι.

901 2673 941 2706 Β.
993 2670 1168 2706 Οὐκοῦν
1198 2673 1324 2706 τοῦτο
1358 2672 1407 2716 δὴ
1431 2674 1497 2706 καὶ

857 2715 901 2750 τὸ
930 2715 1008 2762 dy„
1004 2717 1032 2762 ·]
1065 2719 1224 2753 Nonne
1259 2719 1337 2751 hoc
1368 2720 1499 2754 etiam

1184 2785 1226 2818 19
