<?xml version="1.0" encoding="UTF-8"?>
<!DOCTYPE html PUBLIC "-//W3C//DTD XHTML 1.0 Transitional//EN"
    "http://www.w3.org/TR/xhtml1/DTD/xhtml1-transitional.dtd">
<html xmlns="http://www.w3.org/1999/xhtml" xml:lang="en" lang="en">
 <head>
  <title>
</title>
<meta http-equiv="Content-Type" content="text/html;charset=utf-8" />
  <meta name='ocr-system' content='tesseract 3.04.00' />
  <meta name='ocr-capabilities' content='ocr_page ocr_carea ocr_par ocr_line ocrx_word'/>
</head>
<body>
  <div class='ocr_page' id='page_1' title='image "./operaomniarecens02platuoft_0367.png"; bbox 0 0 1696 2976; ppageno 0'>
   <div class='ocr_carea' id='block_1_1' title="bbox 571 110 1547 165">
    <p class='ocr_par' dir='ltr' id='par_1_1' title="bbox 571 110 1547 165">
     <span class='ocr_line' id='line_1_1' title="bbox 571 110 1547 165; baseline 0.004 -16"><span class='ocrx_word' id='word_1_1' title='bbox 571 112 643 149; x_wconf 81' lang='lat' dir='ltr'>AD</span> <span class='ocrx_word' id='word_1_2' title='bbox 668 110 1100 165; x_wconf 31' lang='lat' dir='ltr'>PROTAGonssAM.</span> <span class='ocrx_word' id='word_1_3' title='bbox 1523 111 1547 153; x_wconf 81' lang='grc'>7</span> 
     </span>
    </p>
   </div>
   <div class='ocr_carea' id='block_1_2' title="bbox 120 223 1551 2900">
    <p class='ocr_par' dir='ltr' id='par_1_2' title="bbox 121 223 1549 726">
     <span class='ocr_line' id='line_1_2' title="bbox 236 223 1549 280; baseline -0.002 -12"><span class='ocrx_word' id='word_1_4' title='bbox 236 227 405 280; x_wconf 82' lang='lat' dir='ltr'>Ingressi</span> <span class='ocrx_word' id='word_1_5' title='bbox 429 225 571 268; x_wconf 89' lang='lat' dir='ltr'>Calliae</span> <span class='ocrx_word' id='word_1_6' title='bbox 599 225 760 266; x_wconf 89' lang='lat' dir='ltr'>domum</span> <span class='ocrx_word' id='word_1_7' title='bbox 788 223 1148 277; x_wconf 88' lang='lat' dir='ltr'>splendidissimum</span> <span class='ocrx_word' id='word_1_8' title='bbox 1180 225 1310 266; x_wconf 89' lang='lat' dir='ltr'>vident</span> <span class='ocrx_word' id='word_1_9' title='bbox 1339 226 1479 266; x_wconf 87' lang='lat' dir='ltr'>civium</span> <span class='ocrx_word' id='word_1_10' title='bbox 1510 232 1549 266; x_wconf 90' lang='lat' dir='ltr'>et</span> 
     </span>
     <span class='ocr_line' id='line_1_3' title="bbox 121 281 1546 339; baseline -0.003 -13"><span class='ocrx_word' id='word_1_11' title='bbox 121 286 426 339; x_wconf 87' lang='lat' dir='ltr'>peregrinorum</span> <span class='ocrx_word' id='word_1_12' title='bbox 448 287 695 324; x_wconf 86' lang='lat' dir='ltr'>conventum.</span> <span class='ocrx_word' id='word_1_13' title='bbox 745 281 999 334; x_wconf 89' lang='lat' dir='ltr'>Conspiciunt</span> <span class='ocrx_word' id='word_1_14' title='bbox 1018 283 1275 335; x_wconf 80' lang='lat' dir='ltr'>Protagoram</span> <span class='ocrx_word' id='word_1_15' title='bbox 1296 283 1446 334; x_wconf 78' lang='lat' dir='ltr'>ingenti</span> <span class='ocrx_word' id='word_1_16' title='bbox 1467 283 1546 322; x_wconf 90' lang='lat' dir='ltr'>cin-</span> 
     </span>
     <span class='ocr_line' id='line_1_4' title="bbox 122 339 1547 391; baseline -0.001 -10"><span class='ocrx_word' id='word_1_17' title='bbox 122 347 227 383; x_wconf 87' lang='lat' dir='ltr'>ctum</span> <span class='ocrx_word' id='word_1_18' title='bbox 240 342 463 382; x_wconf 88' lang='lat' dir='ltr'>auditorum</span> <span class='ocrx_word' id='word_1_19' title='bbox 479 352 625 380; x_wconf 88' lang='lat' dir='ltr'>corona</span> <span class='ocrx_word' id='word_1_20' title='bbox 647 345 684 380; x_wconf 91' lang='lat' dir='ltr'>et</span> <span class='ocrx_word' id='word_1_21' title='bbox 703 339 806 379; x_wconf 90' lang='lat' dir='ltr'>inter</span> <span class='ocrx_word' id='word_1_22' title='bbox 826 351 1030 379; x_wconf 83' lang='lat' dir='ltr'>sermones</span> <span class='ocrx_word' id='word_1_23' title='bbox 1053 352 1141 380; x_wconf 92' lang='lat' dir='ltr'>cum</span> <span class='ocrx_word' id='word_1_24' title='bbox 1163 340 1208 380; x_wconf 87' lang='lat' dir='ltr'>iis</span> <span class='ocrx_word' id='word_1_25' title='bbox 1224 340 1394 391; x_wconf 87' lang='lat' dir='ltr'>graviter</span> <span class='ocrx_word' id='word_1_26' title='bbox 1416 339 1547 380; x_wconf 89' lang='lat' dir='ltr'>deam-</span> 
     </span>
     <span class='ocr_line' id='line_1_5' title="bbox 121 396 1547 451; baseline -0.001 -12"><span class='ocrx_word' id='word_1_27' title='bbox 121 399 334 440; x_wconf 86' lang='lat' dir='ltr'>bulantem.</span> <span class='ocrx_word' id='word_1_28' title='bbox 384 399 639 451; x_wconf 88' lang='lat' dir='ltr'>Conspiciunt</span> <span class='ocrx_word' id='word_1_29' title='bbox 658 398 698 436; x_wconf 90' lang='lat' dir='ltr'>in</span> <span class='ocrx_word' id='word_1_30' title='bbox 727 398 922 436; x_wconf 88' lang='lat' dir='ltr'>contraria</span> <span class='ocrx_word' id='word_1_31' title='bbox 955 397 1110 448; x_wconf 89' lang='lat' dir='ltr'>porticu</span> <span class='ocrx_word' id='word_1_32' title='bbox 1131 397 1314 450; x_wconf 82' lang='lat' dir='ltr'>Hippiam</span> <span class='ocrx_word' id='word_1_33' title='bbox 1342 396 1478 437; x_wconf 90' lang='lat' dir='ltr'>Eleum</span> <span class='ocrx_word' id='word_1_34' title='bbox 1509 398 1547 436; x_wconf 91' lang='lat' dir='ltr'>in</span> 
     </span>
     <span class='ocr_line' id='line_1_6' title="bbox 122 452 1547 506; baseline -0.001 -10"><span class='ocrx_word' id='word_1_35' title='bbox 122 456 218 496; x_wconf 89' lang='lat' dir='ltr'>solio</span> <span class='ocrx_word' id='word_1_36' title='bbox 240 456 441 496; x_wconf 79' lang='lat' dir='ltr'>sedentem</span> <span class='ocrx_word' id='word_1_37' title='bbox 463 460 501 495; x_wconf 91' lang='lat' dir='ltr'>et</span> <span class='ocrx_word' id='word_1_38' title='bbox 522 466 654 495; x_wconf 90' lang='lat' dir='ltr'>coram</span> <span class='ocrx_word' id='word_1_39' title='bbox 675 452 806 493; x_wconf 91' lang='lat' dir='ltr'>multis</span> <span class='ocrx_word' id='word_1_40' title='bbox 827 453 1155 494; x_wconf 89' lang='lat' dir='ltr'>declamitantem.</span> <span class='ocrx_word' id='word_1_41' title='bbox 1205 455 1461 506; x_wconf 88' lang='lat' dir='ltr'>Conspiciunt</span> <span class='ocrx_word' id='word_1_42' title='bbox 1481 454 1547 494; x_wconf 89' lang='lat' dir='ltr'>de·</span> 
     </span>
     <span class='ocr_line' id='line_1_7' title="bbox 122 510 1546 566; baseline -0.001 -13"><span class='ocrx_word' id='word_1_43' title='bbox 122 514 239 566; x_wconf 91' lang='lat' dir='ltr'>nique</span> <span class='ocrx_word' id='word_1_44' title='bbox 268 514 383 552; x_wconf 87' lang='lat' dir='ltr'>etiam</span> <span class='ocrx_word' id='word_1_45' title='bbox 404 513 616 552; x_wconf 82' lang='lat' dir='ltr'>Prodicum</span> <span class='ocrx_word' id='word_1_46' title='bbox 638 510 759 551; x_wconf 87' lang='lat' dir='ltr'>Ceum</span> <span class='ocrx_word' id='word_1_47' title='bbox 787 510 956 551; x_wconf 89' lang='lat' dir='ltr'>molliter</span> <span class='ocrx_word' id='word_1_48' title='bbox 984 512 1025 550; x_wconf 90' lang='lat' dir='ltr'>in</span> <span class='ocrx_word' id='word_1_49' title='bbox 1055 510 1198 551; x_wconf 88' lang='lat' dir='ltr'>lectulo</span> <span class='ocrx_word' id='word_1_50' title='bbox 1230 511 1546 558; x_wconf 84' lang='lat' dir='ltr'>decumbentem,</span> 
     </span>
     <span class='ocr_line' id='line_1_8' title="bbox 122 568 1548 621; baseline -0.001 -12"><span class='ocrx_word' id='word_1_51' title='bbox 122 572 216 611; x_wconf 91' lang='lat' dir='ltr'>item</span> <span class='ocrx_word' id='word_1_52' title='bbox 238 581 378 621; x_wconf 86' lang='lat' dir='ltr'>magna</span> <span class='ocrx_word' id='word_1_53' title='bbox 399 569 683 609; x_wconf 90' lang='lat' dir='ltr'>circumdatum</span> <span class='ocrx_word' id='word_1_54' title='bbox 705 569 923 608; x_wconf 90' lang='lat' dir='ltr'>amicorum</span> <span class='ocrx_word' id='word_1_55' title='bbox 946 573 984 607; x_wconf 90' lang='lat' dir='ltr'>et</span> <span class='ocrx_word' id='word_1_56' title='bbox 998 568 1249 607; x_wconf 79' lang='lat' dir='ltr'>familiarium</span> <span class='ocrx_word' id='word_1_57' title='bbox 1270 573 1438 608; x_wconf 77' lang='lat' dir='ltr'>caterva.</span> <span class='ocrx_word' id='word_1_58' title='bbox 1481 568 1548 608; x_wconf 91' lang='lat' dir='ltr'>His</span> 
     </span>
     <span class='ocr_line' id='line_1_9' title="bbox 123 625 1548 679; baseline -0.001 -13"><span class='ocrx_word' id='word_1_59' title='bbox 123 628 231 679; x_wconf 88' lang='lat' dir='ltr'>quasi</span> <span class='ocrx_word' id='word_1_60' title='bbox 253 626 511 678; x_wconf 84' lang='lat' dir='ltr'>obstupefacti</span> <span class='ocrx_word' id='word_1_61' title='bbox 532 625 814 678; x_wconf 86' lang='lat' dir='ltr'>aliquantisper</span> <span class='ocrx_word' id='word_1_62' title='bbox 843 630 1068 670; x_wconf 62' lang='lat' dir='ltr'>morannum</span> <span class='ocrx_word' id='word_1_63' title='bbox 1100 625 1258 664; x_wconf 85' lang='lat' dir='ltr'>tandem</span> <span class='ocrx_word' id='word_1_64' title='bbox 1289 625 1337 665; x_wconf 90' lang='lat' dir='ltr'>ad</span> <span class='ocrx_word' id='word_1_65' title='bbox 1357 625 1548 676; x_wconf 82' lang='lat' dir='ltr'>Protago-</span> 
     </span>
     <span class='ocr_line' id='line_1_10' title="bbox 121 682 1174 726; baseline -0.003 -3"><span class='ocrx_word' id='word_1_66' title='bbox 121 696 205 724; x_wconf 88' lang='lat' dir='ltr'>ram</span> <span class='ocrx_word' id='word_1_67' title='bbox 227 683 415 724; x_wconf 81' lang='lat' dir='ltr'>accedere</span> <span class='ocrx_word' id='word_1_68' title='bbox 438 684 689 723; x_wconf 90' lang='lat' dir='ltr'>constituunt.</span> <span class='ocrx_word' id='word_1_69' title='bbox 731 683 771 722; x_wconf 89' lang='lat' dir='ltr'>P.</span> <span class='ocrx_word' id='word_1_70' title='bbox 796 685 878 726; x_wconf 85' lang='lat'>314</span> <span class='ocrx_word' id='word_1_71' title='bbox 899 682 929 721; x_wconf 89' lang='grc' dir='ltr'>Ε</span> <span class='ocrx_word' id='word_1_72' title='bbox 957 706 1002 710; x_wconf 91' lang='grc'><strong>-</strong></span> <span class='ocrx_word' id='word_1_73' title='bbox 1029 685 1109 725; x_wconf 86' lang='grc'>316</span> <span class='ocrx_word' id='word_1_74' title='bbox 1131 682 1174 721; x_wconf 90' lang='lat' dir='ltr'>A.</span> 
     </span>
    </p>

    <p class='ocr_par' dir='ltr' id='par_1_3' title="bbox 120 739 1550 1696">
     <span class='ocr_line' id='line_1_11' title="bbox 235 739 1546 792; baseline -0.002 -11"><span class='ocrx_word' id='word_1_75' title='bbox 235 739 452 792; x_wconf 88' lang='lat' dir='ltr'>Compellat</span> <span class='ocrx_word' id='word_1_76' title='bbox 473 752 561 780; x_wconf 88' lang='lat' dir='ltr'>eum</span> <span class='ocrx_word' id='word_1_77' title='bbox 584 740 766 779; x_wconf 84' lang='lat' dir='ltr'>Socrates</span> <span class='ocrx_word' id='word_1_78' title='bbox 786 740 850 784; x_wconf 88' lang='lat' dir='ltr'>ita,</span> <span class='ocrx_word' id='word_1_79' title='bbox 874 744 916 779; x_wconf 91' lang='lat' dir='ltr'>ut</span> <span class='ocrx_word' id='word_1_80' title='bbox 938 745 1027 778; x_wconf 90' lang='lat' dir='ltr'>ante</span> <span class='ocrx_word' id='word_1_81' title='bbox 1049 740 1179 778; x_wconf 88' lang='lat' dir='ltr'>omnia</span> <span class='ocrx_word' id='word_1_82' title='bbox 1202 750 1359 778; x_wconf 87' lang='lat' dir='ltr'>causam</span> <span class='ocrx_word' id='word_1_83' title='bbox 1382 740 1546 790; x_wconf 89' lang='lat' dir='ltr'>aperiat,</span> 
     </span>
     <span class='ocr_line' id='line_1_12' title="bbox 121 796 1547 847; baseline -0.001 -10"><span class='ocrx_word' id='word_1_84' title='bbox 121 811 192 838; x_wconf 91' lang='lat' dir='ltr'>cur</span> <span class='ocrx_word' id='word_1_85' title='bbox 212 798 291 837; x_wconf 94' lang='lat' dir='ltr'>huc</span> <span class='ocrx_word' id='word_1_86' title='bbox 311 798 502 845; x_wconf 86' lang='lat' dir='ltr'>venerint,</span> <span class='ocrx_word' id='word_1_87' title='bbox 524 797 664 837; x_wconf 88' lang='lat' dir='ltr'>deinde</span> <span class='ocrx_word' id='word_1_88' title='bbox 685 797 965 847; x_wconf 84' lang='lat' dir='ltr'>Hippocratem</span> <span class='ocrx_word' id='word_1_89' title='bbox 993 801 1178 847; x_wconf 85' lang='lat' dir='ltr'>tanquam</span> <span class='ocrx_word' id='word_1_90' title='bbox 1200 796 1381 836; x_wconf 90' lang='lat' dir='ltr'>iuvenem</span> <span class='ocrx_word' id='word_1_91' title='bbox 1414 801 1452 836; x_wconf 90' lang='lat' dir='ltr'>et</span> <span class='ocrx_word' id='word_1_92' title='bbox 1479 807 1547 847; x_wconf 90' lang='lat' dir='ltr'>ge-</span> 
     </span>
     <span class='ocr_line' id='line_1_13' title="bbox 120 852 1548 905; baseline -0.001 -10"><span class='ocrx_word' id='word_1_93' title='bbox 120 867 263 895; x_wconf 89' lang='lat' dir='ltr'>nerosa</span> <span class='ocrx_word' id='word_1_94' title='bbox 272 853 404 894; x_wconf 87' lang='lat' dir='ltr'>indole</span> <span class='ocrx_word' id='word_1_95' title='bbox 416 854 636 905; x_wconf 88' lang='lat' dir='ltr'>praeditum</span> <span class='ocrx_word' id='word_1_96' title='bbox 655 858 693 893; x_wconf 91' lang='lat' dir='ltr'>et</span> <span class='ocrx_word' id='word_1_97' title='bbox 710 852 832 892; x_wconf 90' lang='lat' dir='ltr'>nobili</span> <span class='ocrx_word' id='word_1_98' title='bbox 847 853 934 892; x_wconf 93' lang='lat' dir='ltr'>loco</span> <span class='ocrx_word' id='word_1_99' title='bbox 950 858 1087 893; x_wconf 90' lang='lat' dir='ltr'>natum</span> <span class='ocrx_word' id='word_1_100' title='bbox 1105 853 1363 892; x_wconf 89' lang='lat' dir='ltr'>commendet.</span> <span class='ocrx_word' id='word_1_101' title='bbox 1402 852 1548 904; x_wconf 87' lang='lat' dir='ltr'>Optare</span> 
     </span>
     <span class='ocr_line' id='line_1_14' title="bbox 122 909 1549 962; baseline -0.001 -11"><span class='ocrx_word' id='word_1_102' title='bbox 122 916 251 952; x_wconf 90' lang='lat' dir='ltr'>autem</span> <span class='ocrx_word' id='word_1_103' title='bbox 272 923 358 951; x_wconf 89' lang='lat' dir='ltr'>sese</span> <span class='ocrx_word' id='word_1_104' title='bbox 379 912 443 957; x_wconf 91' lang='lat' dir='ltr'>ait,</span> <span class='ocrx_word' id='word_1_105' title='bbox 465 915 507 950; x_wconf 90' lang='lat' dir='ltr'>ut</span> <span class='ocrx_word' id='word_1_106' title='bbox 527 910 601 950; x_wconf 90' lang='lat' dir='ltr'>sibi</span> <span class='ocrx_word' id='word_1_107' title='bbox 620 910 735 950; x_wconf 90' lang='lat' dir='ltr'>liceat</span> <span class='ocrx_word' id='word_1_108' title='bbox 755 909 968 962; x_wconf 70' lang='lat' dir='ltr'>paullisper</span> <span class='ocrx_word' id='word_1_109' title='bbox 998 923 1087 949; x_wconf 87' lang='lat' dir='ltr'>cum</span> <span class='ocrx_word' id='word_1_110' title='bbox 1109 911 1196 962; x_wconf 91' lang='lat' dir='ltr'>ipso</span> <span class='ocrx_word' id='word_1_111' title='bbox 1220 910 1267 949; x_wconf 88' lang='lat' dir='ltr'>de</span> <span class='ocrx_word' id='word_1_112' title='bbox 1289 909 1549 950; x_wconf 87' lang='lat' dir='ltr'>adolescentis</span> 
     </span>
     <span class='ocr_line' id='line_1_15' title="bbox 120 966 1547 1020; baseline -0.001 -12"><span class='ocrx_word' id='word_1_113' title='bbox 120 969 373 1013; x_wconf 89' lang='lat' dir='ltr'>institutione,</span> <span class='ocrx_word' id='word_1_114' title='bbox 397 980 472 1020; x_wconf 89' lang='lat' dir='ltr'>qua</span> <span class='ocrx_word' id='word_1_115' title='bbox 493 980 638 1008; x_wconf 88' lang='lat' dir='ltr'>usurus</span> <span class='ocrx_word' id='word_1_116' title='bbox 660 969 721 1012; x_wconf 92' lang='lat' dir='ltr'>sit,</span> <span class='ocrx_word' id='word_1_117' title='bbox 745 966 927 1019; x_wconf 88' lang='lat' dir='ltr'>colloqui.</span> <span class='ocrx_word' id='word_1_118' title='bbox 968 967 1206 1017; x_wconf 85' lang='lat' dir='ltr'>Protagoras</span> <span class='ocrx_word' id='word_1_119' title='bbox 1236 979 1283 1006; x_wconf 88' lang='lat' dir='ltr'>ex</span> <span class='ocrx_word' id='word_1_120' title='bbox 1313 979 1359 1006; x_wconf 92' lang='lat' dir='ltr'>eo</span> <span class='ocrx_word' id='word_1_121' title='bbox 1381 968 1547 1020; x_wconf 89' lang='lat' dir='ltr'>quaerit,</span> 
     </span>
     <span class='ocr_line' id='line_1_16' title="bbox 120 1023 1549 1069; baseline -0.001 -4"><span class='ocrx_word' id='word_1_122' title='bbox 120 1026 213 1065; x_wconf 90' lang='lat' dir='ltr'>idne</span> <span class='ocrx_word' id='word_1_123' title='bbox 233 1026 395 1065; x_wconf 89' lang='lat' dir='ltr'>remotis</span> <span class='ocrx_word' id='word_1_124' title='bbox 416 1024 574 1064; x_wconf 87' lang='lat' dir='ltr'>arbitris</span> <span class='ocrx_word' id='word_1_125' title='bbox 594 1025 680 1064; x_wconf 87' lang='lat' dir='ltr'>fieri</span> <span class='ocrx_word' id='word_1_126' title='bbox 703 1023 802 1069; x_wconf 89' lang='lat' dir='ltr'>velit,</span> <span class='ocrx_word' id='word_1_127' title='bbox 834 1036 883 1063; x_wconf 87' lang='lat' dir='ltr'>an</span> <span class='ocrx_word' id='word_1_128' title='bbox 903 1025 967 1069; x_wconf 92' lang='lat' dir='ltr'>ita,</span> <span class='ocrx_word' id='word_1_129' title='bbox 991 1028 1034 1063; x_wconf 93' lang='lat' dir='ltr'>ut</span> <span class='ocrx_word' id='word_1_130' title='bbox 1055 1025 1176 1064; x_wconf 89' lang='lat' dir='ltr'>ceteri</span> <span class='ocrx_word' id='word_1_131' title='bbox 1206 1024 1376 1064; x_wconf 91' lang='lat' dir='ltr'>audiant.</span> <span class='ocrx_word' id='word_1_132' title='bbox 1419 1023 1549 1069; x_wconf 87' lang='lat' dir='ltr'>Quum</span> 
     </span>
     <span class='ocr_line' id='line_1_17' title="bbox 121 1080 1549 1133; baseline -0.002 -10"><span class='ocrx_word' id='word_1_133' title='bbox 121 1083 305 1123; x_wconf 88' lang='lat' dir='ltr'>Socrates</span> <span class='ocrx_word' id='word_1_134' title='bbox 322 1081 419 1121; x_wconf 91' lang='lat' dir='ltr'>nihil</span> <span class='ocrx_word' id='word_1_135' title='bbox 436 1094 504 1122; x_wconf 92' lang='lat' dir='ltr'>sua</span> <span class='ocrx_word' id='word_1_136' title='bbox 522 1082 714 1122; x_wconf 85' lang='lat' dir='ltr'>interesse</span> <span class='ocrx_word' id='word_1_137' title='bbox 730 1081 844 1127; x_wconf 91' lang='lat' dir='ltr'>dicat,</span> <span class='ocrx_word' id='word_1_138' title='bbox 867 1085 956 1120; x_wconf 84' lang='lat' dir='ltr'>utro</span> <span class='ocrx_word' id='word_1_139' title='bbox 967 1081 1084 1120; x_wconf 87' lang='lat' dir='ltr'>modo</span> <span class='ocrx_word' id='word_1_140' title='bbox 1096 1080 1356 1133; x_wconf 89' lang='lat' dir='ltr'>colloquatur,</span> <span class='ocrx_word' id='word_1_141' title='bbox 1374 1081 1549 1133; x_wconf 89' lang='lat' dir='ltr'>sophista</span> 
     </span>
     <span class='ocr_line' id='line_1_18' title="bbox 121 1138 1548 1191; baseline -0.001 -11"><span class='ocrx_word' id='word_1_142' title='bbox 121 1144 246 1180; x_wconf 85' lang='lat' dir='ltr'>artem</span> <span class='ocrx_word' id='word_1_143' title='bbox 274 1151 387 1179; x_wconf 85' lang='lat' dir='ltr'>suam</span> <span class='ocrx_word' id='word_1_144' title='bbox 414 1144 602 1191; x_wconf 85' lang='lat' dir='ltr'>tanquam</span> <span class='ocrx_word' id='word_1_145' title='bbox 634 1138 943 1188; x_wconf 85' lang='lat' dir='ltr'>antiquissimam</span> <span class='ocrx_word' id='word_1_146' title='bbox 973 1138 1192 1189; x_wconf 86' lang='lat' dir='ltr'>praedicat,</span> <span class='ocrx_word' id='word_1_147' title='bbox 1230 1142 1366 1190; x_wconf 89' lang='lat' dir='ltr'>utpote</span> <span class='ocrx_word' id='word_1_148' title='bbox 1394 1139 1470 1178; x_wconf 89' lang='lat' dir='ltr'>iam</span> <span class='ocrx_word' id='word_1_149' title='bbox 1500 1138 1548 1178; x_wconf 90' lang='lat' dir='ltr'>ab</span> 
     </span>
     <span class='ocr_line' id='line_1_19' title="bbox 120 1193 1550 1248; baseline -0.001 -12"><span class='ocrx_word' id='word_1_150' title='bbox 120 1197 306 1242; x_wconf 89' lang='lat' dir='ltr'>Homero,</span> <span class='ocrx_word' id='word_1_151' title='bbox 328 1195 510 1242; x_wconf 83' lang='lat' dir='ltr'>Hesiodo,</span> <span class='ocrx_word' id='word_1_152' title='bbox 543 1195 764 1240; x_wconf 89' lang='lat' dir='ltr'>Simonide,</span> <span class='ocrx_word' id='word_1_153' title='bbox 796 1193 974 1245; x_wconf 85' lang='lat' dir='ltr'>Orpheo,</span> <span class='ocrx_word' id='word_1_154' title='bbox 1005 1194 1092 1235; x_wconf 86' lang='lat' dir='ltr'>aliis</span> <span class='ocrx_word' id='word_1_155' title='bbox 1119 1196 1352 1240; x_wconf 82' lang='lat' dir='ltr'>factitatam;</span> <span class='ocrx_word' id='word_1_156' title='bbox 1385 1195 1455 1235; x_wconf 91' lang='lat' dir='ltr'>sed</span> <span class='ocrx_word' id='word_1_157' title='bbox 1476 1208 1550 1248; x_wconf 93' lang='lat' dir='ltr'>per</span> 
     </span>
     <span class='ocr_line' id='line_1_20' title="bbox 121 1251 1547 1304; baseline -0.001 -11"><span class='ocrx_word' id='word_1_158' title='bbox 121 1254 328 1293; x_wconf 92' lang='lat' dir='ltr'>hominum</span> <span class='ocrx_word' id='word_1_159' title='bbox 348 1253 552 1299; x_wconf 86' lang='lat' dir='ltr'>invidiam,</span> <span class='ocrx_word' id='word_1_160' title='bbox 589 1264 708 1303; x_wconf 89' lang='lat' dir='ltr'>quam</span> <span class='ocrx_word' id='word_1_161' title='bbox 746 1251 943 1303; x_wconf 82' lang='lat' dir='ltr'>sophistae</span> <span class='ocrx_word' id='word_1_162' title='bbox 964 1264 1164 1303; x_wconf 91' lang='lat' dir='ltr'>nunquam</span> <span class='ocrx_word' id='word_1_163' title='bbox 1185 1264 1265 1291; x_wconf 92' lang='lat' dir='ltr'>non</span> <span class='ocrx_word' id='word_1_164' title='bbox 1288 1253 1438 1304; x_wconf 85' lang='lat' dir='ltr'>experti</span> <span class='ocrx_word' id='word_1_165' title='bbox 1459 1254 1547 1299; x_wconf 88' lang='lat' dir='ltr'>sint,</span> 
     </span>
     <span class='ocr_line' id='line_1_21' title="bbox 121 1307 1548 1361; baseline 0 -11"><span class='ocrx_word' id='word_1_166' title='bbox 121 1311 267 1350; x_wconf 84' lang='lat' dir='ltr'>factum</span> <span class='ocrx_word' id='word_1_167' title='bbox 303 1322 390 1350; x_wconf 89' lang='lat' dir='ltr'>esse</span> <span class='ocrx_word' id='word_1_168' title='bbox 425 1309 700 1361; x_wconf 87' lang='lat' dir='ltr'>conqueritur,</span> <span class='ocrx_word' id='word_1_169' title='bbox 745 1313 789 1347; x_wconf 90' lang='lat' dir='ltr'>ut</span> <span class='ocrx_word' id='word_1_170' title='bbox 824 1307 1026 1348; x_wconf 86' lang='lat' dir='ltr'>clarissimi</span> <span class='ocrx_word' id='word_1_171' title='bbox 1067 1308 1121 1348; x_wconf 91' lang='lat' dir='ltr'>illi</span> <span class='ocrx_word' id='word_1_172' title='bbox 1156 1310 1228 1348; x_wconf 87' lang='lat' dir='ltr'>viri</span> <span class='ocrx_word' id='word_1_173' title='bbox 1262 1308 1548 1361; x_wconf 86' lang='lat' dir='ltr'>professionem</span> 
     </span>
     <span class='ocr_line' id='line_1_22' title="bbox 122 1365 1548 1420; baseline -0.001 -13"><span class='ocrx_word' id='word_1_174' title='bbox 122 1367 349 1420; x_wconf 91' lang='lat' dir='ltr'>disciplinae</span> <span class='ocrx_word' id='word_1_175' title='bbox 370 1366 619 1418; x_wconf 88' lang='lat' dir='ltr'>sophisticae,</span> <span class='ocrx_word' id='word_1_176' title='bbox 642 1365 726 1405; x_wconf 88' lang='lat' dir='ltr'>aliis</span> <span class='ocrx_word' id='word_1_177' title='bbox 754 1365 982 1405; x_wconf 85' lang='lat' dir='ltr'>nominihus</span> <span class='ocrx_word' id='word_1_178' title='bbox 1002 1366 1248 1416; x_wconf 87' lang='lat' dir='ltr'>insignitam,</span> <span class='ocrx_word' id='word_1_179' title='bbox 1279 1367 1454 1407; x_wconf 89' lang='lat' dir='ltr'>studiose</span> <span class='ocrx_word' id='word_1_180' title='bbox 1483 1379 1548 1406; x_wconf 89' lang='lat' dir='ltr'>oc-</span> 
     </span>
     <span class='ocr_line' id='line_1_23' title="bbox 122 1422 1550 1474; baseline -0.001 -9"><span class='ocrx_word' id='word_1_181' title='bbox 122 1424 372 1465; x_wconf 87' lang='lat' dir='ltr'>cultaverint:</span> <span class='ocrx_word' id='word_1_182' title='bbox 394 1423 510 1474; x_wconf 92' lang='lat' dir='ltr'>longe</span> <span class='ocrx_word' id='word_1_183' title='bbox 532 1422 644 1463; x_wconf 87' lang='lat' dir='ltr'>aliter</span> <span class='ocrx_word' id='word_1_184' title='bbox 662 1428 792 1462; x_wconf 90' lang='lat' dir='ltr'>tamen</span> <span class='ocrx_word' id='word_1_185' title='bbox 813 1435 899 1462; x_wconf 88' lang='lat' dir='ltr'>sese</span> <span class='ocrx_word' id='word_1_186' title='bbox 920 1423 1050 1462; x_wconf 82' lang='lat' dir='ltr'>facere</span> <span class='ocrx_word' id='word_1_187' title='bbox 1066 1423 1207 1468; x_wconf 89' lang='lat' dir='ltr'>solere,</span> <span class='ocrx_word' id='word_1_188' title='bbox 1231 1428 1274 1462; x_wconf 90' lang='lat' dir='ltr'>ut</span> <span class='ocrx_word' id='word_1_189' title='bbox 1295 1424 1362 1474; x_wconf 91' lang='lat' dir='ltr'>qui</span> <span class='ocrx_word' id='word_1_190' title='bbox 1383 1423 1550 1463; x_wconf 89' lang='lat' dir='ltr'>aliorum</span> 
     </span>
     <span class='ocr_line' id='line_1_24' title="bbox 121 1479 1550 1532; baseline -0.001 -11"><span class='ocrx_word' id='word_1_191' title='bbox 121 1481 304 1521; x_wconf 89' lang='lat' dir='ltr'>invidiam</span> <span class='ocrx_word' id='word_1_192' title='bbox 341 1486 380 1520; x_wconf 88' lang='lat' dir='ltr'>et</span> <span class='ocrx_word' id='word_1_193' title='bbox 414 1480 548 1520; x_wconf 90' lang='lat' dir='ltr'>odium</span> <span class='ocrx_word' id='word_1_194' title='bbox 584 1479 679 1519; x_wconf 91' lang='lat' dir='ltr'>nihil</span> <span class='ocrx_word' id='word_1_195' title='bbox 707 1480 854 1519; x_wconf 82' lang='lat' dir='ltr'>veritus</span> <span class='ocrx_word' id='word_1_196' title='bbox 892 1492 935 1519; x_wconf 89' lang='lat' dir='ltr'>se</span> <span class='ocrx_word' id='word_1_197' title='bbox 973 1479 1188 1531; x_wconf 89' lang='lat' dir='ltr'>sophistam</span> <span class='ocrx_word' id='word_1_198' title='bbox 1216 1479 1340 1520; x_wconf 89' lang='lat' dir='ltr'>libere</span> <span class='ocrx_word' id='word_1_199' title='bbox 1369 1480 1550 1532; x_wconf 87' lang='lat' dir='ltr'>profiteri</span> 
     </span>
     <span class='ocr_line' id='line_1_25' title="bbox 121 1535 1548 1590; baseline -0.001 -12"><span class='ocrx_word' id='word_1_200' title='bbox 121 1550 323 1590; x_wconf 89' lang='lat' dir='ltr'>nunquam</span> <span class='ocrx_word' id='word_1_201' title='bbox 345 1537 592 1577; x_wconf 85' lang='lat' dir='ltr'>dubitaverit.</span> <span class='ocrx_word' id='word_1_202' title='bbox 641 1536 777 1587; x_wconf 90' lang='lat' dir='ltr'>ltaque</span> <span class='ocrx_word' id='word_1_203' title='bbox 805 1535 903 1576; x_wconf 87' lang='lat' dir='ltr'>nihil</span> <span class='ocrx_word' id='word_1_204' title='bbox 935 1537 987 1576; x_wconf 89' lang='lat' dir='ltr'>ait</span> <span class='ocrx_word' id='word_1_205' title='bbox 1016 1536 1195 1583; x_wconf 88' lang='lat' dir='ltr'>obstare,</span> <span class='ocrx_word' id='word_1_206' title='bbox 1234 1550 1312 1589; x_wconf 87' lang='lat' dir='ltr'>quo</span> <span class='ocrx_word' id='word_1_207' title='bbox 1342 1538 1472 1577; x_wconf 89' lang='lat' dir='ltr'>minus</span> <span class='ocrx_word' id='word_1_208' title='bbox 1500 1538 1548 1578; x_wconf 88' lang='lat' dir='ltr'>de</span> 
     </span>
     <span class='ocr_line' id='line_1_26' title="bbox 122 1593 1547 1647; baseline -0.001 -12"><span class='ocrx_word' id='word_1_209' title='bbox 122 1596 371 1647; x_wconf 88' lang='lat' dir='ltr'>Hippocratis</span> <span class='ocrx_word' id='word_1_210' title='bbox 394 1595 638 1634; x_wconf 87' lang='lat' dir='ltr'>institutione</span> <span class='ocrx_word' id='word_1_211' title='bbox 669 1606 803 1633; x_wconf 91' lang='lat' dir='ltr'>coram</span> <span class='ocrx_word' id='word_1_212' title='bbox 845 1593 1028 1633; x_wconf 88' lang='lat' dir='ltr'>omnibus</span> <span class='ocrx_word' id='word_1_213' title='bbox 1065 1593 1305 1646; x_wconf 88' lang='lat' dir='ltr'>colloquium</span> <span class='ocrx_word' id='word_1_214' title='bbox 1332 1595 1547 1635; x_wconf 88' lang='lat' dir='ltr'>instituant.</span> 
     </span>
     <span class='ocr_line' id='line_1_27' title="bbox 120 1652 561 1696; baseline -0.005 -3"><span class='ocrx_word' id='word_1_215' title='bbox 120 1653 163 1693; x_wconf 88' lang='lat' dir='ltr'>P.</span> <span class='ocrx_word' id='word_1_216' title='bbox 187 1655 268 1696; x_wconf 88' lang='lat'>316</span> <span class='ocrx_word' id='word_1_217' title='bbox 288 1652 319 1692; x_wconf 86' lang='lat' dir='ltr'>A</span> <span class='ocrx_word' id='word_1_218' title='bbox 342 1675 393 1681; x_wconf 89' lang='lat'>—</span> <span class='ocrx_word' id='word_1_219' title='bbox 417 1655 498 1695; x_wconf 89' lang='grc'>317</span> <span class='ocrx_word' id='word_1_220' title='bbox 521 1652 561 1691; x_wconf 87' lang='lat' dir='ltr'>C.</span> 
     </span>
    </p>

    <p class='ocr_par' dir='ltr' id='par_1_4' title="bbox 123 1707 1551 2434">
     <span class='ocr_line' id='line_1_28' title="bbox 237 1707 1545 1760; baseline -0.001 -11"><span class='ocrx_word' id='word_1_221' title='bbox 237 1708 354 1749; x_wconf 88' lang='lat' dir='ltr'>Callia</span> <span class='ocrx_word' id='word_1_222' title='bbox 376 1713 536 1748; x_wconf 89' lang='lat' dir='ltr'>auctore</span> <span class='ocrx_word' id='word_1_223' title='bbox 555 1708 595 1746; x_wconf 91' lang='lat' dir='ltr'>in</span> <span class='ocrx_word' id='word_1_224' title='bbox 617 1720 662 1748; x_wconf 92' lang='lat' dir='ltr'>ea</span> <span class='ocrx_word' id='word_1_225' title='bbox 683 1707 838 1747; x_wconf 91' lang='lat' dir='ltr'>aedium</span> <span class='ocrx_word' id='word_1_226' title='bbox 860 1712 985 1759; x_wconf 89' lang='lat' dir='ltr'>parte,</span> <span class='ocrx_word' id='word_1_227' title='bbox 1015 1708 1055 1747; x_wconf 89' lang='lat' dir='ltr'>in</span> <span class='ocrx_word' id='word_1_228' title='bbox 1076 1720 1151 1760; x_wconf 90' lang='lat' dir='ltr'>qua</span> <span class='ocrx_word' id='word_1_229' title='bbox 1173 1708 1334 1760; x_wconf 90' lang='lat' dir='ltr'>Hippias</span> <span class='ocrx_word' id='word_1_230' title='bbox 1356 1720 1444 1748; x_wconf 84' lang='lat' dir='ltr'>cum</span> <span class='ocrx_word' id='word_1_231' title='bbox 1465 1709 1545 1748; x_wconf 88' lang='lat' dir='ltr'>suis</span> 
     </span>
     <span class='ocr_line' id='line_1_29' title="bbox 124 1764 1551 1817; baseline 0.001 -12"><span class='ocrx_word' id='word_1_232' title='bbox 124 1770 313 1811; x_wconf 86' lang='lat' dir='ltr'>versatur,</span> <span class='ocrx_word' id='word_1_233' title='bbox 336 1766 378 1804; x_wconf 84' lang='lat' dir='ltr'>fit</span> <span class='ocrx_word' id='word_1_234' title='bbox 399 1777 625 1810; x_wconf 89' lang='lat' dir='ltr'>consessus,</span> <span class='ocrx_word' id='word_1_235' title='bbox 656 1765 704 1804; x_wconf 89' lang='lat' dir='ltr'>ad</span> <span class='ocrx_word' id='word_1_236' title='bbox 725 1777 841 1817; x_wconf 88' lang='lat' dir='ltr'>quem</span> <span class='ocrx_word' id='word_1_237' title='bbox 872 1765 988 1804; x_wconf 89' lang='lat' dir='ltr'>etiam</span> <span class='ocrx_word' id='word_1_238' title='bbox 1008 1764 1199 1805; x_wconf 85' lang='lat' dir='ltr'>Prodicus</span> <span class='ocrx_word' id='word_1_239' title='bbox 1220 1765 1268 1804; x_wconf 88' lang='lat' dir='ltr'>ab</span> <span class='ocrx_word' id='word_1_240' title='bbox 1289 1764 1491 1806; x_wconf 83' lang='lat' dir='ltr'>Alcibiade</span> <span class='ocrx_word' id='word_1_241' title='bbox 1513 1771 1551 1806; x_wconf 89' lang='lat' dir='ltr'>et</span> 
     </span>
     <span class='ocr_line' id='line_1_30' title="bbox 125 1821 1548 1867; baseline 0 -5"><span class='ocrx_word' id='word_1_242' title='bbox 125 1823 242 1863; x_wconf 86' lang='lat' dir='ltr'>Critia</span> <span class='ocrx_word' id='word_1_243' title='bbox 276 1823 499 1862; x_wconf 89' lang='lat' dir='ltr'>arcessitur.</span> <span class='ocrx_word' id='word_1_244' title='bbox 560 1821 723 1861; x_wconf 85' lang='lat' dir='ltr'>Orditur</span> <span class='ocrx_word' id='word_1_245' title='bbox 744 1822 822 1861; x_wconf 91' lang='lat' dir='ltr'>iam</span> <span class='ocrx_word' id='word_1_246' title='bbox 846 1821 1028 1861; x_wconf 89' lang='lat' dir='ltr'>Socrates</span> <span class='ocrx_word' id='word_1_247' title='bbox 1067 1834 1290 1862; x_wconf 85' lang='lat' dir='ltr'>sermonem</span> <span class='ocrx_word' id='word_1_248' title='bbox 1319 1823 1392 1867; x_wconf 85' lang='lat' dir='ltr'>ita,</span> <span class='ocrx_word' id='word_1_249' title='bbox 1429 1827 1473 1862; x_wconf 90' lang='lat' dir='ltr'>ut</span> <span class='ocrx_word' id='word_1_250' title='bbox 1502 1836 1548 1863; x_wconf 90' lang='lat' dir='ltr'>ex</span> 
     </span>
     <span class='ocr_line' id='line_1_31' title="bbox 124 1877 1548 1931; baseline 0 -12"><span class='ocrx_word' id='word_1_251' title='bbox 124 1880 340 1931; x_wconf 86' lang='lat' dir='ltr'>Protagora</span> <span class='ocrx_word' id='word_1_252' title='bbox 363 1883 539 1930; x_wconf 80' lang='lat' dir='ltr'>quaerat,</span> <span class='ocrx_word' id='word_1_253' title='bbox 563 1877 746 1930; x_wconf 90' lang='lat' dir='ltr'>quidnam</span> <span class='ocrx_word' id='word_1_254' title='bbox 764 1877 939 1917; x_wconf 85' lang='lat' dir='ltr'>utilitatis</span> <span class='ocrx_word' id='word_1_255' title='bbox 955 1878 1183 1930; x_wconf 88' lang='lat' dir='ltr'>Hippocrati</span> <span class='ocrx_word' id='word_1_256' title='bbox 1198 1881 1282 1919; x_wconf 92' lang='lat' dir='ltr'>eius</span> <span class='ocrx_word' id='word_1_257' title='bbox 1304 1880 1548 1920; x_wconf 88' lang='lat' dir='ltr'>consuetudo</span> 
     </span>
     <span class='ocr_line' id='line_1_32' title="bbox 124 1934 1551 1988; baseline 0 -12"><span class='ocrx_word' id='word_1_258' title='bbox 124 1949 170 1976; x_wconf 91' lang='lat' dir='ltr'>ac</span> <span class='ocrx_word' id='word_1_259' title='bbox 200 1935 402 1987; x_wconf 90' lang='lat' dir='ltr'>disciplina</span> <span class='ocrx_word' id='word_1_260' title='bbox 434 1935 596 1975; x_wconf 86' lang='lat' dir='ltr'>allatura</span> <span class='ocrx_word' id='word_1_261' title='bbox 624 1935 686 1974; x_wconf 93' lang='lat' dir='ltr'>sit.</span> <span class='ocrx_word' id='word_1_262' title='bbox 735 1934 962 1986; x_wconf 90' lang='lat' dir='ltr'>Respondet</span> <span class='ocrx_word' id='word_1_263' title='bbox 996 1936 1169 1987; x_wconf 89' lang='lat' dir='ltr'>sophista</span> <span class='ocrx_word' id='word_1_264' title='bbox 1197 1948 1339 1988; x_wconf 89' lang='lat' dir='ltr'>magna</span> <span class='ocrx_word' id='word_1_265' title='bbox 1374 1949 1463 1976; x_wconf 91' lang='lat' dir='ltr'>cum</span> <span class='ocrx_word' id='word_1_266' title='bbox 1491 1938 1551 1976; x_wconf 89' lang='lat' dir='ltr'>sui</span> 
     </span>
     <span class='ocr_line' id='line_1_33' title="bbox 124 1991 1549 2046; baseline 0.001 -13"><span class='ocrx_word' id='word_1_267' title='bbox 124 1994 306 2033; x_wconf 84' lang='lat' dir='ltr'>iactantia</span> <span class='ocrx_word' id='word_1_268' title='bbox 328 2005 418 2032; x_wconf 92' lang='lat' dir='ltr'>eum</span> <span class='ocrx_word' id='word_1_269' title='bbox 438 1992 515 2032; x_wconf 90' lang='lat' dir='ltr'>hoc</span> <span class='ocrx_word' id='word_1_270' title='bbox 536 1991 733 2032; x_wconf 88' lang='lat' dir='ltr'>commodi</span> <span class='ocrx_word' id='word_1_271' title='bbox 766 1992 855 2032; x_wconf 90' lang='lat' dir='ltr'>inde</span> <span class='ocrx_word' id='word_1_272' title='bbox 876 1996 1179 2045; x_wconf 87' lang='lat' dir='ltr'>percepturum,</span> <span class='ocrx_word' id='word_1_273' title='bbox 1211 1998 1255 2032; x_wconf 83' lang='lat' dir='ltr'>ut</span> <span class='ocrx_word' id='word_1_274' title='bbox 1275 1994 1447 2046; x_wconf 89' lang='lat' dir='ltr'>quotidie</span> <span class='ocrx_word' id='word_1_275' title='bbox 1467 2007 1549 2034; x_wconf 91' lang='lat' dir='ltr'>me—</span> 
     </span>
     <span class='ocr_line' id='line_1_34' title="bbox 124 2049 1548 2102; baseline 0.001 -13"><span class='ocrx_word' id='word_1_276' title='bbox 124 2051 197 2089; x_wconf 91' lang='lat' dir='ltr'>lior</span> <span class='ocrx_word' id='word_1_277' title='bbox 219 2062 264 2089; x_wconf 88' lang='lat' dir='ltr'>ac</span> <span class='ocrx_word' id='word_1_278' title='bbox 284 2050 496 2101; x_wconf 88' lang='lat' dir='ltr'>sapientior</span> <span class='ocrx_word' id='word_1_279' title='bbox 519 2049 666 2089; x_wconf 87' lang='lat' dir='ltr'>evadat.</span> <span class='ocrx_word' id='word_1_280' title='bbox 707 2049 831 2089; x_wconf 88' lang='lat' dir='ltr'>Porro</span> <span class='ocrx_word' id='word_1_281' title='bbox 849 2054 979 2090; x_wconf 86' lang='lat' dir='ltr'>autem</span> <span class='ocrx_word' id='word_1_282' title='bbox 996 2050 1255 2102; x_wconf 85' lang='lat' dir='ltr'>interroganti</span> <span class='ocrx_word' id='word_1_283' title='bbox 1268 2051 1429 2097; x_wconf 88' lang='lat' dir='ltr'>Socrati,</span> <span class='ocrx_word' id='word_1_284' title='bbox 1454 2063 1548 2102; x_wconf 89' lang='lat' dir='ltr'>qua·</span> 
     </span>
     <span class='ocr_line' id='line_1_35' title="bbox 125 2104 1548 2159; baseline 0.001 -13"><span class='ocrx_word' id='word_1_285' title='bbox 125 2119 214 2146; x_wconf 90' lang='lat' dir='ltr'>nam</span> <span class='ocrx_word' id='word_1_286' title='bbox 235 2107 278 2145; x_wconf 90' lang='lat' dir='ltr'>in</span> <span class='ocrx_word' id='word_1_287' title='bbox 298 2119 342 2146; x_wconf 91' lang='lat' dir='ltr'>re</span> <span class='ocrx_word' id='word_1_288' title='bbox 365 2111 403 2146; x_wconf 90' lang='lat' dir='ltr'>et</span> <span class='ocrx_word' id='word_1_289' title='bbox 423 2106 471 2146; x_wconf 90' lang='lat' dir='ltr'>ad</span> <span class='ocrx_word' id='word_1_290' title='bbox 503 2107 594 2158; x_wconf 88' lang='lat' dir='ltr'>quid</span> <span class='ocrx_word' id='word_1_291' title='bbox 617 2104 755 2146; x_wconf 85' lang='lat' dir='ltr'>melior</span> <span class='ocrx_word' id='word_1_292' title='bbox 777 2107 824 2146; x_wconf 87' lang='lat' dir='ltr'>sit</span> <span class='ocrx_word' id='word_1_293' title='bbox 846 2118 1044 2153; x_wconf 87' lang='lat' dir='ltr'>evasurus,</span> <span class='ocrx_word' id='word_1_294' title='bbox 1075 2119 1163 2146; x_wconf 91' lang='lat' dir='ltr'>cum</span> <span class='ocrx_word' id='word_1_295' title='bbox 1185 2107 1357 2159; x_wconf 90' lang='lat' dir='ltr'>superba</span> <span class='ocrx_word' id='word_1_296' title='bbox 1383 2107 1548 2148; x_wconf 88' lang='lat' dir='ltr'>aliorum</span> 
     </span>
     <span class='ocr_line' id='line_1_36' title="bbox 125 2163 1548 2216; baseline 0.001 -13"><span class='ocrx_word' id='word_1_297' title='bbox 125 2163 390 2215; x_wconf 86' lang='lat' dir='ltr'>sophistarum</span> <span class='ocrx_word' id='word_1_298' title='bbox 412 2164 703 2216; x_wconf 88' lang='lat' dir='ltr'>contemptione</span> <span class='ocrx_word' id='word_1_299' title='bbox 724 2174 803 2203; x_wconf 92' lang='lat' dir='ltr'>non</span> <span class='ocrx_word' id='word_1_300' title='bbox 826 2175 915 2204; x_wconf 90' lang='lat' dir='ltr'>eum</span> <span class='ocrx_word' id='word_1_301' title='bbox 933 2164 984 2203; x_wconf 92' lang='lat' dir='ltr'>ait</span> <span class='ocrx_word' id='word_1_302' title='bbox 1004 2164 1043 2203; x_wconf 93' lang='lat' dir='ltr'>in</span> <span class='ocrx_word' id='word_1_303' title='bbox 1065 2164 1347 2211; x_wconf 86' lang='lat' dir='ltr'>arithmeticae,</span> <span class='ocrx_word' id='word_1_304' title='bbox 1370 2170 1548 2205; x_wconf 89' lang='lat' dir='ltr'>astrono-</span> 
     </span>
     <span class='ocr_line' id='line_1_37' title="bbox 125 2220 1547 2272; baseline 0 -12"><span class='ocrx_word' id='word_1_305' title='bbox 125 2221 238 2266; x_wconf 90' lang='lat' dir='ltr'>miae,</span> <span class='ocrx_word' id='word_1_306' title='bbox 261 2221 510 2272; x_wconf 86' lang='lat' dir='ltr'>geometriae,</span> <span class='ocrx_word' id='word_1_307' title='bbox 532 2221 705 2260; x_wconf 87' lang='lat' dir='ltr'>musicae</span> <span class='ocrx_word' id='word_1_308' title='bbox 725 2220 860 2260; x_wconf 89' lang='lat' dir='ltr'>studiis</span> <span class='ocrx_word' id='word_1_309' title='bbox 881 2221 1027 2260; x_wconf 82' lang='lat' dir='ltr'>frustra</span> <span class='ocrx_word' id='word_1_310' title='bbox 1050 2221 1252 2261; x_wconf 89' lang='lat' dir='ltr'>detentum</span> <span class='ocrx_word' id='word_1_311' title='bbox 1281 2223 1349 2268; x_wconf 89' lang='lat' dir='ltr'>iri,</span> <span class='ocrx_word' id='word_1_312' title='bbox 1380 2222 1450 2262; x_wconf 90' lang='lat' dir='ltr'>sed</span> <span class='ocrx_word' id='word_1_313' title='bbox 1472 2226 1547 2261; x_wconf 88' lang='lat' dir='ltr'>sta-</span> 
     </span>
     <span class='ocr_line' id='line_1_38' title="bbox 125 2277 1549 2330; baseline 0.001 -14"><span class='ocrx_word' id='word_1_314' title='bbox 125 2278 193 2316; x_wconf 90' lang='lat' dir='ltr'>tim</span> <span class='ocrx_word' id='word_1_315' title='bbox 222 2281 476 2328; x_wconf 87' lang='lat' dir='ltr'>accepturum</span> <span class='ocrx_word' id='word_1_316' title='bbox 513 2290 615 2330; x_wconf 88' lang='lat' dir='ltr'>quae</span> <span class='ocrx_word' id='word_1_317' title='bbox 651 2277 699 2317; x_wconf 91' lang='lat' dir='ltr'>ad</span> <span class='ocrx_word' id='word_1_318' title='bbox 733 2289 798 2318; x_wconf 90' lang='lat' dir='ltr'>res</span> <span class='ocrx_word' id='word_1_319' title='bbox 834 2290 957 2330; x_wconf 91' lang='lat' dir='ltr'>quum</span> <span class='ocrx_word' id='word_1_320' title='bbox 993 2278 1227 2318; x_wconf 89' lang='lat' dir='ltr'>domesticas</span> <span class='ocrx_word' id='word_1_321' title='bbox 1257 2283 1340 2318; x_wconf 89' lang='lat' dir='ltr'>tum</span> <span class='ocrx_word' id='word_1_322' title='bbox 1370 2278 1549 2329; x_wconf 89' lang='lat' dir='ltr'>publicas</span> 
     </span>
     <span class='ocr_line' id='line_1_39' title="bbox 123 2332 1547 2389; baseline 0.001 -16"><span class='ocrx_word' id='word_1_323' title='bbox 123 2333 226 2374; x_wconf 89' lang='lat' dir='ltr'>bene</span> <span class='ocrx_word' id='word_1_324' title='bbox 247 2333 573 2374; x_wconf 89' lang='lat' dir='ltr'>administrandas</span> <span class='ocrx_word' id='word_1_325' title='bbox 591 2333 753 2381; x_wconf 89' lang='lat' dir='ltr'>valeant,</span> <span class='ocrx_word' id='word_1_326' title='bbox 774 2340 1137 2387; x_wconf 88' lang='lat' dir='ltr'>percepturumqne</span> <span class='ocrx_word' id='word_1_327' title='bbox 1158 2339 1283 2375; x_wconf 87' lang='lat' dir='ltr'>artem</span> <span class='ocrx_word' id='word_1_328' title='bbox 1300 2332 1547 2389; x_wconf 81' lang='grc' dir='ltr'><em>πολιτικήν.</em></span> 
     </span>
     <span class='ocr_line' id='line_1_40' title="bbox 124 2390 562 2434; baseline 0 -4"><span class='ocrx_word' id='word_1_329' title='bbox 124 2391 166 2430; x_wconf 87' lang='grc' dir='ltr'>Ρ.</span> <span class='ocrx_word' id='word_1_330' title='bbox 189 2394 270 2434; x_wconf 88' lang='grc'>317</span> <span class='ocrx_word' id='word_1_331' title='bbox 292 2390 320 2430; x_wconf 90' lang='lat' dir='ltr'>C</span> <span class='ocrx_word' id='word_1_332' title='bbox 341 2413 396 2418; x_wconf 93' lang='lat'><strong>—</strong></span> <span class='ocrx_word' id='word_1_333' title='bbox 418 2393 499 2434; x_wconf 84' lang='lat'>319</span> <span class='ocrx_word' id='word_1_334' title='bbox 519 2391 562 2430; x_wconf 90' lang='lat' dir='ltr'>A.</span> 
     </span>
    </p>

    <p class='ocr_par' dir='ltr' id='par_1_5' title="bbox 124 2447 1547 2900">
     <span class='ocr_line' id='line_1_41' title="bbox 236 2447 1547 2502; baseline 0.002 -15"><span class='ocrx_word' id='word_1_335' title='bbox 236 2447 399 2487; x_wconf 91' lang='lat' dir='ltr'>Miratur</span> <span class='ocrx_word' id='word_1_336' title='bbox 434 2447 616 2487; x_wconf 89' lang='lat' dir='ltr'>Socrates</span> <span class='ocrx_word' id='word_1_337' title='bbox 651 2447 891 2500; x_wconf 88' lang='lat' dir='ltr'>singularem</span> <span class='ocrx_word' id='word_1_338' title='bbox 936 2449 1008 2488; x_wconf 88' lang='lat' dir='ltr'>viri</span> <span class='ocrx_word' id='word_1_339' title='bbox 1045 2449 1297 2500; x_wconf 88' lang='lat' dir='ltr'>sapientiam,</span> <span class='ocrx_word' id='word_1_340' title='bbox 1343 2449 1547 2502; x_wconf 87' lang='lat' dir='ltr'>libereque</span> 
     </span>
     <span class='ocr_line' id='line_1_42' title="bbox 124 2504 1546 2558; baseline 0.001 -14"><span class='ocrx_word' id='word_1_341' title='bbox 124 2504 330 2544; x_wconf 88' lang='lat' dir='ltr'>confitetur</span> <span class='ocrx_word' id='word_1_342' title='bbox 351 2504 399 2543; x_wconf 89' lang='lat' dir='ltr'>de</span> <span class='ocrx_word' id='word_1_343' title='bbox 419 2504 561 2543; x_wconf 89' lang='lat' dir='ltr'>virtute</span> <span class='ocrx_word' id='word_1_344' title='bbox 591 2504 694 2544; x_wconf 89' lang='lat' dir='ltr'>civili</span> <span class='ocrx_word' id='word_1_345' title='bbox 723 2505 796 2546; x_wconf 89' lang='lat' dir='ltr'>sibi</span> <span class='ocrx_word' id='word_1_346' title='bbox 825 2518 981 2558; x_wconf 90' lang='lat' dir='ltr'>semper</span> <span class='ocrx_word' id='word_1_347' title='bbox 1011 2506 1063 2544; x_wconf 90' lang='lat' dir='ltr'>ita</span> <span class='ocrx_word' id='word_1_348' title='bbox 1092 2506 1217 2545; x_wconf 84' lang='lat' dir='ltr'>visum</span> <span class='ocrx_word' id='word_1_349' title='bbox 1249 2518 1353 2552; x_wconf 88' lang='lat' dir='ltr'>esse,</span> <span class='ocrx_word' id='word_1_350' title='bbox 1392 2512 1434 2547; x_wconf 91' lang='lat' dir='ltr'>ut</span> <span class='ocrx_word' id='word_1_351' title='bbox 1463 2519 1546 2546; x_wconf 85' lang='lat' dir='ltr'>eam</span> 
     </span>
     <span class='ocr_line' id='line_1_43' title="bbox 124 2561 1547 2614; baseline 0.001 -14"><span class='ocrx_word' id='word_1_352' title='bbox 124 2561 301 2601; x_wconf 87' lang='lat' dir='ltr'>doctrina</span> <span class='ocrx_word' id='word_1_353' title='bbox 322 2566 359 2600; x_wconf 91' lang='lat' dir='ltr'>et</span> <span class='ocrx_word' id='word_1_354' title='bbox 378 2561 620 2602; x_wconf 88' lang='lat' dir='ltr'>institutione</span> <span class='ocrx_word' id='word_1_355' title='bbox 647 2574 727 2601; x_wconf 91' lang='lat' dir='ltr'>non</span> <span class='ocrx_word' id='word_1_356' title='bbox 755 2574 870 2614; x_wconf 90' lang='lat' dir='ltr'>posse</span> <span class='ocrx_word' id='word_1_357' title='bbox 899 2563 1120 2614; x_wconf 87' lang='lat' dir='ltr'>comparari</span> <span class='ocrx_word' id='word_1_358' title='bbox 1147 2562 1388 2603; x_wconf 84' lang='lat' dir='ltr'>iudicaverit.</span> <span class='ocrx_word' id='word_1_359' title='bbox 1449 2563 1547 2602; x_wconf 90' lang='lat' dir='ltr'>Nam</span> 
     </span>
     <span class='ocr_line' id='line_1_44' title="bbox 124 2617 1547 2672; baseline 0.002 -16"><span class='ocrx_word' id='word_1_360' title='bbox 124 2617 380 2658; x_wconf 86' lang='lat' dir='ltr'>Athenienses</span> <span class='ocrx_word' id='word_1_361' title='bbox 402 2617 559 2671; x_wconf 91' lang='lat' dir='ltr'>quidem</span> <span class='ocrx_word' id='word_1_362' title='bbox 582 2623 698 2665; x_wconf 88' lang='lat' dir='ltr'>certe,</span> <span class='ocrx_word' id='word_1_363' title='bbox 720 2620 856 2672; x_wconf 85' lang='lat' dir='ltr'>inquit,</span> <span class='ocrx_word' id='word_1_364' title='bbox 880 2619 927 2659; x_wconf 90' lang='lat' dir='ltr'>de</span> <span class='ocrx_word' id='word_1_365' title='bbox 948 2618 1080 2665; x_wconf 78' lang='lat' dir='ltr'>rebus,</span> <span class='ocrx_word' id='word_1_366' title='bbox 1104 2631 1204 2671; x_wconf 91' lang='lat' dir='ltr'>quae</span> <span class='ocrx_word' id='word_1_367' title='bbox 1224 2621 1385 2660; x_wconf 87' lang='lat' dir='ltr'>scientia</span> <span class='ocrx_word' id='word_1_368' title='bbox 1407 2625 1444 2659; x_wconf 91' lang='lat' dir='ltr'>et</span> <span class='ocrx_word' id='word_1_369' title='bbox 1464 2623 1547 2659; x_wconf 90' lang='lat' dir='ltr'>arte</span> 
     </span>
     <span class='ocr_line' id='line_1_45' title="bbox 125 2675 1546 2727; baseline 0.004 -14"><span class='ocrx_word' id='word_1_370' title='bbox 125 2675 314 2721; x_wconf 88' lang='lat' dir='ltr'>nituntur,</span> <span class='ocrx_word' id='word_1_371' title='bbox 337 2686 494 2727; x_wconf 88' lang='lat' dir='ltr'>semper</span> <span class='ocrx_word' id='word_1_372' title='bbox 511 2675 604 2714; x_wconf 88' lang='lat' dir='ltr'>artis</span> <span class='ocrx_word' id='word_1_373' title='bbox 625 2677 771 2726; x_wconf 87' lang='lat' dir='ltr'>peritos</span> <span class='ocrx_word' id='word_1_374' title='bbox 787 2678 827 2716; x_wconf 91' lang='lat' dir='ltr'>in</span> <span class='ocrx_word' id='word_1_375' title='bbox 845 2675 1047 2716; x_wconf 86' lang='lat' dir='ltr'>consilium</span> <span class='ocrx_word' id='word_1_376' title='bbox 1065 2676 1272 2722; x_wconf 86' lang='lat' dir='ltr'>adhibent;</span> <span class='ocrx_word' id='word_1_377' title='bbox 1297 2677 1345 2716; x_wconf 89' lang='lat' dir='ltr'>de</span> <span class='ocrx_word' id='word_1_378' title='bbox 1361 2677 1406 2715; x_wconf 92' lang='lat' dir='ltr'>iis</span> <span class='ocrx_word' id='word_1_379' title='bbox 1426 2676 1546 2718; x_wconf 88' lang='lat' dir='ltr'>rebus</span> 
     </span>
     <span class='ocr_line' id='line_1_46' title="bbox 124 2731 1542 2785; baseline 0.003 -15"><span class='ocrx_word' id='word_1_380' title='bbox 124 2735 266 2778; x_wconf 88' lang='lat' dir='ltr'>autem,</span> <span class='ocrx_word' id='word_1_381' title='bbox 289 2743 388 2783; x_wconf 90' lang='lat' dir='ltr'>quae</span> <span class='ocrx_word' id='word_1_382' title='bbox 408 2731 636 2772; x_wconf 87' lang='lat' dir='ltr'>referuntur</span> <span class='ocrx_word' id='word_1_383' title='bbox 656 2733 704 2772; x_wconf 92' lang='lat' dir='ltr'>ad</span> <span class='ocrx_word' id='word_1_384' title='bbox 724 2733 965 2785; x_wconf 89' lang='lat' dir='ltr'>reipublicae</span> <span class='ocrx_word' id='word_1_385' title='bbox 979 2733 1368 2779; x_wconf 87' lang='lat' dir='ltr'>administrationem,</span> <span class='ocrx_word' id='word_1_386' title='bbox 1394 2738 1542 2774; x_wconf 90' lang='lat' dir='ltr'>tantum</span> 
     </span>
     <span class='ocr_line' id='line_1_47' title="bbox 124 2786 1539 2842; baseline 0.002 -15"><span class='ocrx_word' id='word_1_387' title='bbox 124 2786 244 2833; x_wconf 87' lang='lat' dir='ltr'>abest,</span> <span class='ocrx_word' id='word_1_388' title='bbox 266 2793 310 2828; x_wconf 90' lang='lat' dir='ltr'>ut</span> <span class='ocrx_word' id='word_1_389' title='bbox 331 2792 458 2828; x_wconf 89' lang='lat' dir='ltr'>certos</span> <span class='ocrx_word' id='word_1_390' title='bbox 479 2789 669 2840; x_wconf 90' lang='lat' dir='ltr'>quosdam</span> <span class='ocrx_word' id='word_1_391' title='bbox 689 2791 813 2836; x_wconf 86' lang='lat' dir='ltr'>viros,</span> <span class='ocrx_word' id='word_1_392' title='bbox 844 2791 911 2841; x_wconf 89' lang='lat' dir='ltr'>qui</span> <span class='ocrx_word' id='word_1_393' title='bbox 939 2789 1011 2829; x_wconf 91' lang='lat' dir='ltr'>soli</span> <span class='ocrx_word' id='word_1_394' title='bbox 1038 2792 1132 2830; x_wconf 92' lang='lat' dir='ltr'>artis</span> <span class='ocrx_word' id='word_1_395' title='bbox 1162 2790 1284 2829; x_wconf 86' lang='lat' dir='ltr'>civilis</span> <span class='ocrx_word' id='word_1_396' title='bbox 1311 2791 1429 2842; x_wconf 88' lang='lat' dir='ltr'>periti</span> <span class='ocrx_word' id='word_1_397' title='bbox 1451 2792 1539 2838; x_wconf 89' lang='lat' dir='ltr'>sint,</span> 
     </span>
     <span class='ocr_line' id='line_1_48' title="bbox 125 2843 1538 2900; baseline 0.004 -17"><span class='ocrx_word' id='word_1_398' title='bbox 125 2843 381 2886; x_wconf 87' lang='lat' dir='ltr'>consulendos</span> <span class='ocrx_word' id='word_1_399' title='bbox 402 2846 634 2894; x_wconf 84' lang='lat' dir='ltr'>existiment,</span> <span class='ocrx_word' id='word_1_400' title='bbox 656 2851 699 2886; x_wconf 91' lang='lat' dir='ltr'>ut</span> <span class='ocrx_word' id='word_1_401' title='bbox 720 2848 841 2888; x_wconf 90' lang='lat' dir='ltr'>cuivis</span> <span class='ocrx_word' id='word_1_402' title='bbox 862 2846 1017 2887; x_wconf 88' lang='lat' dir='ltr'>dicendi</span> <span class='ocrx_word' id='word_1_403' title='bbox 1045 2852 1278 2900; x_wconf 87' lang='lat' dir='ltr'>potestatem</span> <span class='ocrx_word' id='word_1_404' title='bbox 1308 2847 1538 2895; x_wconf 87' lang='lat' dir='ltr'>concedant,</span> 
     </span>
    </p>
   </div>
  </div>
 </body>
</html>
