1722 2964
456 93 874 133 PROTAGORAS.
906 93 950 131 P.
972 95 1051 130 354.
1075 91 1159 129 ST.

1437 86 1518 130 157

98 208 195 258 οἷον
223 209 276 257 τά
299 229 347 256 τε
377 207 602 269 γυμνάσια
632 208 706 254 καὶ
735 206 812 261 τὰς
843 211 1074 288 στρατείας
1105 205 1181 252 καὶ
1203 203 1280 259 τὰς
1310 202 1396 250 ὑπὸ
1431 206 1523 250 τῶν

99 281 265 339 ἰατρῶν
281 282 524 339 θεραπείας
547 275 623 330 τὰς
641 274 716 326 διὰ
739 273 944 322 καύσεων
966 292 1014 321 τε
1037 274 1114 321 καὶ
1134 291 1283 332 τομων
1305 273 1380 318 καὶ
1403 290 1523 330 φαρ-

97 349 294 406 μακειῶν
334 347 407 392 καὶ
439 346 727 404 λιμοκτονιῶν
767 343 1054 424 γιγνομένας,
1095 340 1162 388 ὅτι
1191 343 1331 387 ταῦτα
1371 338 1523 398 ἀγαθα

97 417 181 474 μέν
205 417 339 472 ἐστιν,
364 412 525 472 ἀνιαρὰ
549 413 619 469 δὶς
647 439 706 445 -
733 422 870 493 φαῖεν
892 430 960 457 αν.
1015 407 1273 457 Συνεδόκει.
1323 407 1525 487 Πότερον

98 483 182 529 οὐν
204 481 315 528 κατὰ
338 479 440 527 τόδε
471 478 620 539 αγαθα
643 477 756 525 αὐτὰ
779 485 976 537 καλεῖτε,
1007 477 1075 524 ὅτι
1099 481 1148 525 ἐν
1170 480 1231 540 τῷ
1256 478 1524 537 παραχρῆμα
1546 487 1577 520 Β

96 548 263 604 ὀδύνας
293 568 369 603 τας
395 547 578 608 ἐσχατας
601 548 782 607 παρέχει
805 548 880 592 καὶ
911 545 1183 605 ἀλγηδόνας,
1216 542 1243 604 ἢ
1268 544 1335 591 ὅτι
1359 549 1423 598 εἰς
1446 543 1526 591 τὸν

96 616 285 677 ὕστερον
315 615 478 675 χρόνον
508 614 678 675 ὑγίειαί
696 634 744 662 τε
769 613 845 661 ἀπ’
881 613 1031 660 αὐτῶν
1062 619 1291 673 γίγνονται
1322 614 1397 659 καὶ
1430 611 1525 658 εὖε-

96 687 187 740 ξίαι
216 687 307 731 τῶν
340 683 557 744 σωμάτων
595 686 670 730 καὶ
698 685 790 730 τῶν
819 681 994 729 πόλεων
1026 687 1238 742 σωτηρίαι
1269 682 1344 727 καὶ
1375 678 1527 726 ἄλλων

96 751 229 812 ἀρχαὶ
253 754 327 798 καὶ
351 755 556 808 πλσῦτοι;
584 777 643 783 -
678 762 815 810 φαῖεν
837 749 916 808 ἄν,
949 749 1008 804 ὥς
1033 752 1210 812 ἐγῷμαι.
1262 747 1525 796 Συνεδόκει.

104 823 253 867 Ταῦτα
285 820 335 866 δὲ
366 818 516 879 ἀγαθά
547 822 639 868 ε’στι
671 819 731 865 δι’
761 817 868 864 ἄλλο
892 837 934 864 τι
965 815 992 876 ἢ
1023 816 1090 864 ὅτι
1123 822 1185 871 εἰς
1217 814 1383 876 ἡδονὰς
1414 814 1526 862 ἀπο-

97 891 281 949 τελευτᾷ
305 889 379 933 καὶ
412 890 568 934 λυπῶν
591 885 848 946 ἀπαλλαγάς
870 906 918 932 τε
948 887 1024 932 καὶ
1046 884 1323 945 ἀποτροποὲς;
1354 882 1383 942 ἢ
1408 885 1530 943 ἔχετέ

98 975 140 1002 τι
164 954 271 1001 ἄλλο
294 957 416 1009 τέλος
441 956 608 1013 λέγειν,
642 959 704 1009 εἰς
727 953 752 1001 ὃ
776 953 1109 1013 ἀποβλέψαντες
1133 951 1244 999 αὐτὰ
1265 951 1428 1015 ’,ἀγαθὰ
1451 971 1527 997 κα·
1555 960 1583 994 C

100 1030 238 1092 λεῖτε,
262 1021 358 1068 ἀλλ’
388 1020 416 1081 ἢ
441 1022 605 1081 ἡδονάς
627 1042 675 1069 τε
699 1024 774 1068 καὶ
798 1021 963 1078 λύπας;
998 1048 1058 1055 -—
1093 1020 1176 1067 οὐκ
1199 1018 1256 1067 ἂν
1279 1031 1436 1080 φαῖεν,
1469 1018 1529 1073 ὦς

101 1092 278 1152 ἐγῷμαι.
317 1089 427 1136 Οὐδ’
459 1092 553 1149 ἐμοὶ
579 1094 716 1147 δοκεῖ,
742 1094 828 1149 ἔφη
852 1089 875 1136 ὁ
893 1088 1206 1149 Πρωταγόρας.
1245 1087 1425 1135 Οὐκοῦν
1447 1086 1531 1146 τὴν

100 1160 183 1217 μὲν
205 1157 376 1217 ἡδονὴν
399 1156 580 1204 διώκετε
605 1157 664 1212 ὦς
687 1157 862 1217 ἀγαθὸν
884 1156 960 1216 ὅν,
990 1157 1073 1216 τὴν
1097 1158 1146 1203 δὲ
1170 1156 1319 1215 λύπην
1340 1154 1530 1215 φεύγετε

40 1250 43 1252 ·
104 1225 162 1280 ὡς
191 1226 351 1282 κακόν;
386 1225 645 1273 Συνεδόκει.

724 1224 853 1273 Τοῦτ’
888 1224 976 1286 ἄρα
1013 1223 1190 1284 ἡγεῖσθ’
1228 1224 1343 1271 εἶναι
1374 1222 1529 1282 κακόν,

193 1359 235 1390 Ρ.
253 1359 331 1391 354.
365 1353 445 1397 τὰς
470 1355 548 1391 διὰ
569 1353 780 1392 καύσεων
797 1369 842 1391 τε
866 1356 945 1392 καὶ
968 1355 1141 1402 τομῶν]
1167 1358 1210 1393 V.
1230 1351 1298 1397 τὰς
1314 1353 1383 1391 διὰ
1399 1356 1527 1391 τῶνκ.

104 1402 177 1437 Sed
193 1403 268 1437 τῶν
285 1414 354 1438 om.
373 1403 475 1438 codd,
492 1404 571 1437 fere
589 1415 725 1439 omnes.

193 1449 236 1480 Β.
270 1443 323 1492 ὖγ
332 1448 457 1482 ίειαί
474 1459 519 1482 τε
544 1443 618 1482 απ’
643 1444 822 1493 αὐτῶν]
847 1449 891 1484 V.
914 1443 1050 1493 ὖγεῑαί
1068 1458 1140 1500 ns,-
1161 1452 1291 1481 contra
1312 1459 1418 1481 usum
1433 1448 1532 1480 Atti-

106 1504 240 1528 corum.
257 1504 292 1527 v.
309 1493 460 1527 Porson.
478 1494 525 1527 ad
541 1495 665 1538 Eurip.
684 1495 805 1528 Orest.
823 1504 858 1527 v.
876 1495 954 1528 229.
986 1494 1074 1527 Mox
1090 1505 1166 1528 των
1181 1489 1331 1528 πόλεων
1347 1493 1532 1537 σωτηρίαι

105 1538 208 1574 codd.
230 1538 377 1591 plurimi
396 1541 505 1581 atque
523 1540 650 1581 optimi
665 1550 731 1582 pro
756 1550 788 1572 τ.
805 1549 845 1572 π.
865 1539 1044 1583 σωτηρια.
1082 1539 1181 1571 Dein
1203 1539 1302 1572 Flor.
1319 1539 1343 1571 b
1366 1536 1434 1572 καὶ
1455 1538 1532 1572 τῶν

104 1578 228 1617 ἄλλων
244 1578 640 1637 oeQJoec‘.Heind01-fius
657 1588 723 1618 aut
738 1578 864 1618 αλλων
880 1584 997 1617 deleri
1014 1586 1079 1617 aut
1094 1578 1209 1618 ἄλλαι
1226 1584 1341 1617 scribi
1355 1583 1486 1618 voluit.

198 1628 239 1660 C.
273 1623 372 1662 αλλ’
389 1620 415 1671 ἢ
429 1623 608 1682 ηδονοὲς
625 1623 734 1674 τε]ἥ
753 1630 914 1662 accessit
930 1630 975 1663 de
993 1629 1173 1682 Stephani
1191 1631 1416 1662 coniectura.

197 1669 396 1717 φεύγετε
412 1669 467 1712 ὥς
484 1670 651 1727 κακόνς
669 1674 835 1709 Συνεδ.
847 1673 862 1719 ]
882 1675 972 1708 Post
987 1670 1108 1708 κακόν
1126 1674 1324 1708 Cornarius
1341 1675 1535 1708 iudicabat

105 1718 340 1751 inserendum
363 1729 445 1752 esse
470 1722 588 1761 φαῖεν
606 1732 674 1762 αν,
699 1723 741 1752 ιι1;
756 1720 795 1752 in
812 1721 1062 1763 superioribus
1080 1720 1232 1754 factum.
1279 1721 1329 1752 Et
1351 1720 1536 1763 expressis:

107 1763 198 1796 illud
221 1764 265 1795 F·
256 1763 376 1795 icinus
408 1764 521 1796 etiam
543 1765 614 1797 hoc
637 1765 733 1798 loco.
787 1764 860 1798 Sed
890 1775 998 1808 quum
1022 1765 1086 1797 ille
1110 1765 1295 1797 interdum
1317 1765 1471 1798 liberius
1494 1765 1535 1797 in

105 1809 264 1842 Platone
287 1809 566 1851 interpretando
587 1813 758 1843 versatus
782 1811 850 1852 sit,
883 1821 1002 1853 neque
1021 1810 1099 1843 ulla
1122 1811 1330 1843 necessitas
1353 1814 1463 1854 cogat
1487 1809 1535 1842 ad

107 1854 320 1886 faciendam
350 1854 609 1896 mutationem,
646 1855 685 1887 in
716 1857 823 1908 tanta
853 1855 1029 1889 librorum
1061 1856 1304 1889 consensione
1340 1855 1534 1899 vulgatam

106 1898 306 1932 lechonem
322 1899 540 1932 servandam
556 1910 765 1933 censemus.

154 2005 233 2050 τοὶς
265 2005 352 2044 ὑπὸ
382 2009 470 2044 τῶν
504 2008 678 2055 ἰατρῶν
702 2013 787 2046 θε-

110 2053 548 2109 ραπείας]ΧειιοΡΙι.
567 2057 700 2110 Cyrop.
717 2058 786 2098 111,

110 2104 150 2142 3,
174 2103 213 2133 2·
245 2094 417 2144 ἥδεσθαι
448 2101 492 2145 τῇ
525 2097 599 2136 ὑπὸ
632 2114 788 2137 παντων

112 2144 219 2198 τιμῇ.
245 2112 377 2179 ⁷IPlat.
408 2145 559 2182 Politia.
590 2159 626 2191 p.
650 2149 716 2182 291
732 2149 786 2181 D.

110 2186 181 2233 τὴν
199 2185 273 2224 ὑπὸ
292 2189 366 2224 τῶν
383 2185 522 2235 ὀλίγων
539 2191 785 2227 δυναστείαν.

110 2236 265 2278 Xenop
273 2235 308 2270 h.
324 2235 429 2271 Hier.
446 2237 493 2280 X,
511 2240 549 2271 3.
580 2233 601 2271 ὁ
618 2232 695 2272 απὸ
713 2238 787 2273 τῶν

112 2247 340 2323 δορυφόρων
358 2262 493 2323 φόβος.
509 2299 553 2305 -
570 2284 788 2327 λιμοκτο-

112 2325 192 2360 νία
224 2328 280 2358 est
311 2325 407 2368 quod
437 2337 503 2360 nos
530 2327 686 2362 dicimus
718 2329 788 2362 die

111 2370 400 2413 Hungerkur.
451 2381 487 2407 v.
517 2372 711 2407 Foesrus
750 2375 789 2406 in

113 2415 253 2450 Oecon.
267 2416 342 2459 Hip
320 2425 485 2470 pyocr.p
461 2418 595 2470 p.386.
616 2419 736 2454 Stallb.

158 2461 201 2494 B.
225 2458 304 2494 καὶ
327 2460 478 2495 αλλων
501 2456 526 2495 oe’
534 2461 662 2506 ρχαί]
688 2464 788 2497 Male

115 2506 277 2539 coniecit
298 2506 598 2541 Heindorfius
626 2507 694 2542 καὶ
723 2502 790 2542 αλ-

116 2550 180 2583 λαι
211 2547 337 2606 αρχαί.
386 2551 502 2585 Recte
526 2554 623 2586 enim
644 2553 788 2587 Astius.

117 2588 241 2630 ἄλλων
258 2593 378 2640 οἷρχαί
390 2607 464 2629 non
479 2601 566 2631 sunt
580 2598 736 2642 impeiia
751 2600 791 2632 in

117 2639 213 2673 alios
233 2642 299 2675 sed
319 2643 358 2674 in
375 2642 489 2684 alias,
513 2644 579 2678 int.
598 2645 790 2686 civitatem

117 2691 246 2719 sensus
262 2687 377 2730 igitur
389 2687 449 2719 hic
468 2691 542 2721 est:
560 2691 597 2722 et
609 2689 707 2731 quod
722 2690 792 2724 hoc

118 2731 457 2819 ggltffixtllciggficiunss,
474 2736 516 2766 ut
529 2734 702 2820 οἱνὶξετθε
709 2745 793 2813 timu

319 2788 364 2810 ae
387 2788 428 2810 sa
446 2789 516 2811 vae
539 2789 598 2812 sm
666 2790 706 2813 se
754 2791 794 2814 ιιι

121 2818 216 2853 alias
234 2830 376 2864 quoque
399 2825 593 2867 imperium
616 2804 793 2859 l’xabeant.

856 2012 958 2046 Satis
987 2014 1078 2047 trita
1106 2017 1164 2047 est
1191 2015 1295 2048 vocis
1322 2007 1423 2059 αρχή
1446 2025 1535 2048 con-

854 2059 992 2092 iunctio
1001 2069 1083 2092 cum
1092 2069 1182 2092 casu
1189 2059 1357 2100 seeundo,
1371 2065 1414 2093 ut
1422 2060 1534 2114 Gorg,

855 2114 890 2147 p.
908 2104 975 2137 514
990 2105 1039 2137 A:
1058 2099 1233 2158 χρήματα
1248 2101 1372 2139 πολλα
1391 2103 1536 2158 λαμβά-

856 2159 938 2183 νειν
961 2144 987 2193 ἢ
1002 2145 1149 2203 αρχήνω
1142 2162 1257 2184 τινων
1278 2144 1306 2194 ἢ
1322 2143 1444 2194 αλλην
1467 2146 1538 2184 δύο

856 2205 975 2238 ναμιν
990 2190 1186 2238 ἡντινοῦν.

904 2262 944 2295 C.
971 2257 1110 2306 αλλ”η
1127 2258 1513 2307 ἡδονάςτεκαὶλ.

857 2308 900 2341 V.
935 2308 982 2340 ad
1014 2308 1121 2351 Apol
1127 2275 1257 2341 ⁷¹.Socr
1290 2319 1325 2352 p.
1344 2310 1388 2343 34
1414 2308 1455 2342 O.

856 2353 1045 2388 Phaedon.
1062 2364 1098 2396 p.
1115 2354 1157 2386 81
1175 2353 1218 2386 Β.

902 2433 959 2460 ως
985 2414 1187 2474 αγαθὸν
1225 2433 1297 2464 ονς
1315 2420 1331 2467 ]
1378 2422 1537 2456 Partici-

856 2467 958 2509 pium
979 2460 1027 2500 ὅν
1042 2466 1259 2509 praedicato
1283 2469 1538 2502 accommoda-

856 2515 935 2544 tum
959 2514 1029 2544 est.
1074 2512 1249 2546 Debebat
1273 2514 1370 2546 enim
1391 2524 1482 2556 prop
1484 2514 1540 2546 rie

859 2566 941 2589 esse
958 2547 1090 2590 οὖσαν.
1123 2557 1180 2591 De
1196 2558 1354 2611 Republ
1372 2559 1401 2593 Ι.
1419 2570 1454 2601 p.
1472 2559 1541 2592 354

859 2596 979 2634 0:16
999 2600 1191 2655 δίκαιον
1205 2599 1258 2647 μὴ
1277 2599 1369 2637 οἶδα
1386 2622 1443 2646 -,
1462 2602 1539 2638 εἴτε

858 2641 976 2690 ἀρετή
993 2658 1051 2686 τις
1067 2657 1180 2681 ουσα
1197 2645 1391 2706 τυγχάνει.
1426 2649 1540 2702 Gorg.

857 2703 895 2735 p.
911 2693 978 2725 463
994 2692 1046 2725 E:
1079 2690 1116 2727 εἰ
1136 2690 1180 2727 δὲ
1206 2689 1245 2738 (ἡ
1262 2690 1461 2738 ρητορική)
1485 2689 1537 2738 μὴ

859 2748 1040 2781 τυγχανει
1055 2730 1109 2772 ὀν
1123 2738 1256 2782 τοῦτο,
1279 2740 1345 2772 ubi
1360 2751 1394 2774 v.
1413 2742 1540 2774 annot.

858 2782 964 2815 Infra
985 2794 1030 2837 p.
1043 2784 1178 2817 359D:
1211 2765 1347 2838 ἐπειδὴ
1372 2780 1415 2818 τὸ
1438 2779 1539 2829 ἥττω

861 2823 963 2861 εἶναι
1009 2822 1149 2863 ἑαυτοῦ
1190 2825 1336 2875 εὑρέθη
1381 2827 1540 2875 αμαθία
