1696 2976
455 147 864 186 PROTAGORAS.
895 149 940 188 P.
961 150 1040 186 329.
1072 149 1155 185 ST.
1453 145 1508 187 93

100 266 238 322 βηταί
255 281 335 320 τις,
360 263 434 308 καὶ
457 265 504 308 οἱ
523 260 703 323 ῥήτορες
726 260 840 308 οὕτω
865 261 1027 322 σμικρὰ
1058 262 1355 323 ἐρωτηθέντες
1387 260 1506 307 δόλι-

101 349 181 390 χον
214 336 521 377 κατατείνουσι
550 332 629 376 τοῦ
660 328 815 388 λόγου·
850 329 1148 391 Πρωταγόρας
1179 330 1229 376 δὲ
1258 328 1335 376 ὅδε
1361 329 1508 384 ἱκανὸς
1535 340 1563 372 Β

100 417 183 458 μεν
199 398 392 459 μακροὺς
416 397 572 457 λόγους
596 399 668 444 καὶ
687 397 847 453 καλοὺς
866 403 1024 456 εἰπεῖν,
1043 397 1102 452 ὡς
1120 396 1226 445 αὐτὸ
1246 403 1388 457 δηλοῖ,
1413 401 1510 443 ἰκα-

102 466 179 521 νὸς
204 468 254 514 δε
277 469 351 514 καὶ
376 468 615 527 ἐρωτηθεὶς
644 464 975 525 ἀποκρίνασθαι
1006 466 1116 513 κατὰ
1146 466 1290 526 βραχὺ
1313 468 1388 512 καὶ
1412 465 1511 526 ἐρό-

101 554 234 594 μενος
277 541 532 596 περιμεῖναί
557 554 605 582 τε
642 536 717 580 καὶ
748 534 1051 589 ἀποδέξασθαι
1081 534 1163 594 τὴν
1193 533 1511 595 ἀπόκρισιν,α

101 601 266 662 ὀλίγοις
275 599 382 650 ἐστὶ
399 605 803 663 παρεσκευασμένα.
830 606 916 650 νῦν
929 623 1025 660 ουν,
1045 604 1080 649 ὠ
1098 602 1386 686 Πρωταγόρα,
1411 618 1512 662 σμι-

102 675 212 731 κροῦ
242 690 360 726 τινος
393 670 546 731 ἐνδεής
581 676 669 731 εἰμι
708 669 838 718 παντ’
876 676 1014 730 ἔχειν,
1055 679 1101 717 εἴ
1133 672 1207 730 μοι
1248 670 1511 732 ἀποκρίναιο

102 739 215 786 τόδε.
241 739 324 799 τὴν
346 738 507 800 ἀρετὴν
530 738 619 800 φῂς
642 739 852 786 διδακτὸν
871 740 1000 798 εἶναι,
1024 741 1098 785 καὶ
1117 738 1217 798 ἐγώ,
1244 747 1367 801 εἴπερ
1392 738 1513 802 ἄλλῳ

190 873 233 908 Β.
274 884 329 912 ως
360 867 470 906 αυτό
505 872 656 917 δηλοῖ]
690 867 784 906 αὐτὸ
810 884 854 906 ex
876 873 960 906 Par.
985 874 1015 906 Ε
1039 874 1251 906 auctoribus
1274 873 1463 926 Stephanq
1477 876 1514 906 et

100 917 378 952 Hemsterhusio
396 917 587 971 (Anecdot.
603 919 645 953 Τ.
660 919 688 951 Ι.
706 929 741 962 p.
760 919 839 961 177)
863 919 1073 961 repositum.
1107 918 1231 952 Ceteri
1246 919 1332 951 libri
1348 913 1397 957 ὦς
1414 913 1514 951 αὐτοὶ

101 963 225 1007 δηλοῖ.
255 963 398 997 Deinde
416 958 702 1007 ἀποκρίνασθαι
718 965 804 999 Vat.
821 974 838 999 t
855 968 892 996 et
906 964 1063 998 vindob.
1080 965 1271 1007 praebent.
1289 964 1408 1007 Vulgo
1422 974 1515 996 απο-

99 1009 314 1053 κρίνεσθαι.

191 1048 356 1107 ἐνδεής
387 1051 478 1097 εἰμι
507 1048 642 1088 πάντ’
672 1051 815 1098 ἔχειν]

100 1094 215 1133 πάντ’
233 1096 274 1143 ἕχ
277 1110 347 1133 ειν.

873 1053 1055 1089 Vindobb.
1086 1064 1166 1086 cum
1194 1056 1279 1088 Vat.
1294 1063 1322 1089 t.
1347 1050 1423 1097 εἶμι
1449 1054 1514 1086 καὶ

192 1144 322 1188 εἴπερ
340 1138 458 1187 αλλῳ
475 1156 530 1188 τῳ
548 1139 697 1189 ἄνθει]
732 1144 837 1180 Bodl.
855 1145 940 1180 Vat
957 1137 1060 1187 unqu
1078 1143 1153 1178 τῶν
1169 1138 1285 1189 ανθρ.
1313 1144 1425 1178 Male.

103 1252 369 1301 λαμβάνεσθαι
394 1257 584 1300 eleganter
604 1259 776 1300 positum,

104 1313 213 1345 quum
246 1307 283 1335 et
305 1304 450 1346 proprie
481 1303 525 1335 de
548 1303 595 1335 iis
618 1303 775 1344 dicatur,

104 1349 167 1390 qui
198 1358 291 1381 vasa
313 1351 547 1382 contrectant
579 1359 694 1390 eoque
717 1359 774 1381 so-

103 1404 189 1425 num
217 1404 339 1426 eorum
361 1394 578 1436 reprimunt,
603 1397 640 1426 et
662 1397 774 1427 meta-

102 1439 253 1482 phorice
313 1438 496 1482 significet
551 1439 775 1481 prehendere

105 1483 275 1525 (rationis
305 1484 555 1527 reposcendae
579 1484 707 1526 causa)
740 1487 777 1516 et

104 1529 380 1572 redarguere
411 1529 528 1562 veluti
549 1529 715 1572 Sympos.
740 1541 776 1572 p.

105 1576 172 1606 214
188 1575 232 1607 Ε.
254 1574 363 1630 Gorg.
361 1585 421 1630 p.
443 1575 510 1607 469
528 1573 568 1608 C.
593 1575 642 1609 al.
687 1575 776 1607 Pro-

104 1620 203 1652 xima
217 1617 284 1652 καὶ
300 1615 340 1652 οἷ
352 1615 507 1662 ῥητορες
523 1613 621 1652 οὕτω
638 1631 672 1653 κ.
691 1632 723 1654 τ.
743 1621 776 1653 λ.

102 1664 297 1698 referenda
328 1668 412 1697 sunt
440 1664 486 1697 ad
518 1674 639 1708 ωσπερ
671 1661 717 1698 τὰ
740 1677 775 1709 χ.

104 1710 166 1742 πλ.
190 1721 228 1752 μ.
252 1703 350 1752 ἠχεῖ.
398 1709 592 1762 Vulgaris
603 1710 781 1767 loquendi

106 1754 327 1787 consuetudo
350 1755 523 1796 exigebat
545 1749 643 1788 οὕτω
659 1754 725 1789 καὶ
742 1751 781 1788 οἷ

106 1795 260 1842 ῥήτορες
277 1808 352 1842 σμ.,
378 1800 471 1842 quod
493 1810 566 1832 non
586 1811 717 1834 vereor
732 1811 779 1832 ne

107 1856 152 1876 ex
167 1844 287 1878 Paris.
304 1846 346 1878 E.
370 1845 613 1877 revocandum
629 1846 688 1880 sit,
721 1847 778 1878 De

106 1890 195 1943 Rep.
211 1889 240 1922 Ι.
242 1900 292 1940 p.
310 1890 441 1922 354Β.
464 1899 588 1941 ωσπερ
604 1887 644 1923 οἷ
658 1890 779 1934 λίχνοι

105 1928 380 1986 ἀπογεύονται,
409 1933 475 1967 καὶ
504 1929 582 1978 ἐγώ
597 1946 661 1978 μοι
679 1934 780 1969 δοκῶ

106 1990 226 2018 ουτως
248 1991 284 2013 κ.
302 1991 334 2013 τ.
354 1980 385 2013 λ.
410 1980 474 2012 IX.
496 1981 677 2033 Ρ.585Α;
711 1991 780 2014 ωσ-

106 2035 176 2068 περ
207 2020 251 2058 δὲ
279 2019 374 2068 πρὸς
400 2020 442 2058 τὸ
471 2023 593 2077 μέλαν
618 2035 780 2059 αποσκο-

106 2069 289 2121 ποῦντες,
329 2068 395 2103 καὶ
431 2065 525 2113 πρὸς
555 2065 598 2104 τὸ
632 2064 781 2105 ἄλυπον

108 2109 228 2153 οὕτως
248 2126 285 2149 κ.
309 2127 341 2149 τ.
361 2116 392 2148 λ.
417 2115 574 2150 Phaedr.
595 2127 632 2159 p.
649 2117 778 2150 230D.

109 2161 158 2196 al.
175 2159 294 2193 Stazlb.

153 2200 344 2249 δόλιχον
389 2204 472 2238 τοῦ
505 2201 660 2250 λόγου]
724 2207 780 2240 Ad

107 2250 297 2302 vulgatam
314 2252 531 2294 scripturam
539 2250 695 2295 δολιχὸν
711 2251 778 2285 τοῦ

109 2290 228 2339 λόγου
250 2296 421 2329 tuendam
439 2296 564 2329 Astius
585 2298 710 2340 plures
727 2298 781 2331 lo-

110 2352 173 2374 cos
205 2340 349 2382 attulit,
388 2342 519 2383 quibus
557 2342 781 2376 adiectivum

110 2396 191 2419 cum
207 2386 371 2428 genitivo
382 2386 605 2420 substantivi
621 2388 782 2421 eiusdem

109 2432 254 2475 generis
286 2431 531 2474 componitur,
560 2435 602 2464 ut
616 2432 781 2484 Xenoph.

111 2476 242 2528 Cyrop
259 2475 325 2508 111.
344 2477 375 2513 2,
393 2477 430 2508 2;
448 2473 780 2511 σκοπῶν-κατενόει

107 2522 254 2574 πολλην
276 2520 344 2573 τῆς
366 2532 512 2564 χωρας.
533 2517 700 2566 ,ἔρημον
715 2521 781 2556 καὶ

110 2561 229 2610 ἀργὸν
245 2557 378 2608 οὔθ-,αν
409 2566 594 2609 Aristoph.
623 2568 781 2619 Apharn.

110 2622 146 2645 v
162 2613 245 2645 350:
278 2610 346 2653 τῆς
361 2610 523 2654 μαρίλης
544 2608 699 2656 συχνήν.
719 2613 780 2653 al.,

112 2656 176 2688 sed
190 2657 305 2690 multo
321 2657 355 2690 h.
374 2656 397 2689 l.
421 2657 630 2699 languidius
646 2662 703 2691 est
720 2659 783 2691 ad-

113 2701 284 2735 iectivum
309 2711 418 2744 quam
434 2702 701 2736 substantivum
718 2698 783 2736 δό-

115 2747 230 2789 λιχος,
245 2747 290 2779 de
308 2757 377 2789 quo
394 2758 427 2779 v.
446 2757 529 2779 ann.
549 2748 596 2780 ad
611 2758 647 2790 p.
656 2750 722 2782 335
739 2749 781 2782 Ε.

115 2791 232 2823 Simili
252 2792 522 2835 significatione
545 2793 640 2825 hanc
655 2804 782 2827 vocem

114 2837 238 2878 posuit
257 2836 470 2879 Epicrates:
504 2832 587 2870 ἐπεὶ
610 2835 653 2871 δὲ
675 2833 782 2871 δόλι-

115 2891 182 2924 χον
211 2883 291 2920 τοῖς
320 2879 442 2917 ἔτεσιν
477 2878 553 2926 ἤδη
585 2880 719 2927 τρέχει,
748 2895 782 2918 v.

843 1256 1013 1290 Meineke
1046 1257 1128 1292 1.1.
1165 1257 1331 1290 Studium
1362 1259 1518 1291 oratoris

844 1312 923 1334 cum
956 1304 1113 1335 cursoris
1146 1304 1334 1336 contendit
1363 1303 1519 1346 Eupolis

844 1348 882 1379 in
898 1348 1054 1380 Periclis
1072 1348 1287 1390 eloquentia
1306 1348 1517 1382 describen-

844 1392 908 1424 (13·
941 1388 1055 1426 ὁπότε
1086 1391 1274 1436 παρέλθοι
1309 1389 1362 1436 δ’,
1396 1404 1518 1436 ωσπερ

843 1432 990 1491 ἁγαθοὶ
1018 1437 1208 1496 Bpopfi9½
1221 1434 1260 1472 ἐκ
1279 1437 1374 1472 δέκα
1389 1438 1520 1472 ποδῶν

842 1476 926 1526 ᾔρει
946 1480 1065 1526 λέγων
1081 1494 1169 1522 τους
1186 1479 1348 1528 ῥήτορας
1379 1485 1519 1526 (Schol.

842 1529 1029 1571 Aristoph.
1046 1529 1135 1561 Ach.
1154 1531 1251 1570 530),
1285 1534 1322 1563 et
1339 1529 1519 1572 Strepsia-

844 1573 919 1611 des,
952 1577 993 1606 ut
1024 1577 1171 1606 centum
1202 1575 1334 1607 stadiis
1365 1575 1520 1607 dicendo

845 1629 970 1651 omnes
1010 1619 1173 1652 Graecos
1212 1623 1378 1663 superet,
1422 1620 1521 1663 apud

843 1663 1125 1706 Aristophanem
1135 1663 1242 1706 (Nub.
1250 1664 1335 1708 430)
1350 1669 1502 1708 exoptat
1511 1677 1520 1706 ;

846 1709 894 1743 cf.
914 1710 1036 1750 Quint.
1054 1709 1176 1744 Instit.
1196 1710 1258 1743 Or.
1277 1711 1340 1743 XI.
1359 1713 1398 1744 3:
1431 1711 1519 1743 Fla-

842 1754 925 1786 vius
961 1754 1152 1797 Virginius
1195 1756 1439 1798 interrogavit
1476 1756 1520 1788 de

846 1798 1004 1838 quodam
1034 1809 1099 1831 suo
1137 1801 1400 1843 antisophiste,
1434 1804 1523 1842 quot

845 1844 962 1876 millia
977 1854 1157 1898 passuum
1169 1845 1430 1879 declamasset.

892 1889 933 1921 B.
960 1900 1016 1928 ως
1047 1900 1162 1923 αυτο
1198 1889 1352 1934 δηλοῖ]
1378 1895 1427 1923 ut
1449 1901 1520 1923 res

846 1934 949 1986 ipsa
972 1934 1112 1967 docet.
1154 1936 1342 1988 Frequens
1363 1936 1521 1969 formula

849 1973 942 2011 αὐτὸ
976 1978 1101 2022 δηλοῖ,
1134 1975 1227 2013 αὐτὸ
1260 1980 1392 2024 δείξει,
1425 1975 1520 2014 αὐτὸ

849 2024 1038 2067 σημαίνει.
1072 2025 1143 2057 Sed
1164 2027 1367 2060 inusitatus
1384 2030 1440 2060 est
1455 2037 1521 2059 nu-

848 2079 968 2102 merus
983 2070 1139 2113 pluralis
1156 2066 1268 2105 αὐτοὶ.

893 2114 1088 2158 σμικροῦ
1121 2127 1249 2156 τινος
1287 2111 1379 2151 ε’νδ
1415 2114 1518 2159 εἰμ.]

848 2159 1100 2202 paullulum
1162 2162 1268 2203 quid
1326 2163 1520 2204 requiro,

848 2207 895 2237 ut
927 2206 1071 2239 omnia
1104 2206 1305 2248 habeam,
1347 2208 1385 2239 si
1414 2207 1522 2239 mihi

850 2249 902 2282 ad
934 2250 1016 2283 hoc
1046 2252 1334 2294 respondeas.
1377 2251 1520 2303 Optati-

847 2305 915 2328 vus
933 2298 1033 2346 post
1066 2296 1309 2329 indicativum
1342 2292 1441 2330 κατὰ
1479 2292 1521 2330 τὸ

849 2335 1060 2395 νοούμενον
1090 2342 1263 2374 infertur:
1294 2353 1379 2375 nam
1408 2342 1521 2375 haec:

848 2395 908 2428 σμ.
928 2397 960 2419 τ.
980 2381 1058 2419 ἔνδ.
1078 2383 1167 2429 εἰμι,
1192 2387 1270 2420 fere
1293 2387 1390 2420 idem
1407 2388 1521 2442 signi-

849 2431 961 2463 ficant
994 2432 1107 2472 quod:
1148 2430 1219 2465 νῦν
1246 2442 1316 2466 ουν
1337 2427 1453 2466 παντ’
1473 2444 1522 2465 αν

847 2473 983 2519 ἔχοιμι.
1016 2476 1135 2508 Stazlh.

895 2521 1023 2563 εἴπερ
1032 2515 1158 2575 ἄλλῳ
1175 2533 1231 2565 τῳ
1249 2517 1518 2566 ἀνθρώπων,

848 2564 927 2599 καὶ
973 2533 1044 2598 σοὶ
1077 2556 1333 2618 πείθομαι]
1389 2567 1520 2600 Verbis

849 2605 1094 2662 πειθοιμην
1067 2623 1128 2653 αν
1137 2622 1233 2654 quae
1243 2613 1353 2654 vulgo
1361 2615 1442 2654 post
1452 2607 1520 2645 οἷν-

849 2657 902 2698 θρ
905 2651 1016 2689 ώπων
1037 2657 1229 2700 adduntur,
1252 2658 1423 2690 librarius
1442 2657 1519 2698 qui—

850 2701 1199 2754 damellipsinprope
1213 2705 1440 2734 constantem
1458 2712 1520 2744 pa-

849 2757 927 2778 rum
958 2747 1050 2780 scite
1073 2748 1267 2794 supplere
1276 2750 1429 2780 conatus
1452 2751 1522 2779 est.

850 2783 1520 2847 Ιιιῐι3Ρ.3521);καὶᾶμα,εἰ’περτῳ

848 2830 962 2879 ἄλλῳ,
979 2832 1168 2880 αἰσχράν’
1151 2847 1228 2870 εστι
1260 2835 1325 2870 καὶ
1349 2832 1442 2889 ἐμοί.
1476 2838 1520 2870 de

848 2883 936 2924 Leg.
940 2892 974 2924 p
984 2884 1105 2916 667&
1122 2877 1439 2926 προσέχωντούτῳ
1456 2879 1522 2916 τὸν
