1690 2912
162 213 212 248 68
638 184 1030 247 PROLnGOLOENA

163 322 209 358 ad
244 320 335 358 belli
369 318 677 369 Peloponnesiaci
715 319 869 359 initium
905 319 1137 364 reiecerunt,
1174 317 1362 369 siquidem
1398 330 1489 355 nus-

162 389 276 427 quam
303 379 487 414 testatum
515 374 675 422 legimus
702 375 881 423 Gorgiam
908 374 984 412 iam
1012 378 1101 412 ante
1129 373 1232 411 illam
1261 373 1489 422 legationem

161 431 356 469 Graeciam
383 430 642 480 peragravisse
669 435 784 482 atque
813 435 933 468 artem
968 442 1074 468 suam
1112 433 1303 468 ostentare
1332 441 1487 466 consue-

160 487 272 526 visse.
325 488 409 523 Iam
437 498 526 524 vcro
555 485 679 523 animo
707 485 1060 535 circumspicientes,
1089 498 1182 523 num
1209 497 1285 535 qua
1309 484 1394 522 fieri
1422 497 1487 534 po·

161 543 295 588 tuerit,
334 547 378 580 ut
415 541 585 590 sophista
621 554 739 580 senex
776 543 900 580 factus
939 540 1104 579 Athenis
1141 541 1230 578 data
1269 539 1398 590 aliqua
1433 539 1487 577 rei

161 597 442 647 opportunitate
470 609 570 634 nova
597 597 689 635 artis
726 611 817 636 suae
845 598 1071 634 documenta
1106 595 1313 634 illustriora
1348 595 1487 642 ederet,

161 667 208 691 ne
236 654 306 691 hac
334 653 487 703 quidem
524 653 565 689 in
592 665 633 690 re
660 654 772 702 plane
809 652 940 702 inopes
969 650 1114 689 consilii
1143 651 1353 689 haeremus.
1410 650 1487 687 Lu-

160 713 324 747 strantes
361 708 462 745 enim
497 707 623 746 varias
660 709 886 758 scriptorum
914 708 960 745 de
998 707 1081 745 vita
1096 719 1151 744 sac
1178 707 1332 745 fortuna
1367 705 1487 755 ipsius

160 764 411 810 narrationes,
441 764 487 800 de
515 763 654 814 quibus
679 778 717 803 v.
746 776 832 801 ann.
861 766 978 801 nostr.
1008 762 1056 799 ad
1084 762 1172 812 Cap.
1202 762 1233 799 Ι.
1262 761 1313 798 in.
1330 790 1340 807 ,
1375 761 1486 798 facile

161 820 504 858 animadvertemus
541 831 670 857 omnes
707 819 810 866 illas,
859 818 971 856 sicuti
1007 830 1098 857 vere
1144 816 1351 855 arbitratur
1387 816 1486 853 Nic.

162 877 352 926 Sybren
391 874 643 924 Sybrandi
678 875 702 912 1.
733 887 762 912 e.
791 889 828 924 p.
863 877 910 911 12
941 886 1039 924 seq.‚
1077 873 1182 910 nullo
1219 872 1299 910 fere
1335 871 1487 919 negotio

160 931 214 968 ita
242 943 351 980 posse
378 931 478 968 inter
506 943 546 968 se
575 930 785 976 conciliari,
824 933 869 968 ut
897 928 1075 977 Gorgiam
1102 928 1290 976 legatione
1327 940 1398 964 sua
1425 927 1487 964 de·

160 987 333 1024 functum
361 986 622 1024 existimemus
640 985 795 1023 rediisse
823 985 977 1036 quidem
995 984 1034 1021 in
1054 983 1230 1030 Siciliam,
1260 995 1335 1033 quo
1361 995 1488 1020 rerum

160 1054 182 1079 a
211 1055 250 1080 se
278 1046 472 1090 gestarum
498 1041 684 1079 rationem
720 1041 914 1087 redderet,
953 1040 1019 1078 sed
1047 1040 1209 1077 eundem
1244 1042 1377 1088 postea
1411 1043 1487 1075 sta-

158 1101 330 1143 tuamus,
369 1096 567 1135 interiecto
595 1096 722 1147 aliquo
758 1095 938 1146 temporis
966 1094 1089 1145 spatio
1102 1124 1111 1141 ,
1149 1094 1288 1132 iterum
1315 1093 1488 1131 Athenas

159 1165 240 1190 esse
268 1153 488 1203 profectum.
536 1152 597 1190 Ibi
624 1165 714 1191 vero
743 1152 834 1189 dum
861 1152 998 1201 hospes
1026 1153 1275 1187 commoratus
1304 1153 1372 1195 est,
1401 1148 1487 1186 uni-

159 1221 307 1246 versam
344 1221 459 1258 prope
497 1207 693 1245 Graeciam
728 1207 988 1258 imprimisque
1024 1204 1260 1243 Thessaliam
1295 1203 1486 1250 lustravit,

158 1263 236 1301 illic
265 1267 386 1301 artem
413 1276 521 1301 suam
557 1267 764 1301 ostentans.
821 1263 883 1300 Ex
918 1261 1056 1313 quibus
1094 1260 1247 1311 quidem
1274 1259 1485 1306 itineribus,

159 1319 231 1357 etsi
267 1319 414 1357 interea
451 1318 610 1356 subinde
648 1319 822 1356 Athenas
860 1318 908 1355 ad
944 1319 1061 1356 breve
1098 1320 1249 1366 tempus
1287 1314 1490 1353 revertisse

159 1375 330 1421 videtur,
369 1379 498 1413 tamen
533 1378 621 1424 post
658 1373 934 1412 diuturniorem
975 1373 1127 1410 demum
1174 1370 1386 1410 absentiam
1434 1370 1489 1408 ita

159 1430 283 1477 rediit,
311 1434 356 1467 ut
383 1430 434 1467 ibi
464 1430 618 1468 tandem
640 1432 823 1479 perpetuo
851 1431 1064 1466 remaneret
1089 1439 1211 1478 usque
1239 1427 1287 1464 ad
1314 1430 1485 1471 mortem,

158 1499 273 1536 quam
309 1490 469 1534 vegetus
505 1486 759 1536 robustusque
796 1497 915 1522 senex
954 1495 1052 1521 anno
1090 1482 1226 1520 aetatis
1262 1481 1488 1529 octogesimo

158 1541 221 1580 vel
249 1541 452 1579 centesimo
472 1540 606 1591 quinto
635 1545 702 1578 aut
721 1544 854 1578 octavo
873 1539 1011 1577 obiisse
1038 1542 1232 1584 narratum
1262 1550 1299 1576 v.
1316 1536 1486 1574 Athen.

157 1597 252 1634 XII.
281 1610 316 1646 p.
349 1599 438 1634 548.
468 1596 507 1633 C.
536 1596 583 1633 D.
629 1595 802 1633 Rediisse
830 1608 918 1633 eum
945 1595 1118 1633 Athenas
1146 1593 1308 1631 lustrata
1328 1591 1486 1630 Graecia

158 1656 272 1703 atque
299 1651 496 1689 Thessalia
531 1651 660 1702 ibique
698 1664 826 1689 rerum
862 1663 1016 1688 suarum
1053 1649 1181 1687 sedem
1209 1647 1373 1698 denique
1400 1660 1485 1696 per-

157 1711 271 1756 pet-uo
299 1707 429 1745 fixisse
457 1706 611 1755 colligas
639 1719 689 1744 ex
717 1707 979 1745 Athenaeo
1007 1705 1080 1742 XI.
1109 1717 1146 1754 p.
1168 1707 1258 1742 508.
1287 1703 1334 1740 D.
1363 1702 1408 1740 E.
1431 1716 1484 1736 =

157 1763 200 1800 T.
230 1763 282 1800 H.
311 1776 346 1812 p.
381 1765 496 1800 1136.
526 1763 584 1800 ed.
613 1762 726 1800 Dind.
782 1761 965 1799 Docuisse
1005 1764 1134 1799 autem
1169 1759 1295 1809 ipsum
1323 1757 1487 1796 Athenis

157 1818 232 1855 iam
262 1831 392 1856 senem
418 1818 562 1856 factum
589 1818 652 1856 vel
678 1817 805 1867 potius
846 1817 1035 1855 orationes
1063 1813 1328 1854 ostentationis
1364 1813 1487 1862 gratia

155 1877 239 1912 tum
285 1874 337 1912 ibi
384 1873 563 1912 habuisse
611 1873 814 1911 memoriae
859 1871 1026 1923 prodidit
1067 1870 1368 1909 Philostrat.
1407 1868 1485 1906 vit.

157 1929 323 1978 Sophist.
351 1942 387 1978 p.
417 1932 508 1966 493.
531 1942 582 1962 =
607 1931 668 1966 14.
698 1929 755 1966 ed.
784 1928 943 1974 Kaiser.‚
973 1926 1081 1964 cuius
1109 1926 1204 1964 haec
1232 1928 1323 1963 sunt
1348 1925 1486 1963 verbaz

155 1983 395 2034 Διαλεχθεὶς
433 1981 476 2021 δὲ
501 1980 736 2036 ’Λθήνῃσιν
762 1979 838 2034 ἤδη
875 1979 1083 2035 γηράσκων
1121 1980 1155 2020 εἰ
1189 1978 1264 2031 μὲν
1297 1977 1375 2018 ὑπὸ
1405 1980 1487 2018 τῶν

155 2040 311 2078 πολλῶν
338 2035 611 2089 ἐθαυμάσθη,
652 2035 763 2077 οὔπω
792 2039 950 2089 θαῦμα·
989 2035 1010 2076 ὅ
1041 2033 1104 2084 δέ,
1134 2031 1266 2086 οἶμαι,
1299 2033 1365 2073 καὶ
1392 2031 1487 2079 τοὺς

155 2091 496 2146 ἐλλογιμωτάτους
532 2090 781 2145 ἀνηρτήσατο
817 2107 853 2132 κ.
891 2108 927 2132 τ.
966 2093 1001 2130 λ.
1075 2091 1138 2129 Ex
1181 2090 1320 2142 quibus
1357 2088 1485 2128 verbis

155 2150 334 2198 Gorgiam
362 2162 558 2199 perperam
586 2149 827 2187 coniecerunt
853 2149 930 2186 iam
958 2152 1041 2186 tum
1060 2159 1189 2185 senem
1207 2145 1337 2191 fuisse,
1365 2157 1484 2195 quum

155 2206 318 2255 primum
347 2206 494 2254 legatus
513 2205 687 2243 Athenas
714 2204 902 2251 venisset;
931 2202 1124 2253 pertinent
1149 2201 1252 2239 enim
1270 2200 1338 2238 illa
1354 2199 1485 2250 procul

155 2262 269 2299 dubio
298 2262 345 2299 ad
373 2274 457 2298 eam
483 2260 557 2299 viri
587 2264 769 2307 aetatem,
809 2272 885 2311 qua
912 2271 962 2297 ex
989 2257 1187 2296 Thessalia
1211 2256 1335 2294 redux
1361 2256 1486 2293 factus

155 2317 397 2355 audientibus
424 2328 546 2367 usque
574 2316 633 2353 sui
663 2315 807 2365 copiam
843 2314 1025 2359 faciebat,
1065 2312 1240 2364 quamvis
1267 2315 1350 2350 tum
1377 2323 1484 2349 sene-

155 2372 270 2410 ctutis
308 2385 425 2409 annos
464 2371 668 2420 ingressus.
726 2371 809 2408 Iam
845 2382 936 2409 vero
963 2368 1030 2407 ubi
1057 2367 1294 2419 quaerimus,
1333 2365 1484 2418 quando

154 2429 308 2466 tandem
337 2432 477 2465 certam
505 2431 800 2477 perpetuamque
828 2438 955 2464 rerum
981 2436 1137 2462 suarum
1165 2423 1293 2461 sedem
1319 2420 1485 2460 Athenis

154 2483 412 2529 collocaverit,
441 2495 593 2531 prorsus
623 2481 852 2520 assentimur
879 2483 925 2519 A.
954 2478 1232 2526 Boeckhio,
1269 2477 1335 2529 qui
1363 2489 1482 2528 quum

154 2539 244 2576 olim
281 2538 321 2575 in
359 2538 497 2575 Annal.
527 2538 661 2575 Litter.
690 2538 858 2575 Ienenss.
898 2549 930 2574 a.
974 2537 1090 2572 1808.
1120 2533 1218 2571 Scid.
1254 2535 1362 2579 178.‚
1400 2534 1483 2570 tum

153 2598 285 2642 postea
311 2594 352 2631 in
381 2593 550 2630 Philolao
578 2605 614 2641 p.
648 2596 708 2630 11.
738 2592 900 2641 Gorgiae
938 2603 1006 2640 per
1033 2589 1232 2627 Graeciam
1267 2587 1482 2638 peregrina·

153 2650 274 2687 tiones
311 2661 431 2699 usque
469 2649 513 2685 ad
557 2648 705 2698 Olymp.
736 2652 799 2685 94.
837 2645 1064 2696 pertinuisse
1102 2645 1317 2683 arbitratur.
1373 2641 1481 2683 Quae

152 2705 341 2743 sententia
368 2702 593 2741 mirabiliter
619 2716 704 2740 cum
723 2709 854 2741 nostra
871 2701 1017 2740 ratione
1037 2699 1222 2749 congruit,
1250 2709 1479 2751 quamquam
