1690 2892
469 140 713 181 GORGIAS.
744 143 788 181 P.
821 145 915 181 505.
945 142 1005 182 ed.
1037 143 1094 182 St.

1378 144 1458 182 273

98 249 250 304 περιίῃ.
290 248 522 301 ἀπόκριναι
549 245 630 292 οὖν
656 249 729 292 καὶ
755 250 807 292 τὰ
835 251 987 302 λοιποί,
1027 251 1099 294 ἵνα
1125 251 1230 306 ἡμῖν
1267 251 1292 293 ὁ
1331 251 1460 305 λόγος

97 314 291 368 κεφαλὴν
318 315 442 369 λάβῃ.

181 379 289 440 Cap.
319 381 442 424 LXI.
503 382 639 422 ΚΑΛ.
678 374 756 429 Ὡς
785 381 924 434 βίαι.ος
952 377 1003 431 εἷ,
1036 377 1069 423 ὦ
1099 382 1338 434 Σώκρατες.
1381 379 1457 421 ἐὰν

95 445 141 488 δὲ
171 445 265 501 ἐμοὶ
292 447 444 502 πείθῃ,
484 446 618 495 ἐάσεις
653 446 815 499 χαίρειν
854 449 1011 488 τοῦτον
1038 446 1115 489 τὸν
1142 448 1296 500 λόγον,

573 512 670 552 ΣΩ.
719 511 792 559 Τίς
821 507 903 553 οὖν
931 514 1058 561 ἄλλος
1088 510 1246 562 ἐθέλεις
1288 512 1345 566 μὴ
1375 511 1457 565 γάρ

96 514 210 565 ἄλλῳ
238 527 297 567 τῳ
325 511 515 563 διαλέξει.

94 592 160 619 τοι
189 577 314 631 ἀτελῆ
341 592 389 630 γε
417 577 494 619 τὸν
521 577 652 629 λόγον
691 577 1000 631 καταλίπωμεν.

94 639 177 685 οὐκ
206 642 261 683 ἂν
289 642 442 685 δύναιο
470 643 657 684 διελθεῖν
685 641 763 683 τὸν
789 644 944 696 λόγον,

1345 441 1364 456 Ἃ
1444 445 1453 458 ἱ

1333 462 1359 499 η
1387 461 1459 487 και

1058 579 1196 620 ΚΑΛ.
1239 575 1382 626 Αὐτὸς
1413 576 1457 618 δὲ

990 638 1015 695 ἢ
1051 640 1189 695 λέγων
1217 643 1326 684 κατὰ
1355 653 1456 684 σαυ-

91 709 168 749 τὸν
194 703 224 762 ἢ
251 708 591 763 ἀποκρινόμενος
618 711 787 763 σαυτῷ;
817 710 915 750 Σῼ.
935 704 1029 748 Ἵνα
1057 723 1130 761 μοι
1156 709 1204 749 τὸ
1231 712 1311 750 τοῦ
1335 704 1454 749 Ἐπι-

93 773 261 828 χοὶρμον
289 772 482 828 γένηται,
522 775 548 815 ἃ
576 774 660 825 πρὸ
688 776 768 815 τοῦ
797 774 877 815 δύο
914 773 1067 825 ἄνδρες
1096 770 1263 827 ἔλεγον,
1304 769 1364 822 εἷς
1392 772 1454 814 ὣν

158 931 201 962 D.
233 929 363 970 θέμις
396 926 518 963 εἶναι
550 929 706 972 καταλ.]

754 930 876 962 Astius
901 929 1007 962 edidit
1033 929 1148 970 θέμιν.
1197 930 1316 962 Possis
1350 931 1453 962 etiam

91 970 184 1007 εἶναι
207 975 394 1008 eliminare.
443 975 510 1008 Sed
533 975 622 1008 nihil
646 975 860 1007 mutandum.

159 1024 317 1053 τοῦτον
348 1019 422 1054 τὸν
448 1016 604 1065 λόγον]
654 1018 715 1053 τὸν
746 1019 852 1064 λόγοι
885 1024 1008 1053 τοῦτον
1039 1020 1156 1063 steph.
1191 1024 1269 1052 cum
1300 1021 1377 1052 Par.
1411 1021 1451 1053 E.

89 1065 181 1099 Flor.
205 1066 228 1098 f.
253 1077 281 1099 s.

156 1108 281 1146 ἄλλος
306 1110 466 1154 ἐθέλει]
492 1111 550 1144 Sic
576 1111 693 1143 Clark.
718 1111 795 1145 Vat.
822 1110 930 1144 Coisl.
955 1111 1041 1143 Ven.
1070 1110 1111 1143 Σ.
1135 1110 1238 1144 vind.
1258 1109 1289 1143 1.
1315 1110 1346 1143 2.
1364 1110 1395 1143 6.
1422 1110 1451 1145 7.

89 1156 166 1189 Par.
191 1157 358 1190 BEFW.
392 1156 491 1189 Bodl.
513 1158 655 1189 Meerm.
701 1156 816 1199 Vulgo
843 1154 1012 1199 ἐθελήσει.
1059 1156 1151 1188 Dein
1182 1166 1243 1198 pro
1268 1156 1361 1198 vulg.
1393 1168 1451 1188 κα-

89 1202 303 1241 ταλείπωμεν
333 1213 377 1235 ex
409 1201 514 1236 Coisl.
539 1202 626 1235 Ven.
656 1202 735 1234 ΞΣ.
773 1201 874 1233 vind.
909 1202 938 1234 1.
963 1200 992 1234 2.
1020 1200 1051 1234 6.
1077 1199 1107 1235 7.
1132 1203 1209 1236 Par.
1234 1202 1276 1233 V.
1301 1202 1391 1233 Flor.
1419 1203 1450 1235 b.

89 1246 187 1279 Bodl.
213 1248 452 1286 καταλίπωμεν
476 1247 564 1279 dedi.

151 1290 242 1324 Ἵνα
273 1303 343 1332 μοι
376 1290 417 1324 τὸ
451 1295 524 1324 τοῦ
555 1289 892 1335 Ἑπιχάρμου-]
930 1292 970 1323 V.
987 1289 1060 1323 Ἵνα
1084 1290 1129 1334 μὴ
1155 1303 1178 1323 τ.
1202 1304 1227 1323 τ.
1247 1289 1321 1324 'Ean
1346 1293 1451 1324 Recte

89 1348 147 1376 μοι
186 1336 301 1370 Clark.
335 1337 413 1369 Vat.
450 1337 556 1371 Coisl.
589 1338 676 1370 Ven.
711 1337 789 1369 ΞΣ.
830 1337 933 1370 Vind.
965 1335 997 1371 2.
1030 1338 1108 1369 Par.
1140 1336 1265 1370 CEFI
1277 1337 1317 1369 V.
1359 1338 1448 1370 Flor.

89 1393 118 1414 a.
144 1383 178 1415 b.
202 1393 231 1416 c.
256 1394 287 1415 o.
312 1382 410 1416 Bodl.
435 1384 577 1416 Meerm.

88 1517 386 1550 Buttmannus
439 1520 474 1550 et
517 1516 732 1549 Heindor-

88 1562 106 1594 f
109 1563 154 1594 iu
164 1573 181 1595 s
193 1587 202 1603 ,
241 1563 302 1605 qui
333 1573 378 1594 ex
409 1563 604 1595 coniectura
635 1562 732 1594 illius

88 1607 196 1640 edidit
217 1609 464 1647 καταλίπωμεν.
505 1609 559 1640 De
583 1607 733 1641 formula

87 1650 267 1686 καταλύειν
305 1652 367 1686 τὸν
402 1651 508 1697 λόγον
546 1665 579 1686 v.
614 1657 731 1686 annot.

87 1699 131 1732 ad
154 1708 230 1741 cap.
254 1698 335 1731 XII.

136 1740 285 1778 Αὐτὸς
322 1742 504 1787 γνώσει]
542 1743 646 1786 Ipse
676 1744 733 1775 vi—

87 1787 189 1821 debi
200 1799 225 1821 s.
241 1789 375 1822 Schol.:
399 1786 476 1821 ἀντὶ
503 1792 574 1826 τοῦ,
599 1788 635 1821 εἰ
649 1787 731 1821 ἐθέ-

86 1834 154 1867 λεις
165 1858 174 1871 ‚
208 1835 316 1876 ποίει·
349 1833 427 1873 ἐμοὶ
460 1832 528 1877 γὰρ
561 1831 605 1866 οὐ
630 1834 731 1873 μέλει.

86 1879 288 1911 Formulam
335 1879 506 1921 copiosius
557 1879 732 1911 illustravi

86 1923 130 1956 ad
154 1924 290 1957 Phileb.
318 1935 350 1967 p.
385 1923 438 1959 12.
462 1925 505 1958 A.
529 1943 573 1949 —-
596 1925 731 1957 Deinde

86 1969 244 2002 Astius
280 1980 341 2012 pro
373 1969 476 2009 θέμις
508 1968 732 2002 scribendum

86 2014 222 2056 putavit
245 2014 361 2054 θέμιν.
392 2025 425 2047 v.
463 2015 731 2047 Schaeferus

88 2057 131 2091 a'd
155 2059 271 2101 Apoll.
294 2059 404 2092 Rhod.
428 2060 506 2093 Vol.
527 2061 573 2093 ΙΙ.
596 2071 628 2103 p.
653 2059 731 2093 407.

86 2104 318 2147 Reisigius
349 2105 393 2137 ad
417 2105 520 2148 Soph.
547 2105 630 2138 Ocd.
656 2105 731 2138 Col.

86 2160 120 2181 v.
145 2147 244 2184 1185.
269 2151 309 2183 Τ.
334 2150 361 2185 Ῑ.
391 2161 425 2193 p.
449 2149 526 2184 343.
552 2150 639 2191 φασὶ
672 2162 730 2194 pa-

86 2194 315 2228 rentheticum
351 2206 427 2229 esse
467 2197 589 2229 statuit
628 2200 730 2238 atque

86 2240 262 2273 connectit
298 2239 425 2282 μεταξὺ
464 2237 500 2274 εἶ
503 2254 568 2275 ναι.
631 2242 730 2283 Quae

85 2285 173 2317 ratio
197 2286 319 2318 merito
343 2285 522 2329 displicuit
545 2288 605 2319 Do
616 2298 634 2319 e
644 2287 730 2320 der-

86 2329 190 2364 lino.
234 2331 319 2363 Post
341 2341 393 2371 ea,
417 2341 506 2374 quae
530 2331 573 2365 ab
597 2333 729 2365 Elms-

84 2375 185 2416 leio,
210 2375 311 2408 God.
325 2377 587 2418 Hermanno,
609 2378 729 2410 Butt-

84 2431 212 2453 mann
222 2432 242 2454 ο
266 2421 440 2463 disputata
463 2426 562 2464 sunt,
585 2422 729 2455 dubium

85 2466 146 2497 vix
175 2475 251 2498 esse
282 2470 412 2509 potest,
444 2468 526 2509 quin
558 2467 658 2507 θέμις
690 2469 729 2500 in

84 2510 150 2543 h'ac
172 2511 321 2544 formula
336 2516 511 2554 tamquam
528 2523 655 2546 nomen
677 2514 729 2546 in-

85 2555 293 2589 declinabile
317 2561 520 2599 usurpatum
538 2558 649 2591 fuerit.
674 2559 728 2591 De

83 2611 153 2642 qua
181 2612 216 2634 ro
248 2602 329 2634 nolo
360 2606 511 2644 repetere
543 2614 600 2643 ea,
640 2614 728 2646 quae

84 2646 246 2679 disseruit
268 2648 296 2679 B
306 2651 410 2680 uttm
421 2658 441 2679 a
451 2658 538 2680 nnu
547 2659 563 2680 s
577 2649 726 2682 Gramm.

83 2691 239 2734 amplior.
274 2693 316 2725 Τ.
340 2693 371 2725 Ι.
393 2703 424 2735 p.
449 2691 527 2726 232.
559 2697 593 2726 et
616 2695 658 2726 Τ.
682 2695 726 2729 ΙΙ.

151 2759 224 2785 Plat.
243 2759 315 2792 Opp.
335 2761 398 2786 Vol.
416 2761 452 2786 11.
473 2760 548 2786 Sect.
566 2761 590 2786 Ι.

800 1527 834 1559 p.
858 1515 935 1551 405.
967 1535 1010 1540 —
1044 1518 1185 1556 μῦθος
1218 1515 1418 1559 ἀκέφαλο
1433 1530 1448 1552 ς

801 1566 1086 1595 commemoratur
1115 1563 1218 1596 etiam
1250 1563 1356 1606 Legg.
1389 1564 1446 1595 Vl.

801 1619 834 1650 p.
868 1606 944 1642 752.
977 1608 1020 1640 A.
1029 1633 1037 1649 ‚

801 1654 829 1685 F
838 1654 850 1685 i
858 1664 880 1685 n
890 1653 912 1685 d
920 1664 938 1685 e
947 1654 984 1686 is
993 1664 1011 1686 e
1021 1665 1053 1685 n.
1109 1654 1284 1686 indicavit.

1081 1619 1183 1650 quem
1221 1608 1338 1641 locum
1378 1609 1448 1641 iam

1362 1654 1447 1686 Inde

800 1698 1065 1741 Apostolius
1100 1699 1136 1731 in
1168 1710 1291 1742 corpus
1323 1700 1448 1732 Paroe-

800 1746 947 1776 miarum
966 1744 1097 1786 recepit
1117 1744 1256 1777 Centur.
1276 1745 1320 1785 ΙΙ,
1340 1743 1395 1777 32.
1415 1750 1448 1777 et

801 1789 911 1821 addit:
946 1788 1002 1822 ἐπὶ
1037 1793 1105 1822 τῶν
1137 1787 1239 1833 αἰελῆ
1262 1788 1446 1831 λεγόντων.

800 1835 954 1867 Pertinet
972 1835 1040 1867 huc
1053 1834 1150 1867 loeus
1163 1835 1309 1867 Phaedr.
1323 1846 1356 1877 p.
1370 1834 1447 1868 264.

802 1880 849 1912 C:
875 1879 954 1912 δεῖν
971 1879 1079 1912 πάντα
1082 1878 1199 1934 λόγοι
1217 1879 1330 1922 ὥςπερ
1352 1882 1446 1922 ζῶον

803 1923 1012 1958 συνεστάναι
1045 1925 1142 1965 σῶμά
1173 1938 1200 1958 τι
1233 1926 1352 1981 {zotta
1384 1923 1446 1958 αὐ-

801 1968 860 2003 τὸν
885 1968 1010 2008 αὑτοῦ,
1029 1969 1086 2025 ”dis
1085 1982 1128 2003 ·τε
1161 1969 1243 2026 μήτε
1269 1969 1446 2011 ἀκέφαλοι

800 2011 894 2048 εἶναι
917 2015 1014 2069 μήτε
1021 2013 1158 2052 ἄπουν
1192 2014 1276 2049 ἀλλὰ
1300 2016 1388 2056 με’σα
1412 2029 1446 2049 τε

801 2061 888 2103 ἔχειν
912 2061 969 2093 καὶ
993 2058 1083 2103 ἄκρα
1107 2074 1136 2094 κ.
1163 2073 1187 2097 τ.
1211 2062 1238 2094 λ.
1294 2047 1348 2094 Dc
1373 2073 1446 2095 ver-

800 2106 854 2139 bis
879 2105 1065 2141 ἐπιθέιτας
1089 2106 1272 2161 κεφαλήν,
1306 2117 1352 2140 se.
1386 2119 1444 2140 κα-

801 2153 971 2184 ιαλείπειν
1011 2149 1138 2191 αὐτόν,
1180 2153 1270 2185 conf.
1309 2153 1444 2185 Phileb.

798 2208 830 2240 p.
855 2196 910 2230 66.
928 2198 979 2230 1)·
1006 2202 1077 2231 τοῖς
1103 2197 1303 2240 εἰρημέιοις
1328 2197 1442 2239 ὥςπερ

799 2240 956 2286 κεφαλὴν
978 2240 1173 2276 ἀποδοῦναι
1191 2243 1226 2286 (l.
1243 2255 1298 2275 ετι
1303 2244 1381 2276 ζΫειι
1376 2244 1444 2284 αι)

798 2288 932 2320 Politic.
964 2299 996 2331 p.
1028 2287 1105 2322 277.
1132 2288 1182 2321 O:
1215 2288 1271 2320 καὶ
1305 2287 1443 2323 πάντως

799 2336 845 2376 τῷ
875 2331 982 2388 μύθῳ
1024 2333 1115 2367 τέλος
1152 2330 1216 2366 οὐκ
1256 2332 1441 2372 ἐπέθεμεν,

797 2368 866 2411 ἀλλ’
892 2376 1043 2420 ἀτεχνως
1067 2376 1086 2410 o‘
1108 2376 1209 2421 λόγος
1227 2376 1309 2422 ημῖι
1327 2378 1440 2418 ὥςπερ

799 2425 894 2466 ζῶον
910 2422 972 2467 τὴν
986 2425 1124 2465 ἔξωθεν
1137 2423 1203 2463 μὲν
1217 2423 1442 2467 περιγραφὴι

798 2470 911 2501 ἔοικεν
936 2469 1065 2503 ἱκανῶς
1091 2469 1179 2511 ἔχειν
1203 2482 1231 2502 κ.
1258 2482 1281 2501 τ.
1307 2471 1333 2502 λ.
1374 2471 1442 2502 De-

797 2515 902 2556 nique
933 2514 1105 2547 notandus
1135 2514 1194 2546 hio
1224 2516 1389 2547 transitus
1421 2526 1442 2546 a

796 2559 925 2602 plurali
955 2570 1098 2592 numero
1136 2559 1180 2591 ad
1210 2560 1438 2603 singularen13

796 2616 878 2637 nam
910 2604 953 2637 ad
977 2607 1092 2646 περιίῃ
1124 2605 1233 2637 intell.
1268 2603 1286 2636 ὁ
1313 2606 1439 2644 μῦθος.

796 2661 828 2682 v.
854 2650 1005 2682 Matth.
1033 2651 1063 2690 ὅ.
1087 2649 1164 2683 293.

843 2695 925 2737 Cap.
950 2695 1043 2727 LXI.
1089 2696 1132 2727 D.

1127 2762 1170 2795 18

1173 2694 1262 2726 “Ira
1294 2706 1365 2733 μοι
1398 2691 1437 2726 τὸ
