1748 2944
354 149 433 186 222
897 150 1154 191 PLA'I'ONIS

354 253 398 295 δὲ
435 254 555 308 ἡμῶν
590 252 619 309 ᾖ
652 252 967 332 φρονιμώτερος
992 258 1087 310 περὶ
1111 261 1243 300 ταῦτα
1271 257 1414 312 ἰατρὸς
1437 256 1521 312 ὤν,
1558 258 1587 314 ᾖ
1613 260 1672 311 δὲ,

354 314 449 360 οἷον
476 320 604 369 εἰκός,
643 323 730 362 τῶν
755 319 832 375 μὲν
859 321 1147 376 ἰσχυρότερος,
1180 325 1266 365 τῶν
1291 323 1336 366 δὲ
1362 324 1671 379 ἀσθενέστερος,

352 385 454 425 ἄλλο
489 400 529 425 τι
565 384 592 438 ἢ
631 378 755 434 οὗτος
792 387 1105 440 φρονιμώτερος
1142 387 1263 442 ἡμῶν
1298 387 1360 430 ὢν
1395 390 1569 441 βελτίων
1603 391 1673 432 καὶ

353 449 551 500 κρείττων
571 447 684 490 ἔσται
703 449 760 498 εἰς
779 452 933 500 ταῦτας
965 453 1099 494 ΚΑΛ.
1129 453 1256 494 Πάνυ
1283 467 1339 506 γε.
1396 455 1492 495 ΣΩ.
1514 446 1672 496 Ηουν
1627 451 1642 470 ’

287 515 322 559 C
351 512 514 554 τούτων
537 515 622 554 τῶν
642 514 784 555 σιτίων
801 513 930 556 πλέον
947 515 1068 569 ήμῶν
1091 514 1234 558 ἑκτέον
1260 513 1386 572 αὐτῷ,
1412 515 1475 560 ὅτι
1501 519 1673 571 βελτίων

352 575 477 625 ἐστίν,
505 577 530 630 ἢ
558 583 616 629 τῷ
642 578 720 631 μὲν
745 581 887 632 ἄρχειν
914 581 1050 621 πάντα
1078 579 1242 623 ἐκεῖνον
1267 583 1333 624 δεῖ
1354 582 1516 636 νέμειν,
1555 582 1601 625 ἐν
1627 582 1672 626 δὲ

350 647 408 694 τῷ
445 642 685 684 ἀναλίσκειν
722 657 765 684 τε
802 638 909 684 αὐτὰ
950 643 1018 685 καὶ
1045 650 1331 700 καταχρῆσθαι
1357 647 1415 696 εἰς
1442 644 1490 689 τό
1517 646 1674 690 ἑαυτοῦ

351 709 469 760 σῶμα
497 702 550 748 οὐ
577 706 919 761 πλεονεκτητέον,
958 709 994 749 εἰ
1019 707 1077 763 μὴ
1104 708 1238 763 μέλλει
1267 714 1531 765 ζημιοῦσθαι,
1568 713 1672 754 ἀλλὰ

350 774 434 813 τῶν
474 770 551 824 μὲν
586 769 736 820 πλέον
776 775 861 813 τῶν
898 768 937 814 δ’
977 771 1147 816 ε’λαττον
1182 772 1343 817 ἑκτέον·
1380 776 1453 818 ἐὰν
1487 775 1532 818 δὲ
1568 777 1671 831 τύχῃ

348 836 519 877 πάντων
539 834 840 885 ασθενέστατος
859 833 931 888 ω’ν,
953 838 1125 880 πάντων
1149 838 1362 894 ἐλάχιστον
1381 843 1441 895 τῷ
1462 842 1670 896 βελτίστῳ,

349 895 383 941 ὦ
414 901 677 950 Καλλίκλεις;
720 899 797 955 οὐχ
825 901 968 951 οὕτως,
1011 898 1044 943 ὦ
1066 900 1209 957 ’γαθὲς

278 971 318 1012 D
347 963 479 1018 λέγεις
516 965 587 1007 καὶ
625 965 733 1007 ποτὰ
769 965 839 1008 καὶ
877 964 1047 1020 ἰατροὺς
1072 984 1139 1009 και
1169 970 1377 1021 φλυαρίας
1394 982 1402 991 ·
1439 969 1520 1023 ἐγὼ
1547 969 1590 1012 δὲ
1618 966 1671 1012 οὐ

347 1032 479 1071 ταῦτα
506 1029 623 1084 λέγω.
679 1032 775 1072 ΣΩ.
810 1031 1001 1083 Πότερον
1028 1028 1108 1074 οὖν
1133 1029 1211 1074 τὸν
1236 1029 1555 1088 φρονιμώτερον
1583 1036 1670 1086 βελ-

347 1094 421 1135 τίω
448 1092 601 1148 λέγειςς
642 1096 760 1137 Φοίθι
786 1094 812 1149 ἢ
840 1097 909 1150 μή.
966 1097 1100 1138 ΚΑΛ.
1128 1092 1299 1150 Ἔγωγε.
1354 1099 1454 1139 ΣΩ.
1488 1094 1587 1140 Ἀλλ’
1617 1094 1670 1141 οὐ

413 1212 515 1248 ἄλλο
548 1228 581 1248 τι
613 1214 634 1259 ἢ
663 1210 789 1250 οὗτος
819 1215 965 1260 φρον.]
999 1218 1129 1250 Rursus
1160 1218 1216 1249 hic
1238 1218 1433 1259 Bekkerus,
1466 1220 1579 1252 nescio
1603 1230 1669 1261 quo

347 1260 424 1293 odio
448 1261 637 1293 innocentis
660 1260 846 1303 particulae
870 1262 1115 1303 inflammatus,
1149 1259 1169 1305 ἢ
1190 1263 1300 1302 eiecit,
1324 1273 1425 1305 quam
1448 1264 1548 1296 etism
1572 1263 1668 1296 codd.

347 1316 471 1348 magna
501 1307 724 1339 consensione
754 1309 898 1339 tuentur.
938 1307 1027 1339 conf.
1056 1306 1150 1349 adp
1153 1306 1262 1341 4.55
1286 1308 1324 1340 Β.
1354 1307 1431 1351 481.
1454 1307 1491 1341 Ο.
1525 1307 1604 1342 496.
1625 1309 1669 1341 D.

346 1349 422 1384 502.
446 1351 484 1383 Ο.
507 1350 606 1383 etad
629 1351 766 1393 Euthyp
769 1350 819 1383 111.
840 1361 873 1393 p.
898 1349 971 1385 104.
1000 1351 1052 1383 ed.
1075 1351 1155 1383 111111.
1179 1351 1270 1394 Lips.

414 1394 454 1428 Ο.
495 1395 602 1437 Περὶ
631 1397 744 1428 σιτια
767 1394 984 1439 λέγεις-]
1016 1395 1207 1428 Τίδὲσιτία
1223 1397 1339 1429 Clark.
1355 1407 1397 1428 ex
1421 1408 1502 1430 corr.
1520 1397 1621 1430 vind.
1636 1396 1668 1430 2.

347 1441 423 1472 Par.
447 1440 489 1472 V.
518 1439 614 1473 Bodl.
638 1440 727 1493 Aug.
751 1441 890 1473 Meerm.
934 1440 1034 1473 Male.
1081 1441 1164 1473 Post
1196 1444 1280 1473 σιτία
1308 1441 1412 1484 vulgo
1443 1441 1593 1475 additum
1623 1443 1668 1476 le-

345 1485 437 1527 gitur
470 1483 529 1523 σύ,
568 1484 626 1517 sed
659 1485 818 1517 omittunt
850 1495 1035 1527 pronomen
1065 1485 1179 1518 Clark.
1209 1485 1286 1519 Vat.
1317 1486 1420 1518 Coisl.
1453 1486 1551 1519 vind.
1582 1486 1611 1520 1.
1636 1487 1667 1520 6.

348 1530 423 1562 Par.
446 1529 668 1562 BCEFIW.
700 1533 734 1562 et
755 1540 877 1562 novem
901 1530 1100 1563 Florentini.
1145 1530 1337 1573 Eorumque
1360 1532 1528 1564 sententia
1549 1532 1667 1574 utique

348 1573 517 1606 audienda
547 1574 688 1606 videtur.
741 1573 827 1606 Nam
858 1574 990 1607 videtur
1022 1573 1064 1606 σὺ
1095 1575 1137 1607 ab
1167 1575 1210 1607 iis
1239 1575 1445 1608 inculcatum
1480 1587 1572 1617 esse,
1609 1577 1668 1619 qui

348 1619 497 1651 Graecos
527 1623 560 1652 et
590 1619 732 1651 Latinos
767 1620 961 1661 ignorarent
990 1619 1025 1651 in
1054 1619 1218 1652 eiusmodi
1249 1621 1518 1662 oppositionibus
1548 1631 1667 1663 prono-

347 1664 440 1696 mina
463 1662 606 1696 subinde
629 1664 792 1696 omittere.
838 1664 944 1696 Cuius
975 1674 1056 1696 usus
1079 1664 1234 1707 exempla
1259 1665 1343 1697 bene
1366 1665 1472 1697 multa
1495 1676 1602 1708 nupcr
1624 1665 1666 1698 ad

347 1708 550 1751 Euthydem.
573 1718 605 1763 p.
628 1706 705 1741 295.
728 1709 769 1740 Α.
800 1709 1092 1751 consignavimus,
1122 1708 1182 1740 ubi
1212 1714 1280 1741 est:
1310 1709 1346 1742 el
1371 1708 1436 1752 γάρ
1470 1721 1517 1742 τοι
1541 1710 1667 1752 λέληθα

348 1752 493 1793 ἐμαυτὸν
517 1751 626 1793 σοφὸς
649 1750 710 1791 ὧν,
736 1752 778 1785 σὺ
803 1752 843 1786 δὲ
867 1755 962 1785 τοῦτο
987 1751 1173 1794 ἐπιδείξειε.

1042 1865 1100 1906 qui
1124 1862 1212 1905 Περὶ
1237 1863 1342 1896 deleri
1366 1863 1469 1904 iubet,
1493 1863 1535 1898 de
1557 1864 1667 1898 medio

346 1883 390 1889 —
420 1865 552 1907 ἔχθραν
585 1882 628 1888 -·
657 1861 842 1919 ἄρα’μενροι
888 1863 975 1896 Ibid.

1042 1908 1199 1943 tollenda.
1278 1909 1416 1951 Proprie
1474 1909 1667 1952 significant

346 1908 483 1952 p.559·
508 1907 681 1941 τοσούτων
704 1906 908 1950 ἀνθρώπων
931 1927 973 1933 -

1257 906 1390 946 ΚΑΛ.
1432 905 1536 959 Περὶ
1563 907 1671 947 σιτία
1742 940 1744 942 v

348 1955 391 1987 oi
403 1951 590 1995 παρελθών
603 1951 752 1995 ἁθρόωι
767 1952 973 2008 κατηγόρεις.

345 1999 397 2031 De
428 2009 586 2041 symmor.
642 1997 749 2032 ..186
773 2000 817 2031 B:
856 1995 975 2039 ἁθρόα

346 2042 449 2076 πολλὰ
463 2009 639 2085 λαμβάιει.
658 2043 846 2096 Xenoph
863 2041 974 2075 Ausb

345 2089 387 2143 V,
409 2087 442 2129 2,
466 2087 505 2120 1;
530 2087 566 2120 οἱ
590 2087 629 2120 δὲ
650 2086 768 2130 Κόλχοι
791 2105 833 2112 -
858 2087 972 2120 πολλοὶ

345 2127 434 2178 ἦσαν
462 2130 601 2173 αθρόοι.
635 2142 667 2164 v.
691 2132 908 2165 Sohaefer.
931 2132 973 2164 ad

344 2177 563 2211 Demosthen.
592 2177 752 2220 Apparat-
785 2177 826 2209 Τ.
850 2177 910 2209 ΙΙΙ.
940 2188 973 2219 p.

343 2222 421 2257 246.
443 2226 513 2255 1101.

390 2267 429 2300 Ο.
475 2265 495 2310 ἢ
536 2269 584 2309 τῷ
610 2265 703 2318 ”aens
738 2262 886 2307 ἄρχειν
917 2283 955 2290 —

345 2312 490 2345 Dativus
526 2313 571 2354 τῷ
604 2306 736 2352 ἄρχειν,
772 2321 822 2343 eo
861 2320 941 2352 quo

345 2366 553 2399 princeps
570 2359 651 2395 est
665 2355 972 2394 caussamindicat,

345 2412 410 2434 usu
446 2401 531 2433 satis
565 2399 743 2441 frequenti.
784 2410 815 2432 v.
847 2400 972 2433 Phaed-

344 2445 398 2479 60.
422 2446 460 2478 Β.
490 2445 570 2478 Crit.
594 2443 650 2477 51.
672 2445 715 2477 D.

390 2488 564 2522 πάντων
629 2486 855 2531 ἐλαχιστον
917 2491 972 2531 τῳ

346 2533 575 2577 βελτίστῳ]
600 2532 711 2566 1111011.
734 2532 861 2566 ἑκτέον.

395 2578 501 2620 Περὶ
551 2579 663 2610 σιτία
701 2576 861 2621 λέγεις]
906 2577 972 2611 No-

345 2623 449 2657 tands
462 2627 514 2656 est
531 2623 614 2655 haec
638 2622 733 2655 verbi
755 2623 971 2663 constructio,

345 2678 409 2701 uec
456 2678 536 2701 vero
584 2676 663 2699 cum
700 2666 972 2710 Hirschigio,

1040 1953 1143 1986 haec:
1179 1964 1312 1986 sermo
1336 1958 1438 1986 tuus
1460 1959 1668 1987 versatur

1041 1998 1161 2031 circa.
1205 1998 1327 2030 eibos
1371 2002 1413 2031 et
1454 2003 1589 2041 potus
1626 2005 1666 2031 ex

1040 2042 1247 2083 medicos,
1269 2042 1365 2075 deine
1379 2042 1471 2075 Reae
1483 2043 1582 2076 dreht
1596 2043 1666 2075 cicli

1039 2098 1097 2119 um
1130 2085 1270 2129 Speisen
1298 2087 1370 2119 und
1399 2086 1569 2121 Geeranke
1590 2092 1666 2127 etc..

1040 2132 1073 2164 11.
1087 2143 1116 2164 e.
1135 2132 1327 2174 pertinet
1348 2132 1397 2163 ad
1416 2136 1477 2164 etc.
1501 2133 1666 2166 Homer.

1039 2177 1166 2231 Hymn.
1189 2176 1224 2208 in
1248 2174 1665 2217 Ρ1111.ν.11Ἀμφι’μοι

1039 2218 1199 2263 Ἑρμείαο
1243 2222 1348 2261 φίλοι
1391 2220 1498 2264 γάιον
1533 2222 1665 2258 ἔννεπε,

1042 2266 1122 2298 Mon
1126 2275 1176 2297 σα
1209 2262 1294 2298 Ibid.
1308 2266 1434 2308 Hymn.
1451 2267 1485 2298 in
1511 2267 1664 2299 Dioscur-

1040 2321 1071 2342 v.
1096 2309 1133 2343 1:
1157 2306 1260 2350 Ἀμφὶ
1286 2309 1525 2351 Διοεκοιὶρους
1549 2309 1662 2343 ἑλικώ-

1041 2354 1136 2387 πιὸες
1157 2355 1276 2388 ἔσπετε
1294 2355 1441 2387 Μοῦσαι.
1458 2357 1486 2388 P
1488 2355 1545 2388 ht
1557 2355 1664 2388 Phne-

1039 2399 1116 2434 don.
1147 2410 1179 2441 p.
1210 2398 1284 2432 109.
1314 2400 1360 2432 B:
1405 2402 1471 2432 τῶν
1508 2399 1586 2439 περὶ
1627 2397 1664 2432 τὰ

1040 2447 1173 2477 τοιαῦτα
1202 2442 1384 2476 εἰωθότωι
1405 2443 1523 2496 λέγειν.
1559 2444 1664 2487 Legg.

1039 2489 1097 2520 vl.
1130 2499 1162 2530 p.
1191 2486 1265 2522 768.
1294 2489 1340 2521 C:
1375 2488 1453 2528 περὶ
1483 2488 1547 2527 μὲι·
1572 2488 1663 2521 bana·

1041 2532 1159 2576 στήρια
1172 2533 1321 2588 εἴρηκεν.
1350 2533 1538 2589 Xenoph.
1562 2534 1662 2566 Mem.

1039 2578 1072 2618 Ι,
1095 2577 1125 2611 1.
1149 2582 1250 2611 extra
1285 2574 1411 2631 ἀσεβὲς
1443 2576 1552 2610 ουδ’ἑι
1582 2579 1662 2631 περὶ

1040 2621 1118 2656 τοίς
1156 2619 1264 2655 θεοῖς
1300 2618 1367 2654 οὔτ’
1402 2620 1545 2655 εἰπόντα
1585 2634 1663 2655 otte

1040 2667 1224 2708 πράξαντα,
1247 2667 1305 2701 ubi
1328 2666 1661 2700 ν.Βοι-11ο111ι1111.
