1702 2924
227 146 244 181 1
253 146 301 180 84
770 141 1027 179 PLATONIS

157 253 194 294 B
224 248 272 290 τὸ
300 249 495 290 καίεσθαι
523 247 592 287 καὶ,
621 247 668 287 τὸ
697 246 940 300 τέμνεσθαι,
978 246 1041 287 ὅτι
1068 246 1274 299 ἀλγεινόν.
1306 245 1331 299 ἢ
1360 246 1413 287 οὐ
1439 246 1556 287 δοκεῖ

224 312 295 354 καὶ
332 310 399 353 σοὶ
426 310 581 359 οὓτωςς
632 312 775 351 ΠΩΛ.
803 306 985 363 Ἔμοιγε.
1042 311 1143 351 ΣΩ.
1181 305 1367 362 Ἀγυοών
1392 323 1461 363 γε,
1501 311 1557 358 ὡς

226 376 386 424 ἔοικεν,
424 370 518 415 οἷόν
555 372 667 415 ἐστιν
702 374 731 428 ἦ
765 373 901 427 ὑγίεια
937 373 1006 415 καὶ
1035 371 1159 426 ἀρετὴ
1184 376 1388 426 σώματος.
1416 373 1556 415 κινδυ-

225 441 399 481 νεύουσι
437 437 519 491 γὰρ
558 435 602 478 ἐκ
641 440 725 478 τῶν
762 442 845 479 νῦν
871 438 973 492 ἡμῖν
1001 435 1338 491 ὡμολογημένων
1363 437 1559 478 τοιοῦτόν

227 519 266 544 τι
294 505 432 544 ποιεῖν
461 501 532 543 καὶ
559 500 602 542 οἱ
626 500 705 554 τὴν
732 502 854 555 δίκην
882 502 1134 555 φεύγοντες,
1175 496 1208 542 ὦ
1238 503 1377 552 Πῶλε,
1413 500 1460 542 τὸ
1489 500 1557 541 ἀλ-

228 566 370 620 γεινὸν
411 566 544 606 αὐτοῦ
579 568 795 616 καθορᾶν,
840 565 946 617 πρὸς
980 564 1024 606 δὲ
1062 566 1110 607 τὸ
1149 563 1363 619 ὠφέλιμον
1388 566 1560 617 τυφλῶς

228 629 335 685 ἔχειν
361 628 432 671 καὶ
459 629 630 680 ἀγνοεῖν
645 660 656 677 ,
695 627 780 684 ὅσῳ
820 623 1082 681 ἀθλιώτερόν
1109 628 1194 670 ἐστι
1219 628 1277 682 μὴ
1304 628 1454 682 ὑγιοῦς
1481 628 1558 669 σώ-

228 709 358 747 ματος
384 691 440 747 μὴ
469 692 580 746 ὑγιεῖ
605 698 719 746 ψυχῇ
751 695 988 740 συνοικεῖν,
1026 693 1129 734 ἀλλὰ
1165 696 1306 746 σαθρᾷ
1332 691 1403 734 καὶ
1429 691 1559 747 ἀδίκῳ

164 761 199 804 C
230 759 299 800 καὶ
328 757 500 812 ἀνοσίῳ.
537 755 643 797 ὅθεν
669 756 739 797 καὶ
764 763 851 797 πᾶν
878 762 1096 804 ποιοῦσιν,
1137 755 1236 805 ὢςτε
1264 756 1387 810 δίκην
1413 755 1470 809 μὴ
1498 755 1557 796 δι-

229 822 351 863 δόναι
367 852 378 870 ,
427 815 527 874 μηδ’
565 819 897 862 ἀπαλλάττεσθαι
933 826 1011 862 τοῦ
1048 821 1245 874 μεγίστου
1281 823 1441 871 κακοῦ,
1491 818 1562 861 καὶ

228 887 419 939 χρήματα
438 885 853 938 παρασκευαζόμενοι
872 884 942 926 καὶ
961 885 1114 934 φίλους
1139 883 1209 926 καὶ
1237 883 1351 933 ὅπως
1378 883 1432 925 ἂν
1458 877 1562 925 ὦσιν

230 949 286 998 ὠς
306 949 594 990 πιθανώτατοι
617 947 762 1001 λέγειν.
793 949 828 989 εἰ
848 948 891 990 δὲ
911 948 1030 1001 ἡμεῖς
1050 948 1189 1003 ἀληθῆ
1218 948 1560 1002 ὡμολογήκαμεν,

232 1009 264 1054 ὦ
295 1015 430 1060 Πῶλε,
459 1003 524 1063 ἆρ’
554 1012 748 1053 αἰσθάνει
775 1012 825 1052 τὰ
853 1012 1144 1064 συμβαίνοντα
1171 1010 1217 1053 ἐκ
1243 1018 1320 1053 τοῦ
1347 1012 1499 1063 λόγους
1532 1010 1559 1065 ἢ

233 1077 377 1129 βούλει
397 1075 742 1129 συλλογισώμεθα
769 1077 896 1125 αὐτάς
928 1077 1073 1116 ΠῼΛ.
1102 1075 1158 1128 Εἰ
1176 1073 1234 1129 μὴ
1262 1076 1330 1117 σοί
1355 1090 1402 1129 γε
1428 1078 1563 1124 ἄλλως

230 1141 355 1182 δοκεῖ.
410 1141 510 1181 ΣΩι.
533 1133 612 1193 'Ap'
641 1136 720 1182 οὖν
739 1141 961 1193 συμβαίνει
984 1139 1181 1193 μέγιστον
1209 1141 1342 1181 κακὸν
1369 1140 1397 1194 ἦ
1424 1139 1563 1181 ἀδικία

158 1211 198 1251 D
230 1205 300 1246 καὶ
336 1204 384 1246 τὸ
423 1204 607 1253 ἀδικεῐν;
662 1205 807 1245 ΠΩΛ.
850 1204 1051 1245 Φαίνεταί
1087 1217 1146 1257 γε.
1211 1205 1310 1244 ΣΩ.
1357 1202 1442 1244 Καὶ
1478 1202 1563 1257 μὴν

176 1272 185 1281 ’
231 1269 450 1323 ἀπαλλαγή
471 1282 518 1322 γε
538 1267 676 1322 ἐφάνη
703 1268 859 1310 τούτου
887 1271 965 1309 τοῦ
993 1274 1127 1309 κακοῦ
1152 1265 1200 1309 τὸ
1228 1268 1350 1320 δίκην
1377 1267 1562 1317 ὃιδόναι;

298 1389 336 1422 C.
384 1388 521 1431 Εἰμὴ
556 1387 726 1432 σοίγε]
766 1387 831 1431 μὴ
844 1399 908 1421 om.
933 1388 1009 1420 Vat.
1035 1387 1140 1420 Coiel.
1165 1388 1250 1421 Ven.
1276 1387 1315 1420 Ξ.
1352 1387 1453 1422 Vind.
1479 1387 1509 1420 1.
1532 1387 1563 1421 6.

232 1434 307 1466 Per.
332 1433 524 1466 BOFIW.
554 1433 644 1465 Flor.
671 1433 701 1464 b.
727 1443 756 1465 o.
781 1433 812 1465 d.
836 1444 879 1467 m.
904 1443 934 1465 ο.
958 1443 989 1464 x.
1015 1432 1119 1486 maie.

299 1479 341 1510 D.
383 1472 463 1519 Ap’
497 1472 576 1510 οὖν
607 1477 710 1519 περὶ
745 1477 788 1520 τ.]
826 1477 938 1519 Vulgo
970 1471 1045 1518 νἈρ
1078 1471 1146 1508 οὖν
1177 1474 1219 1509 οὐ
1254 1488 1285 1508 π.
1333 1475 1399 1508 Sed
1432 1488 1475 1508 ου
1498 1486 1562 1508 om.

233 1522 347 1554 Clark.
363 1522 439 1554 Vat.
460 1522 536 1554 Par.
561 1521 806 1554 BCEFVW.
841 1521 942 1553 vind.
965 1521 995 1554 1
1020 1520 1052 1554 6.
1082 1521 1172 1553 Flor.
1197 1531 1227 1552 a.
1251 1522 1283 1553 b.
1306 1521 1328 1551 f.
1354 1531 1385 1553 ο.
1408 1531 1434 1552 s.
1458 1525 1491 1553 et
1515 1530 1562 1562 pr.

233 1566 338 1599 Coisl.
369 1566 459 1599 conf.
482 1576 511 1599 c.
534 1564 588 1599 43.
622 1560 677 1606 ἆρ’
711 1560 777 1597 οὖν
811 1565 847 1597 οἱ
877 1566 991 1598 πολλοὶ
1027 1566 1230 1606 ιομιζουσιι
1259 1575 1388 1603 ου;ιωε
1425 1564 1484 1596 ubi
1517 1575 1565 1596 re-

276 1693 315 1725 B.
386 1691 427 1725 τὸ
474 1690 685 1736 ἀλγεινὸν
731 1690 868 1725 αὐτοῦ

234 1738 343 1769 καθο
356 1740 403 1779 ρᾶ
416 1749 434 1768 ν
469 1749 497 1770 κ.
530 1749 554 1769 τ.
586 1736 633 1780 L]
681 1737 868 1770 Continent

233 1782 318 1815 haee
331 1781 595 1824 explicationem
606 1782 787 1814 verborum
801 1793 865 1814 τοι·

234 1825 340 1858 οῦτόν
384 1838 411 1858 11
455 1830 566 1858 ποιεῖν
608 1826 751 1868 ideoque
792 1826 867 1858 sine

934 1691 1080 1725 debebat
1109 1691 1165 1724 καὶ
1197 1690 1403 1734 πιθανότητα
1433 1690 1480 1726 οἷς
1511 1703 1566 1732 με-

934 1739 1062 1779 γίσιην.
1095 1737 1178 1769 Mox
1200 1734 1245 1768 ιὰ
1271 1737 1568 1778 συμβαίνοντα

935 1780 978 1813 ἐκ
1004 1784 1072 1813 τοῦ
1096 1782 1112 1812 λ
1125 1779 1228 1823 όγου
1256 1781 1495 1823 intelliguntur
1516 1791 1567 1820 ea,

935 1836 1022 1868 quae
1069 1829 1323 1867 consequuntur
1361 1835 1378 1856 e
1421 1825 1567 1867 disputa-

234 1870 357 1912 copula
373 1870 490 1903 addita
508 1874 597 1902 sunt.
615 1882 646 1902 v.
667 1871 710 1903 ad
723 1870 867 1924 Apolog.

234 1915 326 1948 Socr.
350 1925 381 1957 p.
406 1913 461 1947 25.
483 1915 521 1946 Β.
553 1932 597 1939 -—
631 1927 670 1947 οι
704 1927 778 1958 την
809 1913 867 1947 δι’·

235 1971 313 2001 κηι
329 1957 583 2001 φεύγοντες,
601 1960 867 2002 quipoenam

234 2003 429 2046 effugere
455 2002 643 2036 student.

280 2047 319 2080 C.
366 2050 448 2079 πᾶν
486 2051 713 2086 ποιοῦσιν,
764 2046 868 2081 diets

236 2091 266 2123 ὅ.
289 2089 342 2134 μὴ
367 2090 416 2135 δ.]
449 2091 590 2124 omnia.
613 2091 868 2131 moliuntur,

235 2135 377 2168 omnia
413 2137 607 2176 tentant,
649 2139 696 2168 ut
729 2146 867 2177 neque

234 2190 396 2223 poenae
442 2179 561 2219 dent,
620 2189 757 2222 neque
803 2184 868 2212 eto.

234 2224 325 2256 Enth
328 2224 426 2267 y.phr
449 2234 480 2267 p.
496 2223 527 2256 8.
549 2223 586 2256 C.
612 2224 755 2267 Apolog.
774 2223 867 2256 Socr-

260 2267 344 2301 ..38
367 2269 406 2302 Ε.
447 2268 610 2300 Similiter
632 2267 719 2301 dixit
741 2268 869 2301 Hero-

235 2312 320 2344 dot.
348 2313 388 2353 V,
412 2310 473 2346 96·
507 2315 577 2345 πᾶν
607 2315 716 2356 χρῆμα
746 2310 868 2345 ἐκίνεε.

235 2357 363 2389 Eadem
391 2360 561 2389 structura
591 2356 715 2390 Phaed.
737 2367 770 2399 p.
794 2355 869 2389 114.

237 2402 282 2432 C:
323 2399 386 2444 χρὴ
420 2419 463 2425 —-
499 2404 569 2433 πᾶι
612 2405 739 2439 ποιεῖν,
787 2399 869 2435 dicre

235 2442 359 2488 ἀρετῆς
401 2444 455 2477 καὶ
499 2444 708 2488 φρονήσεως
747 2445 787 2478 ἐι
824 2448 869 2488 τῷ

237 2490 304 2532 βίῳ
329 2493 516 2530 μειασχεῖι.

280 2533 351 2566 καὶ
399 2531 512 2566 ὅπως
560 2531 613 2565 ἂι
661 2544 768 2567 manv
816 2530 869 2568 ὥς

237 2590 276 2609 πι
287 2577 339 2619 θ]
365 2577 582 2610 Constructio
602 2578 644 2610 ad
668 2578 870 2611 sententiam

235 2622 445 2656 conformata
481 2626 541 2654 eet.
603 2623 689 2655 Nam
731 2632 869 2666 pergere

935 1871 1027 1918 tione
1058 1870 1224 1902 instituta.
1259 1880 1291 1902 v.
1322 1869 1364 1901 ad
1396 1869 1567 1902 Phaedon.

935 1912 1044 1957 12:80.
1069 1915 1110 1946 A.

982 1969 1033 1991 συ
1044 1959 1227 2013 μβαίνει
1263 1957 1469 2000 μέγιστοι
1500 1969 1567 1990 κα·

937 2002 1014 2035 κὸν
1038 2000 1059 2046 ἦ
1081 2000 1248 2045 ἀδικία]
1273 2001 1492 2044 Quadruplex
1516 2007 1568 2035 eet

935 2047 1031 2079 verbi
1085 2046 1289 2087 συμβαίνειν
1338 2047 1567 2079 constructio·

936 2095 994 2123 aut
1028 2091 1118 2123 enim
1149 2091 1357 2123 construitur
1386 2101 1461 2123 eum
1493 2091 1566 2123 solo

935 2135 1145 2168 nominativo
1161 2135 1305 2167 subiecti
1322 2139 1356 2167 et
1374 2134 1568 2176 praedicati

936 2179 1215 2221 uth..p.letRe
1238 2179 1264 2210 1.
1289 2177 1413 2221 p.329.
1437 2180 1479 2211 D.
1512 2179 1568 2211 Al

936 2222 1059 2256 cibi-d.
1079 2223 1142 2265 Lp
1144 2189 1245 2257 130.
1262 2223 1312 2263 C.‚
1334 2229 1394 2256 tut
1417 2222 1567 2255 additum

937 2267 1039 2300 habet
1061 2267 1277 2310 participium
1302 2265 1365 2305 ὢν,
1391 2263 1490 2305 ουσα,
1515 2265 1567 2304 ὄι,

935 2317 974 2344 ut
1004 2311 1208 2354 Euthydem.
1242 2322 1274 2354 p.
1303 2310 1379 2344 281
1411 2312 1468 2351 Ε..
1510 2315 1569 2343 aut

936 2356 1097 2389 adsciscit
1113 2355 1320 2388 infinitivum
1345 2366 1489 2398 eumque
1506 2365 1566 2397 pro

937 2401 1033 2433 varia
1063 2399 1241 2433 verborum
1266 2400 1487 2434 collocatione
1512 2399 1565 2431 vel

937 2455 1013 2477 eum
1044 2445 1254 2477 nominativo
1285 2443 1341 2477 vel
1370 2454 1446 2476 cum
1472 2452 1567 2475 accu-

936 2489 1047 2521 sativo
1085 2489 1250 2521 iunctum.
1310 2489 1362 2521 De
1398 2493 1566 2531 postrema

937 2534 1065 2565 ratione
1082 2532 1231 2566 diximus
1245 2532 1287 2566 ad
1301 2532 1433 2565 Phileb.
1446 2543 1478 2574 p.
1492 2530 1568 2565 176.

982 2578 1024 2611 D.
1071 2577 1251 2620 μεγέθει
1291 2575 1332 2609 τὸ
1370 2574 1563 2618 ἀδικεῖνΙ

938 2621 1146 2654 Adversatur
1189 2621 1252 2654 hoe
1289 2621 1469 2654 universae
1507 2621 1567 2653 So-
