1702 2924
436 166 680 207 GORGIAS.
710 166 755 205 P.
786 165 879 204 471.
911 163 1004 203 472.
1035 164 1096 203 ed.
1126 163 1183 202 St.
1408 163 1485 199 163

139 278 336 332 ὁμολογῶ
363 268 426 318 ὧν
453 276 506 318 σὺ
535 277 631 331 φῄς.
663 276 805 317 ΠΩΛ.
841 274 905 316 οὐ
933 273 1016 328 γὰρ
1045 271 1223 320 ἐθέλεις·
1255 269 1344 312 ἐπεὶ
1371 270 1491 312 δοκεῖ
1516 270 1556 313 Ε

143 341 191 397 γέ
219 351 287 385 σοι
316 342 374 392 ὡς
403 341 486 397 ἐγὼ
514 339 633 396 λέγω.
691 342 788 382 ΣΩ.
811 332 866 381 ς,Ω
894 340 1098 394 μακάριε,
1139 337 1372 392 ῥητορικῶς
1406 336 1491 390 γάρ

141 423 213 463 με
232 407 450 463 ἐπιχειρεῖς
488 405 692 462 ἐλέγχειν,
742 404 878 459 ὥςπερ
916 405 958 446 οἵ
998 403 1044 446 ἐν
1081 407 1170 453 τοῖς
1209 399 1492 457 δικαστηρίοις

141 474 373 528 ἡγούμενοι
401 472 594 528 ἐλέγχειν.
634 471 705 514 καὶ
732 470 814 526 γὰρ
845 470 931 512 ἐκεῖ
967 470 1008 512 οἱ
1035 469 1168 523 ἕτεροι
1194 468 1295 518 τους
1322 467 1493 522 ἑτέρους

143 540 348 582 δοκοῦσιν
385 538 589 594 ἐλέγχειν,
638 536 810 579 ἐπειδὰν
847 538 934 578 τῶν
970 536 1113 590 λόγων
1150 534 1212 576 ὡν
1250 550 1304 576 αν
1341 533 1494 588 λέγωσι

143 606 360 660 μάρτυρας
395 603 580 653 πολλοὺς
627 601 893 657 παρέχωνται
941 601 1012 643 καὶ
1063 601 1338 655 εὐδοκίμους,
1385 600 1409 642 ὁ
1447 599 1491 641 δὲ

142 671 347 713 τάναντία
382 669 520 724 λέγων
560 668 636 711 ἕνα
672 668 768 710 τινὰ
807 665 1036 746 παρέχηται
1081 666 1107 721 ἢ
1146 664 1319 720 μηδένα.
1366 659 1492 715 οὗτος

141 736 186 778 δὲ
225 736 249 778 ὁ
289 733 455 790 ἔλεγχος
494 733 671 784 οὐδενὸς
709 733 824 784 ἄξιός
866 732 951 775 ἐστι
991 733 1099 787 πρὸς
1145 732 1224 786 τὴν
1263 733 1489 787 ἀλήθειαν
1521 738 1604 779 472

143 801 277 844 ἐνίοτε
304 817 387 855 γαρ
426 800 481 843 ἂν
507 799 579 842 καὶ
617 798 1155 853 καταψευδομαρτυρηθείη
1190 813 1252 847 τις
1279 797 1365 839 ὑπὸ
1393 799 1492 839 πολ-

142 870 230 909 λῶν
257 866 328 909 καὶ
355 867 602 909 δοκούντων
628 861 739 907 εἶναί
764 880 816 907 τι.
856 864 927 906 καὶ
955 872 1039 906 νῦν
1066 863 1158 917 περὶ
1190 863 1253 905 ὡν
1281 862 1334 904 συ
1361 861 1495 917 λέγεις

143 933 291 987 ὀλίγου
341 942 409 975 σοι
453 933 608 981 πάντες
659 933 934 986 συμφήσουσι
971 930 1104 972 ταύτα
1152 930 1385 983 Ἀθηναῖοι
1423 928 1494 970 καὶ

141 997 265 1049 ξένοι,
307 997 381 1039 ἐὰν
419 999 556 1053 βούλῃ
584 998 673 1040 κατ’
704 996 808 1051 ἐμοῦ
844 997 1062 1051 μάρτυρας
1090 993 1407 1049 παρασχέσθαι
1437 994 1494 1043 ὡς

142 1065 222 1106 οὐκ
258 1064 398 1118 αληθῆ
437 1062 566 1118 λέγω·
617 1063 940 1118 μαρτυρήσουσί
978 1072 1066 1111 σοι,
1117 1060 1192 1103 ἐὰν
1229 1059 1306 1115 μὲν
1343 1060 1494 1115 βούλῃ,

145 1130 300 1179 Νικίας
329 1129 353 1171 ὁ
382 1130 634 1184 Νικηράτου
672 1127 741 1170 καὶ
771 1128 814 1169 οἱ
839 1126 1017 1182 ἀδελφοὶ
1044 1127 1129 1181 μετ’
1159 1127 1321 1176 αὐτοῦ,
1365 1125 1428 1167 ὡν
1455 1125 1497 1167 οἱ

212 1253 256 1285 D.
295 1250 393 1285 ἄλλο
419 1265 453 1285 τι
478 1246 608 1287 οὗτός
633 1250 772 1295 ἑστιν]
798 1249 877 1284 ἄλλο
898 1264 925 1283 τι
948 1248 969 1294 ἢ
994 1245 1095 1285 οὗτος
1120 1251 1207 1283 Ven.
1228 1250 1267 1283 Σ.
1293 1249 1395 1283 Vind.
1414 1248 1446 1283 2.
1464 1248 1496 1283 7.

145 1298 221 1331 Par.
245 1298 286 1330 V.
321 1298 414 1330 Flor.
438 1297 471 1329 d.
498 1298 587 1340 Aug.
611 1298 752 1330 Meerm.

210 1344 249 1375 P.
272 1341 349 1376 472.
374 1340 533 1376 πάντες
560 1339 859 1386 συμφησουσι]
889 1340 1165 1384 συμφωνήσουσι
1189 1341 1274 1374 Ven.
1294 1340 1374 1374 ΞΣ.
1393 1340 1495 1373 Vind.

151 1387 183 1421 2.
218 1387 249 1421 7.
280 1389 358 1421 Par.
392 1389 434 1420 V.
465 1387 563 1420 Bodl.
594 1389 684 1431 Aug.
719 1388 858 1420 Meerm.
905 1388 996 1419 Dein
1034 1398 1096 1430 pro
1125 1387 1219 1430 vulg.
1260 1390 1373 1425 ταῦτα,
1406 1385 1497 1428 quod

146 1433 297 1467 servavit
319 1434 447 1474 Herm.⁷
471 1444 489 1465 e
512 1434 603 1466 Flor.
628 1444 654 1466 s.
680 1433 760 1466 dedi
783 1430 902 1471 ταύτά,
927 1436 965 1465 ut
989 1433 1146 1465 voluerat
1169 1433 1356 1465 Heusdius.
1403 1432 1498 1464 Idem

145 1480 232 1512 liber
263 1479 342 1511 dein
372 1479 428 1511 καὶ
462 1477 571 1520 ξένοι,
605 1479 732 1512 omisso
756 1478 922 1519 articulo,
946 1477 982 1510 οἱ
1003 1478 1110 1522 vulgo
1135 1482 1215 1511 ante
1240 1478 1334 1520 ξένοι
1356 1478 1497 1510 inserto.

215 1521 293 1556 ἐὰν
316 1522 452 1566 βούλῃ
477 1521 559 1557 κατ’
586 1523 703 1568 ἐμοῦ]
737 1524 843 1557 Editt.
868 1534 986 1556 omnes
1011 1523 1066 1556 καὶ
1092 1522 1156 1556 ἐὰν
1181 1522 1300 1567 βούλῃ.
1350 1523 1417 1556 Sed
1441 1523 1496 1556 καὶ

146 1569 242 1647 {odd
248 1580 386 1648 2omnes
416 1570 578 1613 ignorant
600 1574 734 1613 praeter
757 1580 826 1602 rec.
849 1570 926 1602 Par.
950 1570 990 1602 E.
1015 1570 1106 1602 Flor.
1131 1581 1159 1602 c.
1185 1570 1208 1603 f.
1233 1580 1276 1611 s.,
1307 1579 1371 1602 nec
1394 1569 1499 1602 habet

176 1626 224 1648 as.
272 1642 280 1650 .

191 1728 231 1760 E.
277 1721 407 1762 οὗτος
433 1724 787 1780 δὲὸἔλοεγχος-
903 1726 1063 1762 Νικίας
1133 1725 1150 1760 ὁ

1224 1725 1496 1771 Νικηράτου]

149 1770 227 1816 ᾰλή
235 1773 336 1805 θεια
349 1772 384 1816 v]
410 1773 566 1805 Socrates
586 1773 623 1804 in
637 1773 788 1806 Lachete

857 1773 1143 1812 „Atheniensium
1166 1772 1236 1805 dux
1258 1774 1416 1816 insignis,
1440 1774 1500 1815 qui

147 1829 180 1861 p.
205 1816 282 1851 184.
300 1819 348 1850 Ε.
374 1816 538 1874 ἐπιστήμῃ
559 1817 642 1875 γάρ,
666 1819 788 1860 inquit,

149 1864 204 1895 δεῖ
218 1864 416 1904 κρίιεσθαι,
439 1861 507 1896 ἀλλ’
525 1861 568 1896 οὐ
590 1861 724 1907 πλήθει,
751 1862 787 1896 τὸ

148 1908 268 1948 μέλλον
293 1909 401 1942 καλῶς
427 1909 622 1950 κρίνεσθαι.
665 1908 788 1941 Paullo

147 1958 227 1986 ante
259 1953 321 1986 ἕνα
352 1951 373 1997 ἢ
401 1952 533 1996 μηδένα
557 1957 626 1987 est:
657 1965 788 1996 prope

148 1998 334 2038 nullum,
357 2004 466 2040 soqut
489 1999 540 2031 als
562 1999 703 2032 beinahe
723 2010 790 2041 yar

148 2044 278 2077 keine‘n.
317 2044 375 2077 Sic
400 2043 421 2087 ἦ
443 2055 491 2077 τις
517 2042 537 2088 ἢ
560 2042 677 2079 οὐδείς
700 2045 790 2087 Apo-

147 2090 215 2132 log.
241 2090 333 2122 Socr.
358 2100 391 2132 p.
419 2088 473 2122 17.
495 2090 544 2131 Β.,
568 2089 628 2122 ubi
653 2101 685 2122 v.
710 2101 790 2123 ann.

150 2135 291 2177 Proprie
328 2135 514 2178 significat:
556 2146 682 2168 unum
718 2140 791 2168 aut

153 2179 255 2212 adeo
279 2179 461 2213 nullum.

217 2225 256 2257 P.
287 2223 362 2258 472.
419 2223 495 2257 ἐὰν
528 2223 666 2268 βούλῃ
706 2223 788 2258 κατ’

152 2268 256 2309 ἐμοῦ
279 2280 311 2308 μ.
331 2269 378 2313 π.]
402 2271 637 2313 Exspectabas
661 2282 789 2313 μαρτυ-

154 2313 309 2358 ρήσουσί
331 2325 383 2347 σοι
405 2313 470 2358 γὰρ
497 2327 525 2348 κ.
551 2329 576 2348 ι.
598 2317 626 2348 λ.
649 2316 717 2349 Sed
738 2317 792 2348 in-

150 2361 307 2393 serviunt
329 2361 415 2393 haec
438 2360 652 2394 illustrandis
675 2361 791 2394 verbis

149 2406 433 2448 praecedentibus
479 2406 623 2448 ideoque
674 2407 792 2440 addita-

150 2455 233 2483 sunt
277 2448 497 2484 ἀσυνδέτως.
493 2461 501 2469 ·
547 2451 637 2494 quod
682 2463 792 2496 genus

150 2496 315 2539 loquendi
345 2496 416 2529 dici
446 2507 516 2528 non
550 2501 661 2540 potest
689 2509 792 2541 quam

150 2541 219 2574 late
243 2545 368 2584 pateat.
428 2542 549 2598 Itaque
572 2542 662 2584 quod
685 2544 792 2587 vulgo

151 2586 278 2619 editum
301 2591 375 2620 erat
397 2587 467 2619 καὶ
495 2586 559 2619 ἐὰν
583 2585 712 2630 βούλῃ,
737 2599 793 2622 co-

151 2631 264 2664 dicum
304 2633 507 2665 auctoritate
551 2637 683 2666 mutare
723 2645 793 2667 non

152 2676 395 2710 dubitavimus.
426 2677 712 2721 Distinguebatur
735 2690 794 2712 au-

150 2726 219 2755 tem
250 2723 354 2766 vulgo
394 2727 561 2756 commate
591 2728 668 2766 post
697 2723 793 2768 λέγω.

857 1820 892 1850 in
927 1819 1060 1852 infelici
1097 1819 1160 1851 illa
1190 1823 1310 1851 contra
1344 1818 1499 1851 Siciliam

858 1864 1093 1906 expeditione,
1127 1875 1148 1896 a
1171 1865 1274 1896 Nicia
1297 1865 1371 1906 ipso
1398 1868 1499 1906 atque

859 1909 1016 1950 Socrate,
1050 1914 1088 1942 ut
1119 1910 1221 1942 refert
1250 1910 1286 1941 in
1317 1909 1499 1943 Alcibiade

858 1954 1083 1987 Plutarch.
1114 1966 1146 1998 p.
1181 1953 1256 1988 199.
1286 1955 1346 1995 Ε.,
1376 1956 1500 1998 impro-

858 1999 957 2038 bata,
988 2000 1145 2042 captivus
1175 2000 1298 2032 ductus
1327 2012 1347 2033 a
1372 2000 1500 2034 Siculis

859 2046 992 2077 occisus
1031 2050 1092 2078 est.
1130 2057 1161 2077 v.
1201 2046 1424 2078 Plutarch.
1463 2047 1499 2078 in

858 2091 957 2123 Nicia.
979 2101 1012 2133 p.
1031 2089 1108 2124 542.
1134 2091 1174 2123 A.
1200 2096 1235 2124 et
1257 2091 1499 2134 Thucydid.

859 2136 935 2168 V11.
960 2146 989 2168 c.
1013 2135 1067 2169 86
1071 2136 1088 2150 ”
1111 2137 1286 2170 ROUTH
1310 2155 1355 2161 —
1378 2137 1500 2171 Niciae

859 2192 1017 2214 caussam
1041 2182 1205 2215 adversus
1224 2182 1404 2216 Platonem
1429 2184 1502 2226 agit

859 2227 1092 2260 Aristides
1129 2228 1223 2261 Orat.
1261 2227 1428 2261 Plat.11
1468 2239 1499 2272 p.

858 2271 925 2305 277
949 2283 1042 2315 seqq.
1085 2273 1162 2306 Non
1187 2272 1364 2316 indigebat
1386 2278 1501 2307 tamen

859 2318 920 2350 ille
943 2318 1004 2351 tali
1023 2318 1210 2351 defensore.
1235 2319 1323 2351 Nam
1344 2320 1502 2352 consulto

859 2363 960 2396 Plato
999 2365 1191 2396 nominavit
1234 2365 1327 2397 viros
1365 2365 1501 2407 probos,

859 2409 1039 2449 honestos,
1069 2410 1145 2451 pios
1189 2414 1248 2441 aut
1283 2414 1371 2443 certe
1394 2411 1431 2442 in
1455 2411 1502 2443 ci-

861 2455 967 2486 vitate
992 2454 1116 2495 claros,
1139 2456 1264 2498 quippe
1288 2466 1432 2498 quorum
1455 2461 1501 2488 te-

861 2500 1058 2532 stimonium
1106 2500 1215 2532 videri
1269 2501 1416 2534 debebat
1466 2503 1501 2533 in

860 2545 925 2577 hae
949 2555 1071 2577 caussa
1093 2546 1344 2588 gravissimum.

907 2602 966 2622 ων
991 2589 1032 2622 οι
1057 2590 1279 2635 τρίποδες]
1314 2591 1503 2633 „Tripodes

861 2636 919 2667 isti
941 2638 1011 2667 tam
1035 2645 1056 2667 a
1079 2636 1241 2669 fratribus
1257 2637 1378 2670 Niciae
1402 2647 1504 2679 quam

862 2691 883 2712 a
917 2680 1020 2713 Nicia
1049 2681 1124 2723 ipso
1166 2683 1271 2724 positi
1301 2683 1407 2714 fuisse
1439 2682 1505 2714 hoc

863 2726 990 2768 templo
1021 2726 1198 2767 dicuntur;
1231 2727 1290 2760 sed
1320 2727 1361 2760 de
1385 2727 1506 2760 Niciae

1167 2792 1238 2826 11*
