1696 2976
167 66 222 109 72
714 67 1016 104 PLA'roNIS

167 176 217 241 ἧς
239 183 369 242 μέρος
394 180 615 240 πολεμική.
660 181 839 262 ἐζήτουν
863 181 918 241 δὴ
941 180 1225 240 ἀθροίζεσθαι
1249 181 1322 228 καὶ
1345 182 1560 237 σώζεσθαι

167 254 378 305 κτίζοντες
403 249 559 302 πόλεις.
595 247 657 294 ὅτ’
686 241 767 295 οὖν
790 247 1098 309 ἀθροισθεῐεν,
1123 247 1308 307 ἠδίκουν
1330 247 1558 306 ἀλλήλους,

166 315 240 363 ἅτε
263 315 344 363 οὐκ
368 322 537 375 ἔχοντες
560 314 641 373 τὴν
658 315 883 375 πολιτικὴν
904 319 1076 375 τέχνην,
1101 329 1209 361 ωστε
1227 314 1358 361 πάλιν
1375 320 1560 361 σκεδαν-

114 398 141 431 C
167 382 346 443 νύμενοι
378 388 696 442 διεφθείροντο.
769 382 878 436 Ζεὺς
915 378 996 429 οὖν
1035 387 1184 436 δείσας
1215 384 1316 440 περὶ
1352 384 1412 443 τῷ
1443 384 1560 440 γένει

163 450 304 509 ἡμῶν,
328 449 386 509 μὴ
411 448 614 496 ἀπόλοιτο
638 453 741 506 πᾶν,
759 448 921 509 Ἑρμῆν
938 453 1096 509 πέμπει
1120 448 1279 507 ἄγοντα
1298 453 1360 502 εἰς
1383 447 1561 509 ἀνθρώ-

167 536 276 571 πους
308 520 418 563 αἰδῶ
449 536 495 563 τε
526 518 599 562 καὶ
631 521 782 576 δίκην,
823 516 883 563 ἵν’
914 518 1003 564 εἶεν
1034 516 1204 562 πόλεων
1239 515 1390 575 κόσμοι
1419 534 1465 562 τε
1488 517 1561 562 καὶ

167 586 319 643 δεσμοὶ
349 589 499 642 φιλίας
523 589 791 643 συναγωγοί.
842 588 979 644 ἐρωτᾷ
1010 578 1091 630 οὖν
1115 582 1272 642 Ἑρμῆς
1304 587 1416 640 Δία,
1460 588 1561 629 τίνα

166 646 247 697 οὖν
269 650 431 711 τρόπον
463 655 562 710 δοίη
594 655 723 710 δίκην
746 653 819 697 καὶ
850 655 960 697 αἰδῶ
984 649 1248 710 ἀνθρώποις.
1297 648 1480 708 πότερον
1503 648 1560 704 ὡς

167 723 216 764 αἱ
235 721 381 777 τέχναι
405 721 677 778 νενέμηνται,
701 718 814 765 οὕτω
839 721 909 764 καὶ
934 717 1273 776 ταύταςνείμως
1305 719 1561 776 νενέμηνται

166 786 215 832 δὲ
239 780 344 832 ὦδε·
371 783 432 839 εἷς
457 791 570 845 ἔχων
594 786 792 845 ἰατρικὴν
822 792 996 839 πολλοῖς
1023 784 1168 838 ἱκανὸς
1195 783 1401 842 ἰδιώταις,
1424 786 1498 831 καὶ
1518 788 1564 831 οἱ

254 918 295 950 Β.
315 911 503 972 ἐζήτουν
524 914 579 969 δὴ
599 911 719 960 ἄθρ]
747 918 806 951 Sic
821 917 923 951 Bodl.
948 919 1030 951 Vat.
1057 917 1167 951 Coisl.
1187 917 1314 949 venet.
1334 916 1379 952 Ξ.
1398 916 1463 949 alu
1480 916 1558 959 plu

165 962 258 996 rimi.
277 962 317 996 V.
338 957 498 1004 εζήτουν
515 959 569 995 δέ.
587 973 621 995 ν.
639 965 763 997 annot,

254 1050 293 1085 C.
321 1045 460 1094 ἐρωτᾷ
479 1061 560 1083 ουν
577 1046 691 1094 “.Ερμ
716 1051 823 1092 Δία,
848 1051 949 1084 τίνα
974 1041 1054 1084 οὖν
1070 1048 1127 1093 —-]
1163 1050 1262 1083 Vctt
1287 1050 1388 1085 editt
1415 1044 1466 1092 ἐρ.
1491 1060 1561 1083 ουν

159 1091 259 1138 Ἑρμ.
272 1121 281 1138 ,
307 1062 373 1128 διὰ
391 1095 476 1129 τίνα
500 1086 569 1128 οὖν
586 1107 638 1138 τρ.
650 1121 659 1138 ,
684 1096 777 1137 quod
802 1095 1038 1128 emendarunt
1054 1095 1235 1128 Heusdius
1260 1098 1297 1127 et
1318 1094 1560 1133 Heindorfius,

165 1150 314 1183 quorum
331 1141 510 1174 rationem
529 1140 755 1174 confirmavit
770 1142 898 1176 Venet.
917 1141 962 1174 Σ.

211 1246 404 1295 ἐζήτουν
421 1246 476 1295 δὴ
495 1245 824 1295 ἀθροίζεσθαι]

165 1298 282 1338 Quum
297 1297 477 1338 homines,
494 1296 598 1329 nulla
615 1297 697 1329 dum
712 1298 828 1330 socie-

164 1345 240 1374 tate
256 1342 353 1374 inter
374 1353 412 1374 se
437 1342 639 1383 coniuncti,
657 1343 828 1384 impetum

163 1387 322 1419 ferarum
339 1397 407 1419 nec
424 1387 604 1419 sustinere
621 1397 688 1419 nec
705 1397 829 1419 arcere

162 1431 342 1472 valerent,
359 1432 497 1464 factum
515 1434 581 1471 est,
598 1434 638 1463 ut
656 1434 830 1474 cuperent

165 1476 378 1518 congregari
401 1479 437 1508 et
460 1477 497 1508 in
513 1476 661 1508 urbibus
677 1476 747 1508 tuti
765 1476 828 1508 ha-

163 1521 294 1554 bitaime
321 1521 451 1562 Itaque
470 1515 519 1562 δή
531 1531 595 1563 pro
611 1517 654 1553 δέ
671 1531 734 1562 per
749 1531 830 1553 sen-

164 1566 305 1597 tentiae
323 1565 500 1597 rationem
516 1565 723 1606 requiritur.
741 1566 828 1598 Ver·

162 1610 246 1642 bum
275 1608 418 1652 ζητειν,
450 1609 657 1652 cupiendi
685 1620 713 1643 s.
742 1612 828 1641 stu-

164 1653 293 1686 dendi
311 1654 578 1696 significatione
603 1658 826 1696 usurpatum,

161 1698 362 1731 illustravit
406 1698 629 1731 Heusdius
674 1699 826 1741 Specim.

163 1743 243 1776 crit.
261 1753 295 1784 p.
314 1745 377 1775 104
394 1753 435 1786 sq
441 1743 582 1775 .S.eallb

207 1787 368 1826 δείσας
407 1755 512 1830 περὶ
549 1787 604 1833 τῷ
629 1785 753 1831 γένει
785 1783 830 1838 ή-

161 1830 267 1875 μῶν]
303 1832 420 1884 Supra
449 1843 483 1886 p.
509 1834 575 1865 320
582 1824 642 1864 A:
692 1831 828 1871 δεδιως

162 1874 248 1919 περὶ
265 1871 397 1919 αὐτοῦ,
415 1888 466 1920 μη
485 1876 702 1919 διαφθαρῇ.
721 1878 828 1910 Utra—

162 1931 231 1963 que
248 1924 434 1955 structura
448 1923 630 1964 fr.equens
648 1932 681 1956 ν.
699 1923 832 1955 Hein-

149 1965 271 1998 =dorf.
308 1966 353 1998 ad
383 1966 651 2009 Euthydem.p
630 1977 663 2008 p.
684 1968 749 2000 275
773 1967 828 2008 B.‚

162 2011 224 2052 qui
252 2009 461 2052 φοβεῖσθαι
494 2014 531 2043 et
558 2011 718 2054 θαρρεῖν
746 2022 829 2044 con-

161 2055 253 2087 strui
274 2055 396 2087 docuit
419 2066 495 2087 cum
512 2055 602 2098 περί
615 2056 739 2089 addito
756 2066 828 2089 mo-

161 2100 206 2132 do
237 2100 364 2140 tertio,
403 2100 506 2132 modo
539 2100 696 2133 seeundo
730 2110 828 2135 casu.

161 2145 277 2177 Stallb.

207 2189 241 2220 C.
271 2182 296 2221 ἆ
335 2199 445 2222 οντα
469 2186 653 2222 -·αἰδῶ
678 2188 827 2222 τεκαὶ

161 2233 184 2266 δ
195 2234 237 2267 ίκ
248 2245 269 2276 η
279 2245 300 2267 ν
356 2234 485 2267 Civilis
522 2235 620 2267 vitae
652 2234 826 2276 originem

160 2279 295 2320 repetit
320 2289 340 2310 a
368 2279 587 2311 verecundia
611 2281 648 2311 et
670 2279 825 2320 iustitia,

162 2333 233 2364 qua
259 2323 432 2356 civitates
460 2324 647 2356 ordinatae
681 2326 718 2356 et
748 2326 827 2355 tan-

162 2377 267 2410 quam
292 2370 468 2400 communi
501 2367 655 2410 quodam
681 2368 827 2401 vinculo

98 2431 101 2434 <
163 2412 361 2454 coIIIgatae
384 2413 467 2446 sint.
515 2414 605 2445 Nam
630 2413 698 2445 hoc
715 2413 827 2455 signi—

161 2457 273 2489 ficant
301 2457 412 2490 verba
441 2455 505 2490 καὶ
536 2455 666 2499 δεσμοὶ
695 2456 826 2499 φιλίας

161 2501 383 2545 συναγωγοῑ.
448 2502 503 2534 Ob
542 2502 667 2535 oculos
700 2502 827 2534 habuit

160 2547 392 2579 Homerum
418 2549 454 2577 et
476 2547 739 2585 Hesiodum,
765 2547 825 2589 qui

161 2588 257 2624 αἰδῶ
288 2588 354 2623 καὶ
383 2588 532 2634 νέμεσιν
558 2592 704 2633 saepius
733 2601 827 2624 com-

162 2639 374 2668 memorant.
407 2635 536 2677 Odyss
565 2637 682 2677 11,64
720 2636 826 2669 Tele-

164 2680 311 2712 machus
329 2680 541 2732 aduprocos:
567 2661 827 2732 νεμεσσήθητε

162 2722 225 2757 καὶ
251 2719 362 2757 αὐτοὶ
375 2718 525 2763 Ἀλλους
553 2719 588 2757 τ’
609 2692 825 2782 αἰδέσθητε

161 2770 398 2811 περικτιονας
415 2764 652 2811 ἅνθρωπους,
671 2767 708 2803 οι“
724 2780 825 2813 περι-

897 1246 1129 1286 ναιετάουσιε
1151 1253 1197 1287 ad
1215 1261 1319 1294 quem
1344 1251 1465 1285 locum
1483 1251 1559 1284 Eu-

898 1297 1097 1330 stathius
1134 1311 1169 1342 p.
1206 1298 1303 1338 1434,
1330 1298 1372 1330 29
1418 1299 1562 1339 praeter

897 1342 972 1374 alia
989 1341 1033 1374 de
1051 1352 1093 1374 eo
1111 1352 1151 1376 ar
1203 1345 1323 1375 mento
1340 1342 1432 1374 haec
1443 1341 1497 1373 dis
1524 1352 1562 1373 u-

898 1389 967 1419 tat·
994 1383 1117 1419 ἰστέον
1135 1388 1158 1421 δ
1221 1398 1279 1420 οτι
1302 1384 1368 1419 καὶ
1387 1381 1492 1419 ‘Halo
1521 1396 1560 1424 ος

900 1424 1014 1483 ἄμφω
1032 1430 1171 1476 ταῦτα,
1186 1414 1293 1466 αἰδῶ
1316 1428 1381 1464 καὶ
1393 1427 1560 1473 νέμεσιν,

897 1487 963 1509 τον
985 1458 1228 1525 ανθρώπινον
1250 1475 1332 1529 βίον
1354 1471 1436 1508 οἶδε
1458 1484 1559 1509 συνι-

898 1519 1002 1562 στᾶν,
1043 1532 1095 1553 ων
1133 1520 1169 1555 οἰ
1193 1531 1336 1571 ομενων
1373 1519 1558 1570 λείψεται,

898 1565 1003 1608 φησί,
1035 1561 1132 1599 κατὰ
1165 1533 1247 1609 ἒίον
1277 1558 1395 1607 ἄλγεα
1430 1558 1558 1607 λυγρά.

896 1609 1074 1642 Hesiod.
1109 1612 1205 1662 Opp.
1234 1612 1270 1643 et
1300 1609 1379 1642 DD.
1412 1610 1557 1641 v.197:

895 1648 1102 1688 αθανατων
1118 1666 1210 1706 μετα
1233 1653 1356 1696 φῦλον
1371 1652 1456 1705 ἴτην
1471 1663 1519 1695 πρ
1521 1663 1559 1685 o—

897 1693 1042 1732 λιπόντ’
1074 1694 1154 1734 ανθ
1156 1694 1301 1742 ρώπους
1337 1695 1467 1750 Αἰδοῦς
1495 1695 1559 1730 καὶ

896 1740 1075 1794 Νέμεσις·
1108 1739 1153 1777 τὰ
1156 1712 1219 1777 ρδὲ
1230 1742 1416 1796 λείψεται
1440 1743 1559 1786 αλγεα

898 1783 1025 1841 λυγρὰ,
1032 1789 1192 1841 θνητοῖς
1215 1782 1470 1840 ἅνθρωποισι,
1493 1798 1559 1820 κα·

898 1833 966 1866 κοῦ
986 1827 1025 1865 δ’
1049 1828 1117 1867 οὐκ
1143 1831 1289 1867 ἔσσεται
1313 1826 1421 1874 αλκή.
1455 1831 1557 1865 Cous.

897 1878 1119 1911 Aristides
1152 1878 1257 1911 Orat.
1289 1878 1326 1910 in
1363 1877 1439 1911 Iov.
1472 1877 1512 1908 Τ.
1531 1876 1558 1911 1.

897 1933 931 1965 p.
948 1923 979 1956 8.
998 1923 1041 1955 ed
1058 1923 1223 1956 Dindorf.
1242 1922 1357 1955 Stallb

942 1966 1049 2000 τινα
1067 1978 1147 2001 ουν
1171 1962 1294 2010 τρόπ.
1319 1963 1442 2009 δοίη]
1461 1976 1495 2000 ν.
1514 1965 1559 1998 ad

897 2023 930 2054 p.
949 2013 1013 2045 319
1030 2013 1070 2044 B.

942 2054 1222 2110 νενέμηνται
1260 2052 1307 2089 δὲ
1346 2046 1450 2099 ωδε]
1493 2056 1559 2090 int.

896 2095 942 2134 ἐν
966 2103 1044 2139 τοῖς
1069 2095 1304 2144 ανθρώποις,
1339 2103 1436 2133 artes
1465 2100 1560 2133 inter

895 2146 1056 2179 homiues
1085 2145 1224 2178 divisae
1253 2147 1338 2178 sunt
1364 2155 1393 2178 s.
1421 2144 1559 2177 divisae

895 2191 1138 2223 inveniuntur.
1176 2190 1384 2222 Attributae
1410 2192 1514 2221 erant
1537 2199 1560 2222 a

895 2235 1108 2267 Prometheo
1151 2234 1354 2267 hominibus
1395 2234 1560 2266 omnibus

895 2280 1050 2312 omnium
1064 2280 1196 2312 artium
1211 2279 1421 2317 facultates,
1439 2278 1558 2311 utsibi

895 2325 1048 2366 quisque
1065 2325 1186 2357 omnia
1193 2334 1287 2366 quae
1297 2323 1341 2356 ad
1350 2324 1448 2356 vitae
1456 2332 1558 2355 nsum

895 2369 1137 2410 pertinerent,
1176 2371 1299 2411 posset
1337 2376 1555 2410 comparare.

898 2414 942 2444 Et
961 2413 1129 2455 quamdiu
1146 2414 1304 2446 ferarum
1320 2411 1422 2445 modo
1438 2412 1557 2454 sparsi

894 2458 1123 2498 habitabant,
1139 2466 1354 2500 quacunque
1372 2458 1450 2488 arte
1467 2466 1558 2498 opus

895 2505 986 2544 erat,
1005 2513 1083 2535 eam
1101 2503 1172 2544 ipsi
1189 2502 1461 2535 factitaverunt.
1486 2500 1558 2532 Sed

895 2557 1001 2588 quum
1020 2548 1156 2589 agresti
1179 2547 1256 2580 vita
1272 2545 1403 2578 relicta
1420 2545 1465 2577 ad
1483 2545 1557 2577 cul—

894 2595 967 2623 tum
986 2592 1177 2624 humanum
1202 2590 1424 2634 progressuri
1448 2590 1556 2622 urbes

893 2636 1149 2677 condidissent,
1173 2639 1245 2668 tum
1262 2635 1299 2667 in
1315 2644 1422 2666 unum
1438 2634 1556 2666 locum

894 2682 1105 2724 congregati
1122 2680 1304 2713 aliialiam
1322 2679 1560 2712 excoluerunt

893 2729 1025 2766 artem,
1051 2736 1120 2767 quo
1145 2726 1279 2758 factum
1303 2727 1375 2764 est,
1400 2727 1441 2756 ut
1456 2723 1488 2756 is
1503 2724 1556 2756 rei

893 2773 1029 2809 status,
1053 2770 1097 2803 de
1122 2780 1192 2812 quo
1208 2769 1302 2812 apud
1327 2749 1446 2801 10’vem
1462 2767 1555 2800 Mer-
