1676 2938
505 181 750 221 GORGIAS.

779 181 823 220 P.
856 183 950 220 516.
979 182 1039 221 ed.
1071 181 1129 220 St.

1401 184 1481 221 309

123 305 274 344 μενος,
314 291 499 345 πότερον
526 290 598 333 καὶ
625 290 650 333 ὁ
677 293 912 344 ἅνθρωπος
938 291 987 332 ἓν
1015 293 1102 333 τῶν
1130 286 1252 343 ζώων
1281 289 1415 341 ἐστίν,
1453 287 1482 346 ἢ

127 358 201 406 οὔς
243 357 383 398 ΚΑΛ.
424 359 528 406 Πῶς
554 356 636 411 γὰρ
666 359 741 407 οὒς
781 357 883 398 Σῼ.
912 352 1088 399 Οὐκοῦν
1117 353 1368 410 ἀνθρώπων
1397 358 1480 398 Πε-

124 424 270 476 ρικλῆς
298 420 541 476 ἐπεμέλετος
583 424 718 464 ΚΑΛ.
750 422 855 463 Ναί.

913 424 1009 464 ΣΩ..
1061 423 1112 464 Τί
1139 418 1247 473 οὖν,·
1288 416 1370 464 οὐκ
1398 422 1481 464 ἔδει

124 483 307 538 αὐτούς,
350 488 408 538 ὡς
443 491 539 541 ἄρτι
566 488 896 542 ὡμολογοῦμεν,
937 487 1232 540 δικαιοτέρους
1258 487 1482 542 γεγονέναι

124 551 220 595 ἀντὶ
259 551 529 607 ἀδικωτέρων
566 549 642 596 ὑπ’
674 552 865 602 ἐκείνου,
908 553 1024 607 εἴπερ
1051 553 1213 603 ἐκεῖνος
1239 552 1479 609 ἐπεμελεῖτο
1510 553 1548 599 C

124 614 268 660 αὐτῶν
307 619 475 674 ἀγαθὸς
502 618 564 661 ὢν
591 620 642 661 τὰ
671 620 887 669 πολιτικάς
929 621 1064 661 ΚΑΛ.
1105 620 1235 661 Πάνυ
1263 634 1322 673 γε.

1379 621 1479 662 Σῼ.

129 680 306 726 Οὐκοῦν
336 685 384 727 οἴ
406 698 453 738 γε
482 685 639 728 δίκαιοι
664 685 830 740 ἥμεροι,
860 685 917 734 ὡς
945 682 1028 740 ἔφη
1045 681 1255 740 ’Όμηρος
1286 685 1341 727 σὺ
1368 684 1414 728 δὲ
1440 686 1481 727 τί

123 751 231 805 φῄς,·
270 746 349 805 οὐχ
377 750 532 801 οὕτωςς
585 753 722 794 ΚΑΛ.
763 751 866 793 Ναί.
923 752 1026 792 ΣΩ.
1051 747 1185 792 Ἀλλὰ
1212 749 1299 806 μὴν
1327 752 1480 806 ἀγριω-

123 814 274 869 τέρους
297 830 346 870 γε
371 816 529 866 αὐτοὺς
553 814 775 872 ἀπέφηνεν
803 816 830 871 ἢ
860 816 982 866 οἴους
1009 815 1239 870 παρέλαβε,
1265 816 1336 859 καὶ
1364 812 1481 859 ταῦτ’

123 882 182 930 εἰς
221 882 374 932 αὐτόν,
415 883 468 924 ὃν
506 881 645 937 ἥκιστ’
686 882 742 924 ἂν
770 881 983 936 ἐβούλετο.

122 947 397 1002 ὁμολογήσω;
426 948 528 989 ΣιΩ..
559 948 616 990 Εἰ
643 947 758 990 δοκῶ
785 946 832 1002 γέ
862 957 931 990 σοι
957 948 1101 1003 ἀληθῆ
1128 947 1276 1002 λέγειν.

1044 883 1182 924 ΚΑΛ.
1228 883 1384 925 Βούλει
1410 892 1480 926 σοι

1338 950 1476 990 ΚΑΛ.

109 1008 259 1054 ”Εστω
299 1012 351 1068 δὴ
378 1020 522 1055 ταῦτα.
580 1015 677 1055 ΣΩ..
712 1014 887 1055 Οὐκοῦν
913 1013 1030 1067 εἴπερ
1059 1011 1360 1068 ἀγριωτέρους,
1390 1015 1479 1057 ἀδι-

121 1077 334 1133 κωτέρους
369 1094 413 1121 τε
452 1079 522 1121 καὶ
552 1080 741 1134 χείρους,·

783 1081 922 1120 ΚΑΛ.
940 1075 1101 1120 ”Εστω.
1160 1080 1260 1122 ΣΩι.
1294 1080 1387 1121 Οὐκ
1414 1076 1478 1134 ἄρ’
1510 1081 1553 1124 D

188 1201 240 1245 μὴ
271 1201 584 1257 λακτίζοντας]
623 1203 706 1235 Post
736 1202 958 1244 λακτίζοντας
994 1201 1114 1235 Clark.
1150 1202 1229 1236 Vat.
1261 1202 1368 1238 Goisl.
1398 1203 1477 1236 Par.

121 1247 251 1280 EFW.
284 1247 416 1280 addunt
446 1246 583 1282 ἑαυτόν
642 1249 709 1280 Pro
740 1259 780 1281 eo
812 1247 915 1280 vind.
948 1246 979 1281 6.
1013 1245 1122 1281 αὐτὸν
1156 1252 1192 1280 et
1221 1249 1300 1281 Par.
1332 1248 1477 1282 BCIV.

121 1293 214 1326 Flor.
245 1303 275 1325 a..
307 1292 339 1326 b.
365 1303 394 1325 c.
420 1292 450 1325 d.
475 1304 520 1326 m.
545 1304 576 1325 o.
600 1304 633 1327 x.
666 1291 795 1328 αὐτοὺς
820 1293 996 1326 exhibent.
1044 1293 1112 1326 Sed
1141 1297 1326 1338 utrumque
1356 1298 1478 1327 natum

120 1343 280 1381 putamus
297 1349 341 1371 ex
356 1338 574 1392 glossemate,
597 1337 633 1371 id
657 1339 748 1381 quod
771 1340 876 1371 etiam
896 1339 996 1372 Astio
1020 1343 1054 1371 et
1069 1340 1269 1383 Hirschigio
1291 1341 1342 1373 ita
1362 1341 1479 1373 visum

120 1388 181 1416 est.
227 1384 426 1417 Lectionem
457 1381 584 1416 ἑαυτὸν
613 1389 817 1427 receperunt
848 1384 1030 1418 Bekkerus
1061 1389 1095 1418 et
1118 1386 1361 1418 Buttmannus.
1409 1386 1477 1419 Sed

118 1429 297 1462 verissime
319 1429 486 1462 iudicavit
508 1430 628 1462 Astius
652 1441 727 1462 eam
751 1431 941 1463 sententiae
963 1441 1086 1473 parum
1110 1431 1310 1464 convenire.

187 1472 208 1518 ἢ
232 1472 282 1508 οὐ
307 1474 435 1531 δοκε]
457 1475 560 1530 σοι]
568 1476 610 1507 V.
634 1469 655 1518 ἦ
680 1473 723 1508 οὐ
749 1475 779 1508 δ.
805 1486 833 1508 σ.

188 1520 225 1553 C.
272 1520 341 1555 εἰς
365 1517 516 1558 αὐτόν,
541 1517 593 1553 ὃν
613 1518 768 1573 ἥκιστ’]
802 1522 868 1554 Pro
893 1520 987 1564 vulg.
1013 1517 1122 1554 αὑτόν
1145 1531 1189 1554 ex
1215 1522 1304 1566 Aug.
1330 1523 1409 1555 Par.
1434 1523 1476 1558 B.

119 1564 199 1598 dedi
214 1563 333 1598 αὐτόν
357 1565 473 1609 Steph.
499 1563 516 1597 ὃ
548 1566 669 1599 invitis
693 1566 789 1602 codd.
813 1566 996 1610 plerisque.

165 1689 203 1722 C.
257 1687 429 1723 Οὐκοῦν
462 1691 573 1734 οἵγε
598 1689 676 1723 δι’κ.
701 1689 758 1734 -]

119 1734 204 1775 „Ad
256 1735 448 1768 secundum
496 1736 641 1769 istorum
686 1747 761 1769 ver-

117 1791 218 1813 suum
241 1781 444 1835 respicitur,
475 1792 687 1858 (1110εέ380Ρο
709 1792 760 1814 re-

118 1827 205 1881 petit
222 1827 410 1859 Homerus:
428 1823 585 1866 ”ἐΩμοι
587 1825 647 1881 yw',
674 1825 761 1859 τέων

118 1882 202 1904 αυτε
219 1871 360 1927 βροτῶν
380 1869 416 1906 ἐς
439 1876 545 1914 γαῖαν
569 1870 700 1912 tudun,-
718 1870 763 1905 ”H

122 1913 151 1958 ῤ’
184 1917 224 1949 οἵ
247 1913 276 1960 γ’
309 1914 478 1973 ὕβρισται
498 1929 532 1950 τε
556 1919 610 1950 καὶ
635 1915 760 1960 ἄγριοι,

118 1959 203 1994 ουδὲ
234 1960 379 2001 δι’;καιοι
409 1959 465 1994 Ἠὲ
491 1961 681 2004 φιλόξεινοι
704 1965 764 1996 καί

121 2017 207 2047 σφιν
228 2005 309 2042 νόος
331 2006 404 2039 ἐστὶ
426 2006 603 2050 θεουδής,·
634 2008 760 2051 Odyss.

119 2050 159 2094 ζ’.
184 2063 216 2084 v.
242 2051 318 2086 120.
366 2053 479 2095 Atque
498 2053 580 2085 hinc
602 2053 760 2096 pluribus

117 2098 155 2129 in
186 2097 273 2131 locis
301 2095 494 2154 ἡμερότητα
523 2109 603 2132 cum
633 2099 759 2132 δικαιο-

121 2141 209 2186 σύιῃ
247 2147 282 2176 et
311 2141 497 2187 ἀγριότητα
533 2155 612 2177 cum
643 2143 760 2188 ἀδικιᾳ

119 2189 300 2230 qoniunxit
321 2189 432 2222 Plato.
435 2189 452 2203 ''
486 2190 662 2224 ROUTH.

165 2276 215 2312 ὃν
251 2276 383 2335 ἥκιστ’
429 2276 481 2312 ἂν
502 2278 757 2336 ἐβούλετο]

118 2325 162 2357 Η.
188 2335 217 2357 e.
248 2324 301 2359 εἰς
332 2322 376 2357 ὃν
406 2322 510 2368 ἥκιστ’
543 2323 587 2358 ἄν
612 2324 683 2368 ἒβη
717 2326 759 2359 de

118 2381 187 2412 qua
244 2370 510 2413 praepositionis
574 2372 759 2405 omissione

117 2420 196 2448 ante
226 2426 416 2459 pronomen
446 2415 628 2449 relativum
658 2428 689 2449 v.
715 2417 759 2450 ad

181 2459 258 2495 453.
289 2462 328 2493 E.
370 2460 546 2493 Phaedon.
603 2460 693 2496 ..76
717 2465 759 2496 Ι).

118 2506 198 2539 coll.
221 2506 377 2540 Matth.
401 2507 433 2546 §-
456 2504 533 2539 595.
563 2510 598 2539 et
627 2507 668 2539 de
694 2508 760 2542 La·

118 2552 200 2584 tinis
218 2553 363 2595 interpp.
381 2551 425 2584 ad
438 2551 558 2585 Corn
574 2552 672 2596 Nep.
687 2554 757 2586 Vit.

120 2597 253 2630 Cimon.
277 2608 305 2630 c.
330 2596 370 2631 3:
409 2598 459 2630 In
489 2597 670 2631 eandem
700 2600 758 2632 in-

119 2642 233 2676 cidit
252 2643 463 2676 invidiam
485 2653 607 2685 quam
627 2648 758 2687 pater,

118 2687 180 2720 ubi
210 2687 272 2721 alii
294 2689 338 2721 in
362 2699 496 2732 quam.
521 2688 671 2723 Senec.
704 2691 758 2724 De

119 2733 270 2767 Benefic.
293 2734 343 2768 VI
351 2759 361 2777 ,
385 2733 439 2768 29.
463 2734 512 2766 in.
535 2734 621 2776 VII,
640 2734 702 2778 10,
726 2735 758 2769 2.

828 1690 905 1726 Nat.
925 1691 1068 1732 Quaest.
1082 1691 1110 1732 I,
1127 1689 1160 1732 1,
1182 1689 1236 1724 13.
1262 1691 1475 1724 Goerenz-

828 1736 873 1769 ad
897 1736 970 1769 Cic.
993 1737 1100 1780 Legg.
1132 1747 1165 1780 p.
1188 1735 1268 1770 262.
1315 1737 1476 1770 Ceterum

828 1792 899 1814 non
913 1783 1120 1815 assentimur
1133 1782 1238 1815 Hirs
1248 1782 1396 1826 chigio
1411 1780 1474 1815 αὐ-

829 1826 889 1860 τόν
913 1828 1119 1861 eiiciendum
1143 1828 1368 1861 existimanti.
1408 1829 1475 1861 Ita-

829 1883 895 1915 que
926 1883 1038 1915 neque
1067 1873 1119 1907 εἰς
1143 1873 1340 1906 addendum
1362 1884 1475 1917 neque

830 1917 849 1951 ὃ
874 1918 1114 1961 corrigendum
1133 1929 1213 1951 cum
1237 1919 1474 1962 Stephano.

829 1964 1000 1997 Voculam
1032 1961 1077 1996 ἄν
1107 1963 1150 1997 ab
1181 1964 1334 1998 Aristide
1358 1964 1475 2008 negle-

829 2014 920 2042 ctam
957 2009 1056 2042 docte
1091 2013 1206 2043 tuetur
1241 2010 1356 2043 Scha
1368 2011 1412 2044 ef
1418 2021 1473 2045 er

828 2054 959 2088 Melett.
996 2055 1072 2088 crit.
1106 2066 1138 2097 p.
1171 2053 1239 2088 124
1272 2066 1360 2098 seq„
1411 2055 1473 2089 ubi

827 2101 995 2142 plurimos
1017 2100 1125 2140 locos,
1153 2100 1190 2133 in
1214 2101 1341 2143 quibus
1365 2100 1473 2144 ἐβου-

827 2144 938 2189 λόμην
969 2143 1014 2178 ἄι
1043 2150 1078 2178 et
1109 2144 1241 2189 ἤθελον
1273 2144 1317 2179 ἄν
1341 2146 1474 2179 dictum

827 2192 1018 2234 reperitur,
1069 2192 1260 2233 indicavit,
1310 2193 1473 2226 refellens

827 2237 992 2270 videlieet
1029 2216 1366 2279 Heindorfium‚
1412 2239 1473 2281 qui

826 2283 919 2315 hunc
949 2282 1140 2326 particulae
1170 2294 1271 2316 usum
1306 2283 1472 2316 rariorem

828 2328 971 2363 dixerat.
1021 2328 1113 2369 Quid
1143 2329 1195 2361 rei
1225 2329 1287 2369 sit,
1320 2329 1472 2362 subtilis-

826 2374 913 2406 sime
955 2374 1145 2416 explicavit
1189 2374 1224 2406 H
1232 2385 1251 2407 e
1260 2385 1278 2406 r
1286 2384 1317 2406 m
1327 2385 1348 2406 a.
1356 2385 1380 2406 n
1388 2386 1412 2407 n
1422 2385 1445 2408 u
1455 2386 1471 2408 s

827 2420 880 2452 De
903 2419 1074 2462 particula
1097 2417 1142 2451 ἄν
1165 2429 1198 2462 p.
1222 2418 1266 2453 66
1290 2430 1362 2462 seq.

871 2510 916 2541 D.
981 2506 1069 2542 Οὐκ
1109 2506 1170 2550 ἄρ’
1211 2506 1389 2564 ἀγαθὸς
1426 2529 1471 2534 -

837 2549 898 2610 v]
925 2554 970 2587 H.
993 2565 1022 2587 e.
1048 2551 1113 2587 οὐκ
1134 2551 1189 2596 ἄρ’
1207 2552 1345 2598 ἀγαθός
1363 2554 1470 2594 ἐστιν,

845 2598 874 2635 ’ς
914 2598 1091 2640 ἐφαίνετο.
1135 2610 1168 2632 v.
1211 2600 1255 2633 ad
1293 2600 1471 2634 Phaedon.

851 2644 930 2679 .68.
947 2646 986 2677 Β.
1009 2649 1043 2678 et
1067 2656 1154 2688 quae
1177 2656 1288 2689 nuper
1311 2647 1472 2689 exposuit

873 2702 893 2723 a
907 2691 1060 2724 tthiae.
1077 2691 1229 2725 Gramm.
1247 2691 1350 2736 ampl.
1369 2692 1410 2724 T.
1426 2692 1471 2724 11.

883 2735 961 2770 958.

827 2549 854 2633 Ξμιδ

825 2645 920 2780 Ῥξῐ
