1696 2918
469 246 714 287 GORGIAS.
741 247 786 286 P.
817 250 912 286 448.
941 247 1001 286 ed.
1033 247 1092 286 St.
1407 249 1458 283 85

99 358 373 411 Χαιρεφῶντι
400 356 455 398 οὐ
481 359 603 398 ποιεῖ.
661 357 788 398 ΓΟΡ.
827 356 878 396 Τί
904 357 1107 410 μάλιστα,
1147 349 1181 397 ὦ
1209 355 1458 409 Σώκρατες,-

96 423 202 463 ΣΩ.
252 419 311 463 Τὸ
348 419 625 474 ἐρωτώμενον
674 421 728 463 οὐ
771 422 889 463 πάνυ
935 437 1008 475 μοι
1046 421 1245 475 φαίνεται
1280 420 1457 472 ἀποκρί·

97 490 263 529 νεσθαι.
320 487 448 528 ΓΟΡ.
482 482 606 527 Ἀλλὰ
647 487 724 534 σύ,
764 487 801 528 εἰ
828 487 987 540 βούλει,
1019 484 1120 538 ἐροῦ
1151 486 1296 527 αὐτόν.
1353 486 1454 528 ΣΩ.

102 553 214 601 Οὔκ,
264 551 301 593 εἰ
337 549 454 604 αὐτῷ
493 564 540 602 γε
579 549 648 592 σοὶ
683 551 934 608 βουλομένῳ
974 550 1087 593 ἐστὶν
1132 547 1456 604 ἀποκρίνεσθαι,

96 617 202 659 ἀλλὰ
229 616 342 658 πολὺ
380 615 436 658 ἂν
474 614 597 671 ἥδιον
625 615 682 659 σε’.
722 617 850 671 δῆλος
889 618 972 671 γάρ
1009 632 1083 671 μοι
1114 618 1267 665 Πῶλος
1306 616 1377 657 καὶ
1415 615 1456 666 ἐξ

98 674 161 723 ὧν
189 682 379 735 εἴρηκεν,
421 678 486 724 ὅτι
512 681 593 736 τὴν
629 681 900 737 καλουμένην
938 680 1169 736 ῥητορικὴν
1196 685 1361 736 μᾶλλον
1387 695 1455 735 με-

97 746 322 802 μελέτηκεν
357 746 385 800 ἢ
413 746 692 801 διαλέγεσθαι.
751 749 899 789 ΠΩΛ.
948 748 1000 789 Τί
1026 748 1098 802 δή,
1141 742 1175 789 ὦ
1203 748 1452 800 Σώκρατες;

98 809 327 862 Zama,
359 806 392 854 ὦ
423 814 574 862 Πῶλε,
618 811 827 868 ἐρομένου
858 815 1164 866 Χαιρεφῶντος
1202 814 1319 862 τίνος
1347 815 1389 854 Γ
1384 828 1453 865 ορ-

96 878 191 932 γίας
210 875 451 931 ἐπιστήμων
469 876 630 932 τέχνης,
646 878 913 933 ἐγκωμιάζεις
934 876 1013 932 μὲν
1036 873 1175 920 αὐτοῦ
1191 877 1270 932 τὴν
1289 877 1454 932 τέχνην,

97 942 234 996 ὥςπερ
270 943 386 991 τινὸς
425 941 656 997 ψέγοντος,
704 943 796 999 ἥτις
838 942 883 985 δέ
923 942 1062 990 ἐστιν..
1103 939 1184 985 οὐκ
1222 941 1451 995 ἀπεκρίνω.

98 1009 245 1049 ΠΩΛ.
284 1004 348 1049 Οὐ
373 1007 456 1062 γὰρ
486 1003 792 1063 ἀπεκρινάμην,
824 1009 892 1051 ὅτι
932 1009 995 1063 εἴη
1022 1009 1051 1063 ἦ
1090 1009 1315 1064 καλλίστης
1355 1010 1452 1050 ΣΩ.

99 1072 187 1115 Καὶ
212 1075 325 1127 μάλα
352 1088 412 1128 γε.
442 1070 527 1115 ἀλλ’
558 1070 699 1124 οὐδεὶς
726 1075 871 1128 ἐρωτᾷ,
902 1075 1005 1116 ποία
1032 1090 1094 1123 τις
1122 1074 1185 1128 εἴη
1214 1075 1242 1129 ἦ
1263 1076 1454 1128 Γοργίου

95 1138 236 1194 τέχνη,
272 1138 384 1181 α’λλὰ
411 1140 499 1189 τίς,
535 1139 606 1181 καὶ
645 1137 794 1181 ὅντινα
833 1138 921 1182 δέοι
959 1141 1105 1181 καλεῖν
1143 1136 1221 1181 τὸν
1250 1140 1451 1194 Γοργίαν.

161 1228 202 1261 Ε
248 1226 314 1260 ὅτι
344 1228 417 1271 εἴη
440 1225 462 1272 ἡ
485 1228 712 1273 καλλίστη]
748 1227 769 1272 ἦ
792 1229 898 1273 vulgo
923 1230 1087 1286 ornissum
1110 1228 1333 1262 reddiderunt
1355 1229 1454 1263 codd.

99 1274 170 1306 fere
194 1283 323 1313 omneS,
347 1274 450 1306 etiam
474 1273 594 1306 Clark.

167 1318 251 1351 Καὶ
282 1317 391 1358 μάλα
420 1319 486 1363 γε]
523 1331 579 1362 γε,
614 1319 706 1362 quod
738 1321 842 1353 ceteri
873 1319 954 1352 libri
984 1324 1018 1353 et
1051 1319 1134 1353 editi
1162 1323 1198 1352 et
1227 1320 1455 1363 manuscripti

98 1365 272 1420 ignorant,
295 1363 454 1397 exhibuit
475 1365 555 1397 Vat.
579 1365 624 1397 A.

166 1407 322 1444 οὐδεὶς
353 1408 515 1453 ἐρωτᾷ,
548 1412 655 1442 ποία
689 1421 748 1444 τις
774 1411 863 1453 εἴη]
899 1410 1081 1442 Bekkerus
1105 1407 1239 1453 ἠρώτα,
1270 1410 1363 1452 quod
1386 1410 1454 1453 ipsi

98 1454 181 1487 olim
205 1455 471 1487 conieceramus.
505 1455 572 1488 Sed
594 1455 713 1488 nullus
737 1455 848 1488 codex
873 1452 998 1498 ἠρώτα
1035 1456 1107 1488 Nec
1130 1465 1294 1497 praesens
1317 1460 1453 1498 tempus

98 1503 192 1532 caret
214 1499 431 1541 defensione,
455 1501 537 1533 licet
559 1502 731 1543 optativus
754 1505 928 1543 sequatur.
974 1501 1151 1533 Permutat
1174 1501 1267 1533 enim
1292 1501 1451 1534 Socrates

94 1545 151 1577 hio
174 1549 365 1588 temporum
396 1550 431 1578 et
454 1545 631 1578 modorum
650 1547 838 1586 rationem,
868 1550 988 1588 utpote
1011 1547 1180 1579 rationem
1202 1546 1335 1579 habens
1358 1551 1453 1579 ante-
1507 1556 1512 1560 ’

92 1601 231 1634 grossae
254 1590 333 1623 Poli
355 1592 605 1634 responsionis:
635 1591 686 1624 ὅτι
710 1592 768 1634 εἴη
792 1589 812 1634 ἡ
837 1592 1005 1634 καλλιᾝστη

94 1664 272 1703 rationem,
297 1664 356 1706 qui
370 1664 438 1696 sibi
451 1664 592 1697 mirifice
612 1665 648 1697 in
664 1674 739 1696 ver-

95 1707 149 1741 bis
173 1709 327 1752 cognatis
357 1719 399 1742 ac
430 1709 589 1742 similiter
619 1710 739 1742 caden-

95 1754 189 1786 tibus
218 1753 389 1796 placebat.
416 1765 449 1786 V.
473 1755 742 1788 Philostrat-

97 1799 181 1831 Vitt.
206 1799 354 1842 Sophist.
377 1799 417 1831 L.
442 1800 469 1832 Ι.

95 1844 240 1887 interpp.
266 1844 310 1877 ad
332 1844 521 1887 Phaedr.p

143 1889 228 1931 Gap.
251 1889 314 1921 ΠΙ.
337 1890 380 1921 D.
431 1855 535 1929 Οὔκ,
561 1890 603 1923 εἰ
624 1888 742 1934 αι’τῷ

97 1945 144 1976 γε
175 1933 248 1977 -]
295 1934 401 1966 Recte
438 1935 627 1967 Ficinus
666 1946 741 1968 sen-

97 1979 241 2012 tentiam
268 1981 451 2012 Verborum
480 1981 650 2023 expressit
673 1981 739 2013 sie:

96 2024 133 2056 si
162 2029 226 2066 tu,
255 2024 439 2068 Gorgia,
470 2026 739 2068 respondere

95 2069 203 2101 mihi
237 2070 399 2111 velles,
437 2081 459 2103 a
494 2075 536 2103 te
566 2072 659 2114 ipso
694 2072 741 2103 li-

95 2113 269 2147 bentius
315 2126 567 2158 quaererem
618 2127 740 2159 quam

807 1668 953 1706 μακρῶν
987 1675 1067 1698 τοις
1098 1662 1223 1708 λόγους
1259 1665 1453 1704 ποιεῖσθαι,

808 1710 841 1742 h.
859 1721 888 1742 e.
904 1707 1096 1753 ἀναγκαῖόι
1115 1708 1209 1741 ἐστιν
1224 1708 1363 1743 ἐνιάςκ.
1382 1722 1406 1741 τ.
1424 1711 1452 1742 λ.

809 1755 958 1810 Sophist.
991 1765 1023 1797 p.
1055 1753 1132 1788 242.
1163 1755 1211 1786 B:
1259 1753 1323 1809 τὴν
1362 1752 1454 1788 ὁδὸν

808 1797 1079 1843 ἇιαγκαιοτάιην
1124 1795 1212 1832 εἶναι
1257 1797 1341 1842 ἡμῖν
1378 1798 1453 1842 τρέ-

809 1846 949 1877 πεσθαι.
979 1845 1086 1888 Legg.
1110 1845 1136 1879 Ι.
1161 1856 1193 1900 p.
1213 1843 1291 1877 643.
1308 1845 1354 1878 C:
1388 1848 1455 1878 τῶν

808 1888 1040 1933 μαθημάτων,
1072 1889 1140 1922 ὅσα
1171 1887 1344 1942 ἀναγκαῖα
1367 1902 1454 1931 προ-

807 1934 1065 1978 μεμαθηκέιαι,
1113 1933 1322 1975 μανθάνειν.
1383 1936 1455 1968 So-

807 1981 948 2035 phoel.
973 1981 1067 2013 Aiac
1098 1992 1131 2013 V.
1155 1980 1240 2014 634:
1275 1983 1454 2023 κρείσσων

499 1799 631 1842 p..500
663 1800 741 1835 coll.

526 1843 634 1878 .267.
659 1845 696 1878 C.

808 2073 830 2103 i.
847 2082 876 2104 e.
894 2069 1066 2112 κρεῖσσόν
1079 2070 1149 2103 ἐστι
1175 2069 1235 2103 τὸν
1257 2069 1368 2111 μα’ταν
1394 2084 1453 2104 νο·

810 2114 1047 2160 σοῦνταἋιδᾳ
1068 2114 1228 2153 κεύθειν,
1251 2117 1314 2149 ubi
1329 2128 1362 2150 V.
1379 2117 1454 2150 Lo-

807 2024 874 2069 γὰρ
885 2023 986 2069 Ἅιδᾳ
1000 2024 1145 2058 κεύθων
1160 2023 1179 2058 ὁ
1198 2029 1314 2059 νοσῶν
1330 2024 1452 2066 μάταν,
1505 2028 1509 2032 ”

95 2169 116 2191 a
138 2159 253 2192 Polo.
299 2160 352 2192 De
384 2162 637 2194 constructione
667 2172 741 2194 Ver-

95 2204 218 2236 borum
253 2214 292 2236 V.
325 2204 368 2237 ad
406 2206 581 2240 Phaedon.
618 2218 650 2250 p.
686 2206 740 2240 78.

97 2250 137 2282 Β.
183 2249 337 2282 Matth.
367 2250 426 2283 Gr.
464 2253 494 2291 ἓ.
527 2250 604 2286 388.
635 2263 665 2285 c.
696 2271 741 2276 —

100 2294 230 2349 δῆλος
273 2292 354 2338 γάρ
402 2306 474 2348 {¹0⁰³
513 2296 662 2332 Πῶλος
695 2316 741 2322 -

98 2338 161 2373 ὅτι
192 2338 269 2383 τὴν
301 2341 383 2372 καλ.
421 2341 445 2373 i.
475 2351 504 2374 e.
540 2341 559 2374 ὃ
563 2340 647 2385 ῆλόν
683 2345 745 2382 μοί

99 2384 210 2422 ἐστιν,
243 2382 294 2417 ὅτι
318 2384 440 2419 Πῶλος
463 2398 493 2418 κ.
518 2398 543 2419 τ.
568 2388 596 2419 λ.
643 2388 741 2420 Alias

98 2430 176 2462 loco
189 2429 414 2472 particulae*
394 2442 443 2463 οτι
459 2441 535 2463 cum
550 2442 613 2464 suo
636 2434 740 2465 Verbo

99 2475 238 2518 ponitur
275 2476 516 2528 participium,
560 2482 599 2509 ut
638 2478 742 2510 scribi

98 2520 249 2574 potuerit
263 2520 367 2552 etiam
386 2521 452 2552 sie:
478 2521 580 2563 δῆλος
593 2519 661 2565 γάρ
687 2534 742 2562 μοι

102 2562 224 2599 Πῶλός
243 2565 314 2597 ἐστι
329 2564 570 2609 μεμελετηκώς.
595 2567 663 2599 Sed
679 2579 744 2600 nec

97 2610 161 2642 illa
183 2610 270 2642 ratio
294 2610 382 2643 infre
385 2621 504 2653 quens.
536 2622 569 2644 V.
592 2612 742 2645 Matth.

100 2656 132 2695 ἓ.
154 2653 233 2688 296.
277 2655 400 2688 Latius
429 2661 545 2689 autem
573 2656 630 2689 hic
659 2668 743 2690 usus

97 2703 202 2742 patet,
215 2710 318 2742 quam
333 2701 439 2744 Vulgo
453 2702 646 2745 opinantur.
659 2703 744 2735 Mox

99 2755 133 2787 Ρ.
155 2743 233 2777 449.
256 2745 295 2777 Β.
321 2745 367 2778 C:
397 2746 468 2779 εἰσὶ
500 2746 566 2787 μὲν
590 2765 632 2771 —-
657 2748 746 2780 ἔνιαι

103 2792 173 2822 τῶν
211 2786 436 2833 ἀποκρίσεων
472 2789 659 2836 ἀναγκαῖαι
689 2790 746 2825 διὰ

808 2162 928 2194 beck.

830 2208 870 2239 E.
895 2205 1238 2250 ἢδιαλέγεσθαι]
1271 2208 1456 2239 Transitur

809 2252 852 2284 ad
875 2262 978 2284 usum
1002 2252 1182 2292 infinitivi,
1206 2253 1288 2294 quia
1311 2253 1454 2291 μελετᾶν

807 2298 935 2340 pariter
975 2308 1052 2330 cum
1091 2299 1291 2329 accusativo
1329 2297 1455 2330 obiecti

809 2347 911 2396 atque
941 2352 1021 2374 cum
1052 2342 1224 2375 infinitivo
1255 2343 1353 2375 Verbi
1375 2354 1454 2376 con-

808 2389 906 2431 iungi
917 2388 1038 2430 potuit.
1057 2388 1227 2428 Quocirca
1238 2392 1455 2430 praepostere

809 2430 1099 2476 Hirschig.r'1‘¹
1147 2430 1190 2465 τὸ
1235 2433 1455 2477 διαλέγεσθαι

809 2479 956 2520 scripsit.

855 2523 927 2555 καὶ
992 2521 1141 2555 ὅντινα
1212 2522 1323 2567 δέοι]
1392 2524 1456 2556 Re-

809 2568 918 2600 lativa
948 2571 1025 2610 post
1055 2568 1303 2611 interrogativa
1330 2569 1366 2600 in
1400 2579 1456 2600 eo-

810 2613 886 2646 dem
909 2614 1090 2645 verborum
1114 2614 1244 2646 ambitu
1262 2614 1457 2655 frequenter

810 2659 930 2690 inferri
992 2658 1172 2691 docuimus
1226 2659 1270 2690 ad
1326 2658 1458 2690 Criton.

811 2714 843 2745 p.
870 2702 944 2736 122.
993 2704 1128 2735 Deinde
1154 2714 1197 2735 ne
1222 2703 1300 2745 quis
1323 2704 1359 2735 in
1384 2715 1458 2735 ver-

811 2747 865 2780 bis
890 2747 1003 2789 ὥςπερ
1033 2746 1071 2780 τὰ
1099 2747 1304 2790 ἔμπροσθέν
1322 2759 1376 2780 σοι
1400 2746 1458 2780 ὑπ.

812 2805 842 2826 κ.
869 2805 894 2825 τ.
919 2794 946 2826 λ.
970 2793 1128 2836 haereat,
1159 2794 1249 2827 nihil
1271 2793 1337 2826 hoc
1359 2804 1461 2837 asyn-
