1722 2964
461 133 882 171 PROTAGORAS.
911 133 954 171 P.
982 134 1048 171 361
1072 131 1156 169 ST.
1445 127 1527 173 173

100 250 186 310 ἐγὼ
210 244 317 310 οὖν,
341 244 376 300 ὦ,
398 244 702 309 Πρωταγόρα,
725 244 874 295 πάντα
893 247 1034 294 ταῦτα
1055 247 1268 307 καθορῶν
1289 243 1385 293 ἄνω
1408 244 1528 293 κάτω

97 317 399 378 ταραττόμενα
440 319 625 375 δεινῶς,
671 317 823 362 πᾶσαν
861 318 1125 376 προθυμίαν
1164 319 1251 374 ἔχω
1291 320 1528 373 καταφανῆ

97 386 212 433 αὐτὰ
250 387 488 445 γενέσθαι,
531 385 608 431 καὶ
646 388 895 443 βουλοίμην
932 379 992 430 ἂν
1028 385 1168 430 ταῦτα
1208 380 1520 437 διεξελθόντας

96 453 211 514 ἡμᾶς
242 457 443 509 ἐξελθεῖν
473 453 549 499 καὶ
579 453 653 499 ἐπὶ
681 450 764 510 τὴν
793 449 958 512 ἀρετὴν
986 449 1013 496 5'
1042 470 1086 497 τι
1115 455 1234 509 ἔστι,
1282 451 1359 496 καὶ
1388 448 1526 496 πάλιν

97 522 426 577 ἐπισκέψασθαι
447 522 550 581 περὶ
573 517 726 579 αὐτοῦ,
750 525 839 566 εἴτε
865 517 1076 565 διδακτὸν
1099 526 1187 566 εἴτε
1209 515 1271 578 μὴ
1295 516 1523 576 διδακτόν,

97 589 158 649 μὴ
182 587 392 643 πολλακις
422 587 535 648 ἡμᾶς
558 586 581 634 5
599 585 869 646 Ἐπιμηθεὺς
901 589 1070 641 ἐκεῖνος
1099 587 1176 633 καὶ
1206 588 1256 633 ἐν
1278 588 1333 646 τῇ
1365 587 1520 642 σκέψει
1547 601 1580 634 D

98 656 248 717 σφήλῃ
282 655 577 715 ἐξαπατήσας,
616 670 766 716 ωσπερ
802 655 877 701 καὶ
909 657 960 701 ἐν
989 657 1043 715 τῇ
1076 657 1266 715 διανομῇ
1296 653 1519 714 ἠμέλησεν

97 723 246 783 ἡμῶν,
289 723 348 779 ὦς
379 723 467 785 φῂς
500 722 569 770 σύ.
633 721 796 802 ἤρεσεν
826 715 909 769 οὗν
939 741 1015 782 μοι
1045 724 1122 769 καὶ
1162 725 1213 769 ἐν
1243 724 1304 784 τῷ
1336 721 1471 784 μύθῳ
1503 720 1527 768 5

97 792 371 852 Προμηθεὺς
400 795 572 852 μᾶλλον
600 793 681 838 τοῦ
696 790 994 850 Ἐπιμηθέως·
1026 783 1064 853 ᾦ
1085 809 1317 871 xpncopevog
1342 789 1429 848 ἐγώ
1452 790 1529 836 καὶ

97 859 467 920 προμηθούμενος
489 858 602 918 ὑπερ
625 861 705 906 τοῦ
727 863 833 917 βίου
855 861 935 905 τοῦ
959 860 1152 917 ἐμαυτοῦ
1174 856 1354 916 παντός,
1380 875 1528 904 παντα

96 931 235 974 ταῦτα
265 925 650 987 πραγματεύομαι,
681 927 757 972 καὶ
788 930 832 972 εἰ
859 926 918 973 σὺ
949 927 1147 984 ἐθέλοις,
1179 943 1289 986 οπερ
1320 926 1397 971 καὶ
1426 923 1524 972 κατ’

97 993 234 1054 ἀρχὰς
258 1000 437 1054 ἔλεγον,
461 992 571 1053 μετὰ
595 996 676 1040 σοῦ
700 992 758 1040 ἂν
781 992 942 1054 ἥδιστα
963 997 1104 1041 ταῦτα
1126 997 1524 1053 συνδιασκοποίην.

96 1064 187 1109 Καὶ
209 1061 233 1109 ὁ
257 1061 581 1122 Πρωταγόρας,
598 1060 710 1120 Ἐγὼ
734 1063 842 1122 μέν,
867 1066 977 1120 ἔφη,
1009 1054 1047 1108 ὦ
1069 1060 1331 1123 Σώκρατες,
1357 1063 1526 1108 ἐπαινῶ

97 1145 182 1176 σου
212 1128 295 1188 τὴν
325 1134 589 1189 προθυμίαν
627 1130 703 1175 καὶ
732 1128 815 1189 τὴν
856 1131 1059 1184 διέξοδον
1097 1131 1189 1177 τῶν
1218 1127 1379 1188 λόγων.
1450 1130 1526 1175 καὶ
1554 1144 1584 1177 Ε

97 1197 182 1255 γὰρ
206 1196 309 1244 ου”τε
331 1192 471 1244 τᾶλλα
493 1197 617 1257 οἶμαι
639 1196 773 1252 κακὸς
796 1195 913 1244 εἶναι
935 1195 1200 1258 ἅνθρωπος,
1229 1195 1456 1257 φθονερός
1477 1216 1528 1243 τε

97 1263 240 1323 ἥκιστ’
276 1263 555 1325 ἀνθρώπιον·
598 1266 696 1312 ἐπεὶ
733 1266 809 1312 καὶ
839 1266 943 1326 περὶ
972 1268 1057 1313 σοῦ
1094 1264 1206 1324 πρὸς
1244 1264 1439 1320 πολλοὺς
1471 1264 1528 1323 δὴ

98 1340 279 1393 εἴρηκα,
319 1332 386 1379 ὅτι
410 1327 474 1380 ὦν
498 1331 752 1392 ἐντυγχάνω
775 1331 891 1380 πολὺ
912 1331 1103 1392 μάλιστα
1133 1331 1301 1392 ἄγαμαι
1324 1334 1379 1379 σέ
1383 1368 1398 1392 ,
1437 1335 1530 1380 τῶν

97 1401 180 1459 μὲν
202 1399 476 1460 τηλικούτων
504 1402 581 1448 καὶ
603 1399 746 1448 πάνυ·
788 1402 864 1447 καὶ
887 1402 1002 1460 λέγω
1025 1420 1100 1461 γε,
1131 1399 1200 1448 ὅτι
1222 1399 1306 1447 οὐκ
1328 1398 1386 1448 ἂν
1407 1409 1530 1448 θαυ-

189 1527 411 1575 ἐξελθεῖν
432 1531 513 1566 καὶ
535 1527 613 1567 ἐπὶ
627 1527 715 1576 τὴν
735 1526 929 1576 ἀρετήν]
950 1534 1036 1568 Vat.
1053 1532 1126 1567 καί
1138 1533 1286 1568 omittit.
1317 1534 1368 1567 Et
1384 1533 1528 1568 abiecit

96 1577 192 1611 illud
205 1577 400 1612 Bekkerus
417 1578 596 1622 probante
612 1577 731 1612 Astio.
764 1578 837 1611 Sed
850 1579 1035 1621 Socrates,
1053 1583 1317 1622 praeterquam
1332 1579 1430 1622 quod
1444 1578 1527 1619 illa,

97 1622 143 1656 de
165 1623 296 1665 quibus
320 1626 401 1657 erat
421 1623 666 1667 disputatum,
696 1623 778 1657 vult
801 1624 999 1657 dilucidius
1016 1624 1215 1667 explicari,
1249 1626 1375 1658 etiam
1395 1625 1471 1659 vim
1490 1628 1529 1658 et

96 1671 266 1701 naturam
281 1668 431 1701 virtutis
446 1669 486 1700 in
501 1668 700 1702 illustriore
715 1668 800 1702 luce
816 1669 1023 1712 ponendam
1040 1670 1253 1703 arbitratur.

186 1714 232 1747 D.
264 1713 695 1758 συνδιασκοποίην]
728 1715 815 1749 Vat.
837 1723 870 1749 t.
898 1715 1033 1749 Venet.
1056 1714 1096 1753 Ξ
1124 1718 1163 1748 et
1182 1714 1344 1749 vindob.
1368 1713 1528 1748 διασκο-

96 1757 167 1791 ποί
192 1769 225 1791 ν.

166 1769 230 1855 ηΕ;
250 1795 415 1856 ἥκιστ’
435 1796 724 1854 ανθρώπων]
752 1803 814 1837 Sic
831 1803 936 1840 codd.
952 1803 1120 1848 plerique
1137 1814 1284 1846 omnes;
1305 1807 1400 1838 vett.
1418 1804 1523 1838 editt.

97 1840 226 1890 ἥκιστ’
244 1859 294 1881 αν
310 1842 539 1902 ανθρώπων.

187 1891 276 1926 τῶν
290 1889 373 1935 μὲν
388 1887 693 1937 τηλικουτων]
711 1891 782 1936 μέν
797 1893 1153 1930 habentBod1.Vat.
1166 1893 1274 1929 vind.
1290 1895 1424 1929 Venet.
1438 1894 1521 1933 ΞΣ.

99 1999 138 2038 εἷ
149 1999 218 2038 οὐκ
238 1999 373 2038 εἰδότι.
392 2003 511 2038 Stanb.
546 2004 775 2050 Conf.Kriig.

99 2051 160 2083 Gr.
179 2051 283 2087 56.4‚
301 2052 332 2083 9.

145 2095 185 2129 C.
230 2090 289 2138 μὴ
329 2089 553 2133 πολλάκις
591 2089 713 2138 ἡμᾶς
752 2090 772 2128 ὁ

91 2132 224 2183 Ἐπιμ
230 2137 777 2184 ,JneforteEpimetheus

846 2017 928 2060 ego
952 2011 996 2040 et.
1018 2007 1105 2040 toti
1126 2007 1253 2040 vitae
1275 2017 1398 2040 meae
1422 2018 1525 2051 pro-

844 2053 1069 2095 spiciens,
1101 2052 1215 2085 haec
1247 2053 1396 2086 omnia
1427 2064 1524 2097 ago.

891 2129 1002 2162 οπερ
1025 2117 1107 2152 καὶ
1129 2115 1230 2153 κατ’
1253 2114 1398 2165 ἀρχὰς
1428 2117 1526 2154 ἕλε·

96 2184 180 2218 ille
199 2188 271 2217 etc.
288 2185 344 2217 De
358 2185 513 2235 Republ
530 2185 596 2218 IV.
608 2196 642 2228 p.
651 2185 774 2218 4240:

98 2224 152 2272 μὴ
192 2225 376 2268 πολλακις
415 2224 483 2262 τὸν
521 2225 687 2274 ποιητήν
717 2241 777 2269 τις

99 2273 234 2331 οἴηται
248 2271 383 2317 λέγειν.
416 2274 511 2308 Ibid.
527 2275 632 2318 IX.p
637 2276 777 2309 .:584B

98 2317 164 2352 ἴνα
187 2313 238 2362 μὴ
268 2314 451 2357 πολλακις
478 2287 777 2373 037118'7793Crit.

98 2375 134 2407 p.
154 2363 286 2396 113A:
318 2358 376 2414 μή
403 2360 584 2403 πολλάκις
616 2359 779 2399 ἀκούον-

98 2419 162 2447 τες
179 2427 221 2431 -
235 2403 478 2459 θαυμάσητε.
503 2409 623 2445 Statlb

143 2454 189 2486 D.
224 2462 372 2496 ωσπερ
403 2451 484 2487 καὶ
515 2448 563 2487 ἐν
593 2454 645 2498 τῆ
674 2453 779 2488 δια-

98 2496 238 2578 32:52?ss
255 2498 531 2585 535P¹32t¹331tss
533 2467 776 2588 ,Ρῐὲἶὶἕρῗ

101 2589 244 2620 ratione
262 2569 423 2641 Υεέἒῐίῐε.
442 2592 516 2629 est,
533 2599 569 2622 v.
587 2589 776 2623 Phaedon.

100 2641 150 2683 117,
155 2634 197 2666 ⁷6
213 2634 263 2666 Ε·
287 2642 411 2684 ωσπερ
429 2632 496 2666 καὶ
512 2633 634 2667 ταῦτα
658 2631 775 2687 ἐστιν,

102 2669 221 2716 οὕτως
242 2676 309 2711 καὶ
338 2673 409 2721 τὴν
435 2673 623 2721 ἡμετέραν
644 2675 750 2724 ψυχὴ
755 2693 778 2714 ν

104 2717 217 2755 εἶναι.
267 2724 381 2757 Plura
419 2723 520 2756 dedit
555 2692 776 2758 Stallbaum.

104 2764 152 2797 ad
168 2766 277 2821 Gorg.
293 2779 329 2811 p.
345 2769 413 2801 457
429 2769 473 2800 Ε.

148 2810 194 2845 D.
306 2808 535 2857 χρώμενος
575 2808 658 2858 ἐγώ
696 2813 775 2849 καὶ

103 2864 232 2899 προμ.
236 2847 477 2901 Jillumque
497 2861 776 2902 amplectens

843 2162 1008 2208 yovJP.
1025 2164 1150 2198 3480.
1168 2166 1215 2198 D.

889 2233 933 2265 Ε.
972 2231 1088 2275 πρὸς
1124 2227 1328 2271 πολλοὺς
1366 2227 1424 2275 δὴ
1459 2231 1524 2266 εἴ·

845 2275 987 2331 pun-oc]
1011 2288 1111 2310 nam
1129 2279 1268 2310 etiam
1285 2278 1336 2310 de
1354 2281 1397 2310 te
1414 2278 1526 2311 mul-

846 2323 904 2355 tis
921 2324 998 2355 iam
1011 2323 1249 2374 professus
1267 2332 1371 2355 sum.
1385 2323 1527 2358 Phaed.

844 2377 882 2409 p.
899 2368 943 2401 68
958 2368 1008 2399 A:
1038 2365 1173 2400 πολλοὶ
1191 2362 1236 2399 δ
1260 2362 1411 2407 ἑκόντες
1427 2362 1526 2411 ἤθε’-

845 2413 966 2455 λησαν
999 2408 1053 2451 εἰς
1091 2405 1192 2455 ᾅδου
1245 2413 1525 2447 λθεῖν.11)ἰ(1.

844 2468 880 2500 p.
915 2458 980 2490 108
1011 2458 1063 2489 D.
1111 2452 1234 2490 πολλὰ
1271 2453 1322 2501 δὴ
1360 2453 1524 2500 ακήκοα.

844 2502 1042 2544 Xenoph.
1076 2502 1208 2545 Cyrop.
1241 2503 1306 2545 IV,
1338 2505 1372 2545 2,
1405 2505 1470 2537 25.
1503 2496 1525 2537 ὃ

843 2548 1000 2585 πολλοῖς
1022 2541 1072 2590 δὴ
1096 2529 1345 2601 συμβεβηκός.
1368 2566 1416 2572 -
1435 2547 1525 2582 τῶν

842 2588 926 2635 μὲν
957 2592 1246 2635 τηλικουτων
1276 2592 1356 2626 καὶ
1385 2589 1522 2627 πάνυ.

842 2624 1035 2669 Socratem
1059 2637 1179 2671 adhuc
1200 2639 1374 2672 iuvenem
1397 2639 1437 2671 in
1452 2639 1524 2672 hoo

841 2681 936 2715 libro
965 2681 1176 2724 loquentem
1207 2682 1336 2715 induci
1367 2687 1525 2726 apparet

843 2737 890 2760 ex
906 2737 941 2769 p.
958 2728 1026 2760 314
1042 2727 1092 2767 B,
1121 2729 1187 2761 ubi
1209 2729 1288 2782 ipse
1312 2728 1359 2760 ad
1382 2729 1522 2780 Hippo-

844 2775 1001 2804 cratem·
1034 2771 1158 2806 ταῦτα
1190 2783 1260 2806 ουν
1288 2769 1522 2828 σκοπώμεθα

842 2814 910 2850 καὶ
922 2827 1021 2872 μετα
1034 2816 1109 2851 τῶν
1120 2815 1383 2871 πρεσβυτέρων
1394 2829 1521 2863 ημων·

841 2857 953 2904 ἡμεῖς
969 2873 1041 2905 γαρ
1059 2873 1114 2897 ετι
1131 2861 1223 2897 νέοι.
1249 2863 1369 2899 Stallb.
