1702 2924
488 189 732 228 GORGIAS.
762 189 804 226 P.
837 191 930 225 480.
961 188 1020 226 ed.
1053 188 1109 226 St.
1401 188 1475 224 187

128 303 211 352 ἄρα
247 300 295 340 τὸ
323 299 631 352 ἀπολογεῖσθαι
659 295 766 349 ὑπὲρ
795 303 869 350 τῆς
897 296 1062 345 ἀδικίας
1087 302 1163 350 τῆς
1191 295 1326 337 αὑτοῦ
1354 294 1380 348 ἢ
1409 310 1479 348 γο-

128 363 238 406 νέων
286 364 312 418 ἢ
357 363 535 416 ἑταίρων
582 363 608 416 ἢ
647 363 815 404 παίδων
853 362 879 416 ἢ
919 362 1123 414 πατρίδος
1159 361 1389 415 ἀδικούσης
1427 361 1480 402 οὐ

128 432 328 484 χρήσιμος
358 427 486 471 οὐδὲν
512 429 541 483 ἦ
569 428 771 482 ῥητορικὴ
799 427 919 482 ἡμῖν,
961 422 994 469 ὦ
1027 429 1165 476 Πῶλε,
1206 427 1242 467 εἰ
1268 424 1326 480 μὴ
1355 426 1393 467 εἴ
1418 441 1481 474 τις

130 495 338 547 ὑπολάβοι
377 493 442 536 ἐπὶ
479 493 736 536 τούναντίον
772 495 1026 547 κατηγορεῖν
1066 493 1156 534 δεῖν
1193 492 1372 546 μάλιστα
1399 490 1478 546 μὲν

128 559 307 610 ἑαυτοῦ,
348 557 490 601 ἔπειτα
526 558 571 601 δὲ
608 557 680 600 καὶ
716 561 802 600 τῶν
841 559 1011 600 οἰκείων
1048 557 1119 599 καὶ
1147 560 1235 599 τῶν
1262 559 1404 599 ἄλλων
1433 554 1480 605 ὃς

127 625 181 665 ἂν
218 624 282 666 ἀεὶ
309 629 395 666 τῶν
423 626 563 678 φίλων
589 624 779 678 τυγχάνῃ
808 623 992 673 ἀδικῶν,
1030 622 1102 665 καὶ
1129 622 1186 677 μὴ
1216 623 1479 675 ἀποκρύπτε-

126 695 251 739 σθαι,
292 686 377 732 ἀλλ’
419 691 476 739 εἰς
510 690 559 732 τὸ
600 687 794 743 φανερὸν
830 691 950 742 ἄγειν
986 689 1034 730 τὸ
1073 689 1277 743 ἀδίκημα,
1320 688 1392 729 ἵνα
1419 688 1480 743 δῷ

128 756 251 810 δίκην
287 755 358 797 καὶ
395 754 517 810 ὑγιὴς
553 752 752 809 γένηται,
795 754 1049 808 ἀναγκάζειν
1075 768 1118 794 τε
1147 753 1218 795 καὶ
1247 753 1380 795 αὑτὸν
1408 752 1478 794 καὶ

127 820 228 869 τοὺς
255 823 413 870 ἄλλους
439 819 497 875 μὴ
526 821 787 870 ἀποδειλιᾶν,
828 820 933 861 ἀλλὰ
962 817 1159 873 παρέχειν
1187 820 1382 873 μύσαντα
1410 817 1480 859 καὶ

127 887 357 939 ἀνδρείως,
396 882 532 940 ὥςπερ
564 885 733 940 τέμνειν
771 885 843 927 καὶ
878 886 998 927 κάειν
1036 885 1192 942 ἰατρῷ,
1231 885 1280 926 τὸ
1309 884 1481 937 ἀγαθὸν

126 1021 304 1061 Bekker03
334 1020 404 1053 vid.
435 1020 558 1075 explic.
599 1020 715 1064 Vulgo
746 1022 824 1063 post
847 1031 874 1052 ω
899 1018 998 1052 Hane
1029 1018 1267 1062 interrogandi
1290 1022 1372 1051 nota
1398 1024 1480 1058 erat,

128 1063 316 1110 ὑποστιγμῇ
345 1070 424 1109 post
445 1063 681 1109 ὁμολογήματα
702 1065 812 1098 illata.
858 1065 1069 1098 Mutavimus
1094 1074 1173 1096 cum
1196 1063 1411 1097 Heindorfio.

197 1134 235 1167 C.
282 1131 552 1178 ἀναγκάζειν
585 1145 624 1166 τε
654 1134 721 1166 καὶ
748 1130 901 1176 αὑτὸι]
928 1132 1087 1164 Sieven.
1103 1130 1185 1164 ΞΣ.
1211 1131 1313 1164 vind.
1330 1130 1361 1164 2.
1387 1132 1479 1164 Flor.

127 1179 230 1258 {atgi-
253 1179 355 1257 ἒῧέοᾶὶ.
380 1180 472 1223 Aug.
493 1179 633 1212 Meerm.
666 1189 745 1212 cum
776 1177 854 1213 edit.
879 1179 958 1210 Bas.
982 1177 1013 1211 2.
1060 1176 1176 1220 Vulgo
1206 1187 1267 1220 pro
1298 1188 1332 1209 τε
1355 1176 1479 1210 εοτίὺον

196 1290 398 1332 μύσαντα
422 1293 491 1325 καὶ
515 1288 765 1336 ἀνδρείως]
791 1291 884 1325 Flor.
907 1302 940 1324 x.
967 1288 1123 1331 μύσαντα
1147 1284 1188 1322 εὖ
1210 1290 1266 1323 καὶ
1291 1286 1479 1331 ἀνδρείως.

129 1348 199 1370 non
224 1348 320 1381 opus.

839 1460 951 1493 Anah.
976 1471 1008 1504 p.
1034 1459 1110 1494 136.
1143 1463 1177 1493 et
1205 1462 1414 1504 Krueger.
1439 1461 1482 1494 ad

838 1506 916 1539 libr.
939 1506 966 1547 Ι,
998 1506 1037 1547 5,
1060 1505 1092 1539 9.
1138 1507 1384 1539 Verumtamen
1416 1506 1482 1540 hoc

838 1551 976 1594 quidem
992 1552 1068 1585 loco
1083 1552 1186 1585 unice
1208 1552 1379 1584 tenendus
1403 1562 1484 1585 con-

838 1598 1013 1630 iunctivus
1067 1601 1128 1629 est.
1199 1597 1288 1630 Nam
1334 1597 1481 1640 primum

839 1642 978 1685 quidem
998 1653 1074 1675 eum
1094 1645 1234 1675 tuentur
1257 1643 1361 1675 ceteri
1385 1643 1482 1675 codd.

839 1698 958 1720 omnes
1013 1689 1189 1720 communi
1237 1688 1481 1729 consensione;

839 1733 962 1765 deinde
995 1734 1168 1776 optativus
1200 1733 1230 1764 si
1256 1744 1358 1765 verus
1382 1738 1481 1774 esset,

839 1778 1001 1821 deinceps
1048 1779 1151 1811 etiam
1197 1779 1349 1820 optativo
1396 1789 1482 1821 opus

133 1474 195 1501 ται,
227 1459 326 1504 εἰμὴ
351 1461 389 1494 εἴ
408 1473 455 1496 τις
481 1459 515 1493 τὸ
540 1461 650 1501 μὲνα
630 1458 770 1494 ἀαθὸν

129 1507 263 1540 οἰκεῖον
295 1508 398 1539 καλεῖ.
444 1507 531 1539 Ibid.
674 1506 702 1540 l.
726 1507 769 1539 D.

130 1564 173 1585 ex
211 1553 352 1606 optimis
401 1551 499 1585 libris
542 1518 699 1584 dedimus
738 1552 774 1584 ει

130 1596 176 1641 μὴ
204 1594 273 1639 ἄρα
305 1597 350 1630 εἰ.
391 1598 584 1640 Lachetp
621 1596 696 1631 196.
728 1598 771 1630 Α.

131 1611 470 1698 Tnhucyd.1‚17:
519 1609 629 1676 οὐδὲν
654 1643 770 1697 ἔργον

129 1686 330 1732 ἀξιόλογον,
363 1687 398 1720 εἰ
419 1686 463 1731 μὴ
488 1688 526 1720 εἴ
545 1700 572 1720 τι
597 1685 685 1729 πρὸς
710 1699 770 1720 πε-

133 1745 295 1775 ριοικους.
321 1751 365 1757 -
398 1732 468 1765 ἐπὶ
495 1730 770 1766 τούναντιον

131 1778 372 1812 adverbialiter
418 1779 567 1821 positum
617 1782 668 1810 est
709 1789 769 1820 pro

131 1821 337 1857 τούιαντίον
349 1828 503 1877 propter
535 1827 770 1866 antegressum

131 1867 207 1902 Ἐπὶ
243 1869 308 1908 μὲν
341 1866 410 1910 ἄρα
443 1867 478 1900 τὸ
510 1866 771 1911 ἀπολογεῖσθαι.

132 1915 190 1947 Sic
205 1914 331 1947 dicitur
344 1912 401 1945 ἐπὶ
414 1913 562 1951 ἔλαττον,
583 1913 639 1946 ἐπὶ
655 1912 770 1951 πλέον,

132 1959 188 1991 ἐπὶ
216 1956 250 1991 τὸ
276 1956 374 1994 πολύ.
400 1957 456 1990 ἐπὶ
483 1956 518 1991 τὸ
542 1958 693 2000 βέλτιον,
726 1960 771 1992 al.

132 2015 165 2037 v.
188 2004 417 2037 Matthiae.
442 2004 500 2036 Gr.
525 2004 557 2043 §-
579 2002 657 2037 586.
686 2009 770 2038 extr.

132 2048 402 2091 Bernhardy.
426 2049 523 2091 Synt.
546 2059 580 2091 p.
603 2047 681 2082 252.

179 2094 217 2128 C.
253 2091 300 2128 ὃς
331 2092 384 2126 ἄν
415 2091 486 2126 ἀεὶ
520 2097 600 2126 τῶν
631 2095 771 2134 φίλων

135 2138 332 2182 τυγχάνῃ]
357 2139 435 2172 Non
454 2139 627 2182 improbat
646 2140 771 2172 Hein-

133 2184 154 2216 d
165 2196 184 2217 o
194 2185 304 2217 rfius
315 2185 500 2218 lectionem
513 2184 608 2217 codd.
618 2185 771 2226 Meerm.‚

134 2229 243 2269 Bodl.‚
266 2229 358 2262 Flor.
382 2241 426 2262 m.
446 2228 604 2273 τυγχάνοι
627 2241 771 2273 eamque

131 2286 152 2307 a
176 2285 344 2316 suspensa
367 2275 520 2307 oratione
543 2274 628 2307 dicit
645 2275 771 2309 habere

131 2320 398 2352 excusationem.
429 2320 482 2353 Ac
499 2331 582 2354 sane
597 2322 771 2362 optativus

132 2375 210 2397 cum
235 2362 279 2396 ἄν
308 2366 447 2397 iunctus
469 2365 586 2398 locum
607 2366 713 2399 habet
734 2367 770 2399 in

130 2409 272 2452 obliqua
312 2410 483 2449 oratione,
528 2411 588 2443 ubi
631 2412 659 2444 is
697 2422 772 2454 per-

132 2458 284 2487 mutatur
313 2466 389 2487 cum
417 2455 636 2488 coniunctivo
660 2461 771 2490 rectae

133 2500 308 2540 orationis,
333 2500 392 2542 qui
415 2497 460 2531 ἄν
482 2500 550 2532 sibi
573 2501 771 2534 adiunctum

131 2544 247 2578 habet.
293 2546 346 2578 De
370 2555 437 2587 quo
460 2555 586 2588 genere
608 2546 773 2589 loquendi

133 2600 166 2621 v.
197 2600 286 2632 quae
316 2591 477 2632 exposuit
506 2591 547 2623 G.
570 2591 697 2624 Herm
707 2603 773 2625 an-

134 2645 213 2667 nus
237 2635 289 2667 De
303 2635 474 2678 particula
489 2633 534 2667 ἄν
553 2647 586 2679 p.
599 2635 664 2670 147
679 2648 771 2680 seqq.

134 2680 303 2722 Exempla
315 2680 482 2723 quaedam
493 2681 541 2713 rei
554 2682 774 2724 suppeditant

135 2725 236 2757 etiam
255 2726 534 2759 Bornemann.
556 2726 598 2760 ad
616 2727 772 2772 Xenoph.

839 1824 926 1856 foret
942 1825 978 1855 in
998 1822 1113 1855 verbis
1134 1825 1191 1856 ἵνα
1216 1822 1267 1866 δῷ
1292 1823 1393 1866 δίκην
1416 1825 1481 1856 κτλ..

840 1870 958 1910 ltaque
1012 1869 1062 1901 sic
1108 1873 1160 1901 est
1205 1869 1483 1901 existimandum.

839 1915 956 1946 Utitur
980 1914 1138 1946 Socrates
1163 1914 1383 1946 coniunctivo
1407 1925 1483 1956 pro-

839 1963 972 2002 pterea,
1025 1959 1114 2001 quod
1160 1958 1282 1992 relicta
1327 1960 1483 1992 oratione

839 2004 982 2047 obliqua
1021 2005 1143 2037 transit
1177 2006 1248 2037 iam
1286 2004 1328 2037 ad
1367 2009 1482 2038 rectae

840 2050 1004 2082 orationis
1021 2051 1324 2091 constructionem,
1340 2050 1482 2093 perinde

840 2106 880 2128 ac
898 2096 927 2128 si
945 2095 1163 2137 praecederet
1187 2100 1394 2142 κατηγορεῖν
1419 2095 1482 2128 δεῖ.

840 2142 880 2173 In
918 2151 986 2182 qua
1020 2142 1154 2173 ratione
1185 2141 1275 2173 nihil
1307 2146 1359 2173 est
1391 2141 1483 2183 quod

839 2196 940 2228 quem
987 2185 1156 2226 offendat,
1206 2186 1482 2229 quandoquidem

841 2231 966 2264 Graeci
999 2232 1037 2263 in
1071 2232 1303 2274 temperandis
1337 2233 1483 2264 miscen—

839 2276 960 2318 disque
997 2281 1109 2309 rectae
1149 2280 1183 2308 et
1218 2277 1378 2319 obliquae
1409 2287 1482 2309 ora-

839 2322 944 2354 tionis
978 2321 1162 2364 generibus
1196 2323 1284 2355 mira
1316 2323 1371 2355 usi
1403 2327 1484 2355 sunt

838 2366 1010 2399 libertate.
1033 2368 1122 2400 conf.
1142 2367 1277 2400 Politic.
1300 2378 1332 2409 p.
1349 2366 1427 2401 268.
1445 2368 1483 2401 C.

885 2409 986 2445 ἀλλὰ
1023 2410 1230 2454 παρέχειν
1264 2411 1480 2455 μύσαντα]

841 2457 938 2490 conf.
962 2457 1004 2490 ad
1020 2468 1053 2500 p.
1070 2456 1148 2490 475.
1162 2458 1201 2490 E.
1237 2458 1305 2490 Pro
1328 2456 1484 2497 μύσαντα

840 2503 912 2537 Th.
947 2502 1169 2545 Bergkius
1204 2504 1241 2535 in
1270 2503 1360 2536 libro
1396 2503 1482 2536 Zeit-

840 2547 962 2590 schrift
964 2548 1034 2590 fair
1047 2547 1484 2592 Altertlzumazoissensckaft

840 2604 870 2624 v.
895 2592 1152 2625 Zimmemnann
1176 2592 1329 2626 a.1835.
1354 2604 1387 2626 n.
1406 2592 1482 2626 114.

840 2648 873 2680 p.
913 2636 990 2670 916.
1040 2638 1249 2671 coniiciebat
1299 2638 1483 2681 legendum

840 2693 916 2715 esse
955 2679 1002 2726 μὴ
1024 2681 1195 2723 μύσαντα,
1230 2684 1394 2726 quoniam
1417 2684 1483 2715 viri

840 2729 938 2761 fortis
981 2730 1026 2761 sit
1066 2728 1179 2762 oculis
1220 2740 1290 2762 nou
1332 2729 1484 2763 occlusis
