1702 2924
146 1008 225 1050 451
270 1008 282 1023 ⁹

261 263 312 298 92
794 260 1053 300 PLATONIS

259 363 365 407 ἔνιαι
392 367 541 420 σχεδόν
566 381 606 408 τι
633 367 752 416 ἴσους
778 363 879 417 τοὺς
913 369 1067 422 λόγους
1093 366 1234 423 ἔχουσι
1261 372 1352 418 ταῖς
1378 370 1590 422 πράξεσιν,

259 430 303 471 αἱ
327 429 372 471 δὲ
399 429 549 472 πολλαὶ
587 431 759 481 πλείους
794 430 865 473 καὶ
900 431 949 473 τὸ
988 434 1190 486 παράπαν
1227 440 1342 475 πᾶσα
1378 434 1407 488 ἦ
1444 435 1593 487 πρᾶξις

258 494 330 536 καὶ
356 495 404 536 τὸ
431 498 565 547 κῦρος
592 491 740 544 αὐταῖς
766 495 836 537 διὰ
862 496 1005 549 λόγων
1032 495 1128 538 ἐστι’.
1155 499 1242 538 τῶν
1267 498 1474 540 τοιούτων
1499 500 1594 540 τινά

258 574 330 612 μοι
357 558 495 607 δοκεῖς
520 557 656 611 λέγειν
682 559 761 614 τὴν
797 560 1039 615 ῥητορικήν.
1094 562 1221 603 ΓΟΡ.
1254 557 1424 616 Ἀληθῆ
1451 560 1594 616 λέγεις.

259 623 360 664 Σῼ.
385 618 497 664 Ἀλλ’
528 625 645 665 οὔτοι
672 625 834 665 τούτων
861 638 907 677 γε
927 625 1134 679 ου’δεμίαν
1157 622 1277 680 οἶμαί
1295 636 1341 668 σε
1365 627 1596 679 βούλεσθαι

260 686 487 742 ῥητορικὴν
513 691 679 738 καλεῖν,
718 685 795 742 οὐχ
823 688 887 731 ὅτι
922 693 982 748 τῷ
1010 690 1161 744 ῥήματι
1200 690 1333 740 οὕτως
1360 687 1491 741 εἶπες,
1530 687 1596 733 ὅτι

257 751 287 805 ἦ
312 751 382 793 διὰ
409 753 540 805 λόγου
567 752 615 794 τὸ
653 756 785 804 κῦρος
822 751 974 807 ἔχουσα
1011 754 1210 809 ῥητορική
1253 754 1358 807 ἐστι,
1396 754 1466 797 καὶ
1492 755 1596 798 ὐπο-

257 816 382 868 λάβοι
407 819 464 858 ἄν
489 831 570 866 τις,
611 817 646 858 εἰ
683 818 880 869 βούλοιτο
918 818 1201 872 δυςχεροιίνειν
1241 817 1287 860 ἐν
1324 822 1413 868 τοῖς
1440 820 1594 873 λόγοις,

267 879 357 934 Τὴν
384 880 669 935 ἀριθμητικὴν
694 884 778 934 ἄρα
805 881 1042 936 ῥητορικήν,
1073 877 1106 923 ὦ
1129 884 1171 923 Γ
1165 882 1302 935 οργία..
1329 881 1482 935 λέγειςς
1509 878 1596 924 ἀλλ’

258 941 338 986 οὐκ
365 941 483 999 οἶμαί
509 954 555 987 σε
583 948 679 988 οὔτε
711 944 789 1000 τὴν
816 946 1098 1001 ἀριθμητικὴν
1118 949 1214 988 οὔτε
1241 944 1320 1001 τὴν
1340 949 1596 1001 γεωμετρίαν

258 1008 485 1064 ρητορικὴν
510 1007 659 1063 λέγειν.
716 1012 757 1052 Γ
756 1011 840 1052 ΟΡ.
863 1007 1037 1064 Ὀρθῶς
1062 1011 1146 1066 γὰρ
1173 1010 1263 1059 οἴει,
1293 1005 1327 1052 ὦ
1355 1012 1593 1065 Σώκρατες,

259 1073 327 1115 καὶ
355 1074 526 1123 δικαίως
551 1074 875 1129 ὑπολαμβάνεις.

324 1211 439 1244 ἔνιαι
465 1210 621 1254 σχεδόν
644 1223 681 1244 τι
704 1211 855 1255 ἴσους]
880 1212 921 1244 V.
945 1223 984 1256 γε
1008 1213 1108 1247 ἴσους
1130 1213 1251 1246 invitis
1274 1211 1375 1246 codd.

324 1278 363 1310 E.
410 1276 552 1321 λέγειν
584 1275 660 1321 τὴν
692 1275 949 1322 ῥητορικήν]
981 1278 1093 1323 λέγειν
1115 1278 1171 1313 καὶ
1197 1276 1311 1323 τὴνῤ.
1358 1277 1426 1311 Sed
1449 1278 1503 1312 καὶ
1528 1289 1593 1311 οιιι.

257 1322 353 1356 codd.
377 1332 494 1355 omnes
517 1327 650 1365 praeter
673 1323 757 1356 Ven.
784 1323 822 1357 Ξ.
967 1340 989 1354 α

323 1387 420 1422 Ἀλλ’
453 1387 574 1422 οὗτοι
604 1388 740 1422 τούτω
754 1402 772 1421 ν
802 1389 870 1434 γε]
902 1390 944 1423 V.
974 1388 1057 1423 οὔτι.
1104 1389 1172 1423 Sed
1203 1387 1296 1423 οὗτοι
1326 1390 1403 1423 Par.
1426 1390 1473 1431 L,
1505 1389 1597 1432 quod

258 1434 352 1467 dedit
379 1434 526 1467 Bekker.
570 1435 685 1467 Recte.

325 1500 642 1542 δυςχεραίνειν
675 1500 722 1533 ἐν
752 1505 840 1534 τοῖς
872 1499 913 1543 λ.]
946 1500 986 1532 ἐν
1015 1500 1131 1534 addidi
1161 1511 1205 1533 ex
1228 1501 1306 1533 Par.
1330 1501 1358 1533 1.
1387 1505 1422 1533 et
1443 1501 1537 1534 Flor.
1561 1512 1595 1533 x·

322 1568 361 1601 P.
383 1566 459 1601 451.
500 1565 580 1599 Ἴθι
616 1571 697 1600 νῦν
727 1568 794 1600 καὶ
829 1565 901 1610 οὐ]
934 1567 1081 1600 Bekker.
1111 1577 1155 1600 ex
1185 1577 1254 1600 uno
1278 1568 1354 1600 Par.
1377 1567 1403 1599 1.
1427 1566 1520 1600 dedit
1542 1568 1598 1599 Ιθι

256 1698 427 1744 γιστικὴ
457 1712 486 1732 κ.
519 1712 544 1732 z.
575 1699 621 1743 λ.]
670 1700 803 1732 Artium
835 1710 894 1732 no·
961 1700 1185 1732 Hermann.
1209 1699 1381 1754 adViger.
1399 1710 1431 1742 p.
1447 1698 1598 1742 803³eq.

257 1745 350 1777 mina
379 1745 522 1778 articulo
553 1754 668 1778 carere
692 1755 790 1787 posse
814 1748 895 1777 nota
962 1763 1005 1768 -
1021 1742 1173 1786 οὖχὸιι
1195 1747 1247 1787 τῷ
1267 1741 1435 1787 ῥήματι,
1457 1754 1596 1786 quam-

257 1789 358 1822 hodie
399 1800 453 1822 res
497 1793 558 1822 est.
604 1801 637 1822 v.
674 1789 893 1822 Schaefer.
962 1799 1087 1832 quam
1137 1788 1285 1821 verbis
1327 1790 1388 1821 ite
1425 1788 1597 1830 dixisti,

257 1834 373 1867 Melet.
397 1835 472 1867 erit.
492 1845 524 1877 p.
546 1833 579 1867 5.
600 1834 828 1867 Heindorf.
851 1834 895 1867 ad
962 1838 1000 1866 ut
1014 1837 1103 1866 recte
1119 1834 1358 1889 ipterpretatur
1373 1833 1597 1867 Heindorf.

259 1879 406 1921 Sophist.
436 1890 469 1921 p.
491 1878 568 1912 442.
626 1879 768 1911 Plurimi
802 1879 894 1921 iique
961 1897 1006 1903 -
1027 1879 1081 1911 De
1097 1875 1160 1920 οὐχ
1182 1878 1242 1916 ὅτι,
1267 1887 1538 1919 quamquam,
1562 1889 1595 1911 v.

258 1924 378 1966 optimi
407 1923 504 1958 codd.
537 1933 614 1955 eum
646 1924 722 1956 voci
745 1921 893 1966 ἀριθμη-
962 1924 984 1956 S
998 1923 1130 1955 chaef
1134 1933 1187 1955 er
1229 1922 1271 1954 ad
1310 1923 1480 1955 Lambert.
1517 1923 1596 1956 Boe.

260 1966 331 2011 τικὴ
348 1969 576 2010 praemittunt,
600 1972 679 2000 anto
703 1974 813 2000 cetera
836 1979 895 2000 no·
986 1993 992 2000 .
1019 1966 1084 2001 775
1106 1978 1176 2009 seq.
1208 1967 1359 2000 Matth.
1382 1967 1440 1999 Gr.
1465 1968 1495 2007 §-
1517 1966 1594 2000 624.

258 2013 351 2045 mina.
387 2014 564 2051 omittunt,
602 2012 765 2054 probante
796 2013 893 2045 Bek-
961 1979 984 2045 g
1126 2011 1286 2045 Fon-muln.
1339 2015 1393 2043 ra)
1441 2008 1596 2053 ῥήματι

238 2079 240 2081 »
259 2058 371 2090 kero.
395 2074 437 2080 —
462 2056 561 2098 Quod
582 2067 660 2089 vero
681 2057 807 2090 dieitur
836 2058 891 2089 καὶ
961 2056 1142 2099 respondet
1162 2061 1278 2088 nostro
1300 2055 1375 2088 dem
1398 2055 1598 2089 Auodrucke

260 2113 429 2135 πεττευτικ
465 2113 515 2145 γε,
538 2103 665 2134 mentio
688 2102 790 2134 huius
813 2102 894 2134 artis
960 2101 1067 2141 nack,
1098 2101 1164 2133 den
1195 2100 1326 2132 Worten
1355 2099 1460 2140 nach,
1495 2104 1597 2142 atque

258 2146 334 2179 ideo
357 2150 416 2179 ext
417 2114 542 2186 oYlitur,
566 2147 647 2188 quia
669 2146 726 2178 vel
749 2147 894 2178 maxime
961 2156 1026 2188 opp
1006 2145 1142 2187 ponitur
1182 2148 1237 2198 τῷ
1260 2141 1324 2187 ἄλη
1326 2145 1395 2176 θεῖ.
1449 2123 1596 2178 9Theaet-

259 2202 336 2224 cum
383 2192 518 2224 actione
561 2191 743 2223 coniuncta
785 2190 895 2223 videri
961 2201 993 2232 p.
1019 2188 1093 2245 166.
1117 2190 1170 2221 D:
1205 2186 1265 2222 τὸι
1296 2188 1335 2221 δὲ
1358 2186 1460 2231 λογον
1483 2183 1527 2221 αὖ
1537 2186 1597 2243 μὴ

258 2235 375 2279 possit.
419 2237 471 2269 De
496 2236 550 2268 καὶ
566 2247 664 2279 —ye
688 2236 723 2268 in
746 2234 895 2277 plurium
962 2237 1007 2278 τῷ
1034 2231 1158 2286 ῥήματί
1183 2245 1249 2273 μοι
1275 2232 1395 2271 δίωκε,
1432 2231 1499 2266 ἀλλ’
1523 2228 1595 2266 ὧδε

258 2291 368 2313 rerum
402 2281 655 2314 enumeratione
677 2284 838 2323 usurpato
861 2291 894 2313 v.
961 2279 1006 2312 ἔτι
1042 2277 1259 2320 σαφέστερον
1288 2276 1397 2317 μάθε,
1439 2280 1472 2310 τί
1498 2277 1593 2321 λέγω.

259 2325 302 2358 ad
324 2325 428 2368 Hipp.
452 2326 535 2358 Mai.
562 2335 596 2367 p.
617 2323 693 2358 301.
718 2325 758 2357 A.
962 2324 1054 2356 Infra
1094 2334 1125 2366 p.
1161 2321 1237 2356 489.
1275 2323 1311 2355 Β.
1379 2322 1597 2365 comparavit

313 2369 381 2401 καὶ
437 2368 479 2402 τὸ
533 2373 663 2410 κῦρος
709 2366 890 2423 αυτοῖς]
961 2367 1250 2455 Heinpdorfius
1284 2371 1457 2409 praeterea
1487 2367 1595 2399 Phae-

260 2413 501 2468 Olympiod.
536 2415 601 2446 Ms.
632 2412 736 2452 ἰδού,
752 2412 895 2468 ἑπειδῃ
961 2413 1037 2445 don.
1092 2411 1202 2445 ..102
1226 2412 1264 2444 Β.
1309 2411 1363 2444 De
1395 2411 1535 2454 Republ.
1570 2411 1596 2443 I.

262 2457 448 2501 Σωκράτης
469 2455 487 2491 ὁ
509 2458 619 2501 λέγωι
642 2455 705 2491 οὐκ
728 2453 805 2490 εἶπε
828 2455 893 2490 κύ·
962 2468 993 2500 p.
1009 2423 1090 2510 34οῗ
1101 2457 1143 2489 D.
1180 2457 1236 2489 Sic
1253 2455 1460 2510 Euthydem.
1470 2466 1502 2498 p.
1518 2453 1595 2489 304.

262 2513 394 2544 ρωσις
418 2503 521 2545 (quod
536 2507 608 2536 erat
626 2502 818 2535 Siculorum
831 2502 895 2535 lin·
960 2503 1010 2535 E:
1043 2499 1132 2533 οὕτω
1156 2499 1221 2544 γάρ
1248 2511 1320 2534 πως
1343 2500 1399 2532 καὶ
1423 2495 1501 2532 εἶπε
1525 2504 1594 2533 τοῖς

258 2558 346 2591 guae
368 2548 565 2604 proprium),
586 2544 669 2580 ἀλλὰ
691 2551 827 2602 κῦρος.
961 2543 1140 2585 «iudanon,
1164 2545 1224 2577 ubi
1241 2555 1272 2577 v.
1289 2555 1368 2577 ιιιιι.
1406 2544 1519 2577 Aliam
1540 2555 1597 2576 ex·

304 2594 344 2625 Ε.
398 2589 500 2625 Ἀλλ’
549 2603 567 2623 ο
580 2591 600 2625 ὔ
613 2604 678 2624 τοι
724 2589 862 2624 τούτω
876 2603 894 2623 ν
960 2590 1156 2634 plicationis
1172 2590 1338 2623 rationem
1353 2589 1431 2621 mut
1443 2589 1597 2621 Aetius

259 2649 307 2679 γε
331 2634 446 2680 oda]
475 2637 621 2679 Neque
644 2641 783 2669 tamen
808 2646 895 2679 pro·
961 2635 1004 2669 ad
1026 2635 1129 2668 Polit.
1156 2645 1191 2677 p.
1211 2632 1307 2674 363„
1341 2633 1400 2675 qui
1430 2633 1475 2665 in
1505 2634 1597 2665 uni—

259 2682 378 2715 feeto
409 2681 560 2714 harum
592 2681 730 2714 ullam
762 2685 801 2713 te
831 2691 895 2713 ex·
961 2689 1146 2720 versum,
1169 2679 1217 2712 im
1238 2677 1472 2721 Augemeinen,
1495 2678 1597 2710 inter-

260 2726 410 2758 istimo
465 2725 581 2758 velle
632 2725 892 2758 rhetoricam
960 2728 1120 2767 pretatur.

259 2780 429 2804 vocare.
491 2771 544 2803 De
581 2768 675 2803 οὗτοι
711 2788 756 2795 -
785 2781 823 2813 γε
861 2780 892 2805 v.
1006 2766 1266 2811 εἰβούλοιτο
1284 2765 1598 2808 δυσχεραίνειν
