1702 2924
499 223 744 263 GORGIAS.
775 224 819 262 P.
851 226 946 264 482.
977 227 1071 262 483.
1101 225 1159 263 ed.
1192 223 1248 263 St.
1481 224 1558 262 197

199 336 327 374 θειαν
354 333 544 384 διώκειν,
588 333 615 373 ἃ
652 332 780 386 φύσει
816 330 895 386 μὲν
934 332 1015 374 οὐκ
1045 330 1130 374 ἔστι
1168 333 1303 383 καλά,
1342 333 1462 388 νόμῳ
1499 331 1559 375 δέ.

203 398 262 447 ὠς
300 397 351 439 τὰ
391 397 528 440 πολλὰ
566 396 612 439 δὲ
648 404 784 439 ταῦτα
822 395 994 438 ἐναντία
1035 397 1232 453 α’λλήλοις
1270 396 1407 448 ἐστίν,
1451 398 1478 453 ἥ
1516 412 1559 439 τε

205 463 337 516 φύσις
363 462 431 505 καὶ
461 462 486 505 ὁ
513 463 658 515 νόμος.
699 461 776 504 ἐὰν
803 458 886 504 οὗν
912 477 975 512 τις
1003 463 1255 517 αἰσχύνηται
1285 462 1356 506 καὶ
1382 462 1440 518 μὴ
1467 466 1559 505 τολ-

201 533 260 583 μᾷ
288 528 427 582 λέγειν
453 527 560 582 ἅπερ
587 531 682 570 νοεῖ
691 521 707 577 ,1
743 528 1026 581 ἀναγκάζεται
1062 527 1234 570 ἐναντία
1261 528 1410 582 λέγειν.
1453 526 1476 570 ὃ
1505 529 1558 583 δὴ
1587 529 1671 571 483

200 594 270 636 καὶ
309 593 363 635 σὺ
399 600 526 636 τοῦτο
575 594 623 636 τὸ
663 595 805 647 σοφὸν
835 594 1178 648 ’κατανενοηκὼς
1219 597 1473 648 κακουργεῖς
1512 593 1559 636 ἐν

199 663 289 708 τοῖς
316 660 480 713 λόγοις,
521 657 597 701 ἐὰν
627 657 707 711 μέν
735 674 797 708 τις
825 658 932 700 κατὰ
960 660 1097 712 νόμον
1126 659 1248 714 λέγῃ,
1287 660 1396 702 κατὰ
1425 660 1560 713 φύσιν

197 724 441 777 ὑπερωτών,
471 723 546 766 ἐὰν
572 724 618 767 δὲ
645 724 697 766 τὰ
723 730 798 778 τῆς
826 725 1010 777 φύσεως,
1040 725 1091 766 τὰ
1119 730 1198 767 τοῦ
1227 725 1380 779 νόμου.
1420 724 1558 778 ὥςπερ

198 790 352 831 αὐτίκα
389 788 436 831 ἐν
471 790 664 839 τούτοις,
711 792 770 846 τῷ
811 790 974 832 ἀδικεῖν
1010 804 1055 831 τε
1094 790 1164 832 καὶ
1202 795 1261 844 τῷ
1301 791 1556 841 ἀδικεῖσθαι,

204 856 364 896 Πώλου
391 854 440 897 τὸ
468 854 575 897 κατὰ
602 856 740 908 νόμον
769 855 937 910 αἴσχιον
964 854 1190 908 λέγοντος,
1233 855 1287 897 σὺ
1316 857 1392 897 τὸν
1419 857 1558 910 νόμον

198 918 427 971 ἐδιώκαθες
453 920 560 962 κατὰ
578 921 726 974 φύσιν.
755 922 879 975 φύσει
910 920 988 976 μὲν
1007 921 1090 975 γὰρ
1114 928 1203 963 πᾶν
1233 921 1400 975 αἴσχιόν
1429 920 1557 964 ἐστιν,

197 1061 376 1094 omisimus
405 1071 485 1094 cum
516 1061 633 1094 Clark.
664 1061 742 1094 Vat.
778 1061 884 1095 Coisl.
909 1060 1012 1094 Vind.
1044 1061 1076 1094 1.
1108 1061 1139 1095 6.
1170 1063 1248 1094 Par
1282 1061 1555 1095 BOEFIVW.

197 1106 290 1140 Flor.
314 1118 344 1139 a.
369 1106 402 1139 b.
427 1117 456 1139 c.
481 1106 514 1139 d.
546 1107 573 1139 f.
600 1117 645 1139 111.
676 1117 706 1139 o.
740 1118 768 1139 s.
790 1107 889 1139 Bodl.
942 1107 983 1139 111
1015 1107 1107 1140 Flor.
1132 1118 1166 1139 x.
1198 1107 1345 1140 articulo
1376 1108 1558 1150 utrobique

201 1151 317 1186 addito
340 1152 468 1196 legitur
492 1151 532 1185 τὰ
554 1151 638 1185 κατὰ
666 1150 775 1192 τόμον
798 1151 888 1195 λέγῃ,
915 1150 953 1184 τὰ
978 1152 1062 1185 κατὰ
1086 1152 1171 1193 φύσ.
1198 1149 1254 1185 ὑπ.

266 1243 450 1284 αἴσχιον
473 1241 700 1285 λέγοντος,
728 1240 778 1274 σὺ
802 1239 874 1274 τὸν
900 1241 1052 1298 νόμον]
1090 1243 1187 1275 Haec
1210 1241 1318 1275 verba
1349 1253 1413 1275 om.
1440 1241 1556 1275 Clark.

200 1288 278 1319 Vat„
303 1287 406 1319 Vind
442 1286 474 1319 1.
505 1286 537 1321 6.
593 1288 730 1320 Desunt
761 1298 874 1320 errore
905 1299 950 1320 ex
980 1285 1228 1331 ὁμοιοτελεύτῳ
1258 1288 1421 1331 profecto.
1466 1288 1558 1320 Dein

199 1330 282 1364 κατὰ
308 1330 420 1373 φύσιν
442 1336 520 1375 post
544 1331 740 1367 ἐδιώκαθες
762 1336 845 1365 vett.
868 1332 963 1366 editt.
986 1333 1179 1377 negligunt.
1220 1334 1327 1366 Recte
1350 1332 1438 1365 illud
1461 1336 1557 1366 tuen-

198 1382 252 1410 tur
276 1377 392 1410 Clark.
417 1378 496 1410 Vat.
519 1378 606 1410 Ven.
634 1378 675 1411 Σ.
699 1378 801 1411 Vind.
827 1377 858 1410 1.
881 1377 914 1411 2.
938 1378 971 1412 6.
995 1377 1025 1411 7.
1061 1380 1153 1422 Aug.
1176 1378 1276 1413 Bodl.
1299 1380 1441 1413 Meerm.
1464 1378 1557 1411 Flor.

197 1434 228 1456 a.
251 1434 286 1455 x.
310 1427 345 1455 et
368 1423 527 1455 Gornarii
549 1423 773 1457 Hsssensten.
820 1424 861 1456 In
892 1425 970 1456 Par.
995 1424 1075 1457 FV.
1104 1435 1155 1467 pr.
1189 1424 1314 1457 desunt
1344 1425 1451 1457 verba
1475 1422 1556 1457 Πώ-

198 1470 259 1501 λου
284 1487 327 1492 -
353 1467 559 1503 &mimum

911 1593 947 1624 id
971 1593 1062 1635 quod
1081 1593 1152 1625 iam
1167 1593 1198 1625 R
1208 1593 1332 1625 outhi
1342 1604 1388 1627 us
1412 1594 1556 1628 monuit.

912 1639 1032 1680 Neque
1063 1638 1247 1670 obscurum
1284 1642 1336 1671 est
1366 1639 1556 1682 sophistam

913 1684 1046 1716 Socrati
1070 1683 1222 1716 tribuere
1245 1694 1344 1716 suam
1370 1685 1480 1727 ipsius
1504 1695 1558 1716 ar-

908 1733 976 1761 tem
1001 1739 1148 1771 cumque
1183 1740 1201 1761 e
1226 1730 1298 1761 suis
1327 1729 1482 1762 moribus
1506 1730 1557 1761 iu-

908 1773 1035 1808 dicare.
1101 1775 1253 1806 Verbum
1289 1772 1474 1816 ὐπερωτᾶν
1504 1779 1557 1807 est

908 1819 1105 1853 furtimh.
1118 1830 1146 1854 e.
1160 1820 1359 1861 captiose
1384 1823 1426 1852 et
1445 1820 1557 1852 frau-

908 1864 1121 1896 dulenter
1152 1865 1454 1920 interrogare.

954 1907 1110 1943 Πώλου
1135 1907 1178 1941 τὸ
1205 1908 1312 1942 κατὰ
1340 1909 1474 1950 νόμον
1498 1909 1556 1941 αἴ-

196 1593 451 1626 constructione
479 1602 513 1625 v·
536 1592 768 1626 Heindorf.
799 1592 844 1625 ad

196 1639 229 1671 h.
262 1639 285 1671 l.
315 1638 358 1671 ad
393 1638 522 1681 Cratyl.
554 1649 587 1681 p.
620 1637 674 1672 97.
707 1639 844 1670 Parme-

198 1684 268 1716 nid.
292 1694 325 1726 p.
348 1683 426 1717 226.
451 1684 627 1727 Protagor.
651 1694 684 1726 p.
708 1681 785 1716 579.
810 1687 844 1715 et

195 1729 350 1763 Matth.
376 1729 434 1762 Gr.
460 1730 490 1768 ἓ.
514 1727 592 1762 476.
636 1729 699 1761 Est
723 1731 839 1760 autem

199 1773 339 1815 σοφόν
401 1774 569 1807 callide
624 1778 666 1806 et
723 1778 840 1806 astu-

195 1824 235 1851 te
282 1820 533 1859 inventum,
581 1818 745 1852 callide
791 1829 838 1851 ao

196 1865 311 1897 scite
358 1865 683 1907 excogitatum,
736 1865 839 1897 sicuti

197 1909 284 1942 alibi
331 1907 484 1950 σόφισμα
525 1913 578 1941 est
622 1909 839 1942 callidum

198 1965 246 1987 ar
257 1955 453 1988 tificium
467 1978 476 1994 ‚
514 1958 701 1987 astutum
732 1955 839 1987 faci-

197 2011 219 2032 n
232 2011 282 2033 us
297 2000 355 2032 vel
378 1999 625 2033 consilium.
651 2000 839 2043 v.interpp.

198 2045 242 2078 ad
271 2045 425 2088 Euripid.
460 2044 596 2077 Hecub.
628 2055 660 2077 V.
692 2044 771 2079 256.
796 2064 836 2069 —-

198 2102 330 2123 κακου
343 2095 470 2134 ργεῖν
495 2089 542 2122 ἐν
561 2094 649 2124 τοῖς
673 2089 838 2134 λόγοι-ε’,

196 2138 238 2167 in
281 2135 548 2179 disputando
588 2135 838 2169 fallacibus

196 2185 238 2213 et
299 2181 525 2224 captiosis
579 2181 839 2214 rationibus

197 2229 243 2258 ut
251 2227 274 2258 i.
320 2237 353 2259 v.
399 2226 524 2259 Wolf.
571 2225 616 2258 ad
661 2226 838 2260 Demosth.

196 2271 331 2314 Leptin.
356 2281 388 2314 p.
403 2269 480 2304 334.
504 2271 599 2303 Idem
618 2272 839 2314 opprobrium

195 2317 330 2349 Socrati
345 2316 466 2348 obiicit
482 2316 764 2359 Thrasymachus
785 2318 839 2349 De

196 2361 343 2405 Republ.
367 2371 400 2403 p.
424 2359 501 2395 338.
526 2361 570 2395 D.
595 2361 675 2396 coll.
700 2361 778 2396 341.
796 2362 837 2396 A.

195 2408 249 2439 De
281 2406 482 2439 discrimine
513 2417 534 2439 a
558 2406 720 2460 sophistis
749 2408 840 2439 inter

197 2451 258 2484 ιὸι
283 2450 390 2492 νόμον
420 2454 454 2483 et
484 2450 546 2494 τὴν
572 2449 683 2491 φύσιν
714 2453 840 2485 consti-

195 2501 269 2530 tuto
291 2508 325 2531 v.
350 2496 394 2529 ad
408 2496 538 2539 Gratyl.
555 2497 713 2540 Prolegg.
737 2508 769 2540 p.
782 2496 838 2532 23

198 2542 356 2575 C'eterum
387 2542 481 2573 hunc
511 2540 649 2574 modum
680 2542 840 2575 adversa-

195 2588 285 2620 rium
322 2588 361 2619 in
389 2586 596 2629 disputando
635 2587 840 2631 decipiendi,

197 2643 265 2674 quo
303 2631 470 2665 Callicles
514 2631 692 2665 Socratem
737 2643 839 2665 usum

195 2688 270 2710 esse
312 2679 464 2720 queritur
471 2701 479 2716 ‚
526 2676 705 2720 descripsit
750 2678 780 2710 A
790 2689 807 2710 r
814 2679 841 2710 i-

195 2726 233 2755 st
241 2733 261 2755 ο
272 2726 286 2754 t
296 2733 314 2755 e
323 2723 347 2756 l.
389 2723 443 2755 De
475 2721 658 2765 Sophistic.
694 2723 839 2758 Elencb.

196 2777 226 2802 c.
240 2768 318 2803 XII.
342 2779 376 2811 p.
390 2766 466 2802 570.
481 2767 558 2802 Vol.
572 2767 638 2800 111.
657 2767 709 2803 ed.
723 2768 839 2810 Buhl.‚

911 1964 956 1997 σχ
967 1967 978 1987 ι
987 1966 1037 1987 oz
1061 1954 1103 1997 1.]
1142 1955 1231 1987 Loci
1262 1956 1435 1988 sententia
1469 1956 1556 1988 haec

909 2004 977 2032 est:
1018 2001 1155 2040 Quum
1178 2000 1314 2034 Polus
1345 2001 1394 2034 de
1419 2011 1465 2033 eo
1499 2001 1556 2033 lo-

908 2055 961 2087 qu
975 2049 1143 2087 eretur,
1168 2045 1285 2088 quod
1310 2050 1431 2079 esset
1454 2046 1555 2089 lege

908 2094 952 2123 et
990 2090 1318 2124 consuetudine
1358 2091 1554 2134 turpius,

908 2154 952 2160 —
977 2140 1196 2169 concesserat
1228 2138 1322 2169 enim
1354 2141 1453 2180 turpe
1480 2147 1555 2169 esse

908 2181 1072 2213 iniuriam
1087 2182 1213 2222 facere,
1233 2183 1271 2214 in
1286 2193 1395 2225 eaque
1410 2193 1447 2214 re
1465 2193 1555 2215 com-

908 2227 1005 2258 muni
1028 2226 1210 2260 hominum
1241 2228 1398 2270 opinioni
1422 2227 1556 2270 aliquid

908 2273 1074 2304 tribuerat
1102 2291 1146 2296 —
1176 2276 1224 2304 tu
1254 2273 1316 2313 id,
1347 2272 1462 2315 quod
1497 2283 1556 2305 se-

908 2316 1090 2350 eundum
1120 2318 1262 2360 legem
1297 2322 1338 2350 et
1372 2328 1554 2350 consue-

907 2362 1103 2395 tudinem
1146 2362 1325 2395 iudicab
1337 2366 1455 2402 atur,
1502 2363 1555 2395 ad

908 2412 1097 2440 naturae
1120 2418 1314 2441 normam
1337 2407 1554 2451 exigebas

908 2456 948 2484 et
994 2452 1348 2495 persequebaris.
1417 2454 1554 2496 Quippe

909 2498 1085 2538 Socrates,
1117 2509 1222 2540 quum
1246 2498 1353 2537 Polus
1386 2498 1470 2531 κατὰ
1495 2511 1514 2529 ι·
1517 2497 1554 2530 o'·

908 2554 977 2582 μον
1000 2547 1092 2575 recte
1111 2548 1262 2576 statuere
1288 2543 1463 2576 videretur
1485 2546 1555 2575 tur-

908 2589 987 2630 pius
1011 2592 1046 2620 et
1068 2589 1166 2630 peius
1197 2599 1271 2622 esse
1294 2590 1457 2621 iniuriam
1480 2589 1555 2630 pati

908 2643 1012 2675 quam
1034 2633 1149 2666 faeere
1157 2659 1165 2674 ,
1189 2654 1231 2659 --
1258 2638 1331 2667 erat
1353 2634 1445 2666 enim
1468 2633 1555 2666 haec

910 2679 1101 2711 communis
1146 2679 1324 2712 hominum
1381 2679 1555 2712 sententia

909 2741 953 2747 —-
984 2724 1139 2756 vicissim
1169 2723 1376 2767 disputando
1417 2723 1554 2756 efficere

908 2768 1115 2810 conabatur,
1161 2774 1202 2802 ut
1240 2770 1402 2802 iniuriam
1442 2769 1553 2802 facere
