1690 2892
385 157 630 199 GORGIAS.
659 157 704 196 P.
730 158 828 194 499.
859 158 953 194 500.
983 155 1042 194 ed.
1073 153 1130 194 St.
1356 154 1436 190 255

95 271 200 319 Πῶς
219 267 302 323 γὰρ
326 271 402 318 οὓς
431 269 533 310 ΣΩ.
566 266 742 308 Οὐκοῦν
768 264 844 314 τὰς
871 264 950 319 μὲν
976 263 1158 319 χρηστὰς
1184 261 1254 304 καὶ
1281 260 1442 316 ἡδονὰς

94 334 165 377 καὶ
191 335 328 384 λύπας
354 332 426 376 καὶ
452 331 643 386 αἱρετέον
669 329 755 373 ἐστὶ
782 331 854 373 καὶ
873 327 1109 384 πρακτέονς
1142 329 1280 370 ΚΑΛ.
1310 327 1441 368 Πάνυ

94 415 156 454 γε.
211 401 314 442 Σῼ.
353 399 438 448 Τὰς
465 397 510 440 δὲ
536 397 728 452 πονηρὰς
754 398 830 446 οὕς
861 397 1003 437 ΚΑΛ.
1045 399 1194 450 Δῆλον
1219 393 1285 448 δή.
1336 392 1440 434 ΣΩ.

85 463 242 508 Ἕνεκα
275 465 358 519 γάρ
393 479 482 507 που
517 467 604 505 τῶν
640 463 822 516 ἀγαθῶν
858 460 1029 502 ἅπαντα
1063 460 1169 515 ἡμῖν
1194 457 1310 510 ἔδοξε
1337 473 1442 511 πρα-

95 530 220 574 κτέον
247 527 368 583 εἶναι,
397 531 433 572 εἰ
460 529 753 584 μνημονεύεις,
781 525 877 579 ἐμοί
903 541 947 568 τε
975 525 1046 567 καὶ
1077 521 1231 580 Πώλῳ.
1260 520 1344 578 ἆρα
1372 522 1442 566 καὶ

98 597 167 639 σοὶ
204 596 409 638 συνδοκεῖ
444 595 578 644 οὕτω..
617 591 737 643 τέλος
772 589 882 634 εἶναι
918 591 1098 632 ἁπασῶν
1136 594 1223 655 νῶν
1249 591 1444 643 πράξεων

95 663 145 704 τὸ
165 662 348 715 α’γαθόν,
377 661 449 703 καὶ
471 659 638 702 ἐκείνου
659 659 802 701 ἕνεκεν
828 659 919 700 δεῖν
944 658 1086 698 πάντα
1111 656 1243 698 τᾶλλα
1270 657 1442 709 πράττε-

96 731 223 778 σθαι,
260 724 353 768 ἀλλ’
391 727 472 769 οὐκ
511 726 648 768 ἐκεῖνο
683 727 771 766 τῶν
806 726 970 773 ducam
1006 725 1240 777 σύμψηφος
1274 722 1379 776 ἡμῖν
1406 717 1448 762 εἷ
1474 719 1558 762 500

97 793 169 835 καὶ
205 792 259 834 σὺ
294 792 341 834 ἐκ
375 793 550 846 τρίπους
591 792 728 832 ΚΑΛ.
752 785 931 843 ’‘Eyoeye.
988 790 1090 830 Σῼ.
1138 790 1235 829 Τῶν
1263 788 1445 842 ἀγαθῶν

97 861 181 913 ἄρα
209 856 333 900 ἕνεκα
362 858 426 899 δεῖ
450 857 522 899 καὶ
547 849 680 898 τᾶλλα
706 854 778 897 καὶ
803 854 855 896 τὰ
882 852 987 908 ἡδέα
1012 855 1235 908 :mod-new,
1276 848 1362 895 ἀλλ’
1391 854 1446 894 οὐ

96 920 268 978 τάγαθὰ
301 926 389 965 τῶν
422 921 572 978 ἡδέων.
629 922 768 963 ΚΑΛ.
809 921 939 962 Πάνυ
975 934 1035 974 γε.
1103 921 1205 962 ΣΩ.
1241 919 1335 972 ’Ao'
1365 915 1446 961 οὗν

97 990 257 1039 παντὸς
279 989 436 1043 ἀνδρός
458 987 572 1030 ἐστιν
591 985 854 1038 ἐκλέξασθαι,
882 989 987 1028 ποῖα
1017 987 1164 1040 ἀγαθὰ
1191 988 1280 1027 τῶν
1307 983 1446 1040 ἡδέων

98 1053 184 1097 ἐστὶ
211 1054 279 1097 καὶ
310 1054 439 1097 ὁποῖα
465 1053 590 1106 κακά,
616 1051 644 1107 ἢ
672 1059 867 1107 τεχνικοῦ
895 1052 963 1094 δεῖ
987 1052 1046 1101 εἰς
1073 1050 1275 1102 ἔκαστους
1308 1053 1445 1094 ΚΑΛ.

107 1123 325 1175 Τεχνικοῦ.

184 1186 291 1245 Cap.
319 1186 416 1230 LV.
472 1185 572 1225 ΣΩ.
594 1178 968 1237 Ἀναμνησθῶμεν
985 1183 1038 1237 δὴ
1060 1198 1122 1224 ων
1146 1178 1203 1224 αὖ
1229 1181 1311 1236 ἐγὼ
1339 1183 1447 1236 πρὸς

101 1256 260 1296 Πῶλον
295 1253 369 1295 καὶ
397 1253 587 1307 Γοργίαν
625 1251 860 1306 ἐτύγχανον
899 1250 1047 1305 λέγων.
1084 1249 1231 1305 ἔλεγον
1264 1252 1372 1306 γάρ,
1412 1251 1447 1293 εἰ

99 1399 190 1432 Flor.
214 1400 248 1435 b.
271 1398 369 1432 Bodl.
392 1399 534 1431 Meerm.
576 1397 798 1431 Heindorfius
829 1397 916 1430 duee
946 1398 1066 1431 Ficino
1098 1399 1185 1431 coni.
1215 1392 1286 1441 ἆρα
1315 1398 1447 1433 τούτων

99 1445 137 1477 αἱ
159 1444 224 1485 μὲν
248 1442 302 1488 ὖγ.
325 1447 487 1476 ποιοῦσαι
510 1456 539 1476 κ.
563 1456 590 1476 τ.
612 1445 652 1482 λ.,
676 1444 768 1486 quod
789 1444 918 1487 recepit
938 1454 1050 1486 nuper
1072 1445 1260 1477 Hermann.

168 1491 208 1523 E.
256 1490 324 1522 καὶ
350 1489 532 1522 ἐκείνου
558 1489 713 1522 ἕνεκεν
738 1488 853 1533 δεῖν]
879 1489 921 1522 V.
947 1489 1058 1521 ἕνεκα.
1092 1490 1278 1532 Receptam
1303 1492 1447 1533 seriptu-

100 1547 172 1568 ram
201 1535 364 1568 debemus
396 1535 513 1568 Clark.
543 1535 621 1568 Vat.
653 1535 758 1568 Coiel.
782 1536 870 1567 Ven.
895 1534 973 1567 ΞΣ.
1010 1535 1113 1567 Vind.
1136 1534 1168 1568 1.
1191 1534 1222 1569 2.
1247 1535 1279 1569 6.
1304 1535 1335 1570 7.
1369 1538 1445 1572 Par.

99 1581 221 1615 IVW.
249 1581 342 1614 Flor.
366 1581 398 1614 b.
421 1580 454 1614 d.
477 1580 575 1614 Bodl.
608 1580 697 1614 conf.
718 1591 752 1624 p.
774 1579 851 1614 468.
874 1581 918 1614 Α.

102 1720 264 1749 ποιοῦσαι
293 1720 327 1749 et
356 1717 394 1749 εἴ
418 1714 503 1757 ἄρα,
539 1717 638 1750 euius
666 1727 740 1749 mu-
852 1717 894 1749 E.

101 1762 228 1795 tandae
273 1763 511 1795 necessitatem
556 1773 601 1795 ne
647 1773 740 1795 nunc

103 1807 241 1850 quidem
262 1807 489 1850 intelligimus
502 1807 624 1840 ullam.
656 1808 739 1840 Sen-

102 1854 212 1886 tentia
244 1853 336 1884 enim
363 1852 500 1885 videtur
528 1853 614 1886 haee
644 1863 738 1886 esse:

102 1899 208 1932 Num
238 1898 382 1941 igitur
404 1898 659 1932 huiusmodi
682 1898 739 1930 di-

104 1944 171 1976 eis
184 1944 456 1986 voluptates,
477 1944 618 1976 veluti
635 1954 741 1986 quas

949 1717 1074 1760 ἔδοξε
1122 1718 1346 1760 πρακτέον
1388 1715 1446 1752 εἶ-

810 1774 878 1794 ναι
902 1762 966 1806 -]
990 1764 1137 1806 Respice
1160 1775 1193 1807 p.
1216 1763 1293 1798 468.
1318 1765 1356 1798 C.

851 1809 890 1840 P.
920 1807 998 1842 500.
1060 1809 1296 1864 σύμψηφος
1345 1808 1446 1854 ἡμῖι

807 1850 853 1886 εἶ
880 1854 948 1885 καὶ
976 1851 1025 1886 σὺ
1049 1853 1095 1886 ἐκ
1120 1854 1315 1899 τρι’;των]
1348 1857 1394 1889 Η.
1416 1866 1447 1889 e.

806 1899 903 1941 ipse
927 1900 1088 1932 tertius
1110 1905 1284 1943 praeter
1305 1912 1367 1934 me
1390 1906 1446 1934 at-

808 1955 889 1986 que
913 1944 1072 1978 Polum.
1117 1947 1207 1988 Apte
1230 1947 1446 1980 Routhius

103 1989 223 2022 modo
254 1988 501 2022 dicebamus
525 1990 674 2022 inesse
697 1989 740 2021 in

105 2034 293 2067 bibendo
307 2038 348 2066 et
366 2034 544 2075 edendo,
568 2035 604 2067 si
627 2035 740 2067 forte

104 2081 290 2112 istarum
344 2090 452 2122 quae
498 2081 741 2112 sanitatem

104 2126 149 2157 in
186 2135 371 2167 corpore
401 2128 474 2157 aut
501 2124 635 2158 robur
664 2130 742 2158 aut

105 2170 237 2203 aliam
260 2171 503 2214 quampiam
526 2172 740 2204 virtutem

106 2217 307 2258 eorporis
368 2216 596 2258 efficiunt,
665 2227 740 2249 eae

105 2261 250 2294 bonae
295 2265 410 2301 sunt,
452 2271 560 2303 quae
597 2266 740 2295 autem

107 2306 319 2339 efficiunt
338 2306 442 2338 istie
463 2308 740 2348 eontrarium,

104 2351 263 2384 malae?
288 2351 357 2392 Qui
378 2354 515 2384 ποιοῦσι
531 2354 742 2396 seripserunt

103 2407 175 2429 non
225 2396 386 2429 videntur
438 2397 652 2431 intellexisse
697 2399 741 2431 ad

104 2440 241 2485 ἀγαθαί
275 2447 310 2474 et
346 2444 451 2474 κακαί
478 2442 741 2486 intelligendum

106 2488 255 2529 relinqui
284 2487 396 2525 εἰσιν,
428 2487 520 2530 quod
551 2499 595 2521 ex
617 2489 654 2521 εἰ
673 2487 741 2530 ἄρα

106 2533 262 2576 pendeat,
285 2543 397 2575 neque
412 2532 506 2565 istud
521 2532 557 2565 εἰ
570 2531 638 2575 ἄρα
650 2539 740 2567 reete

104 2579 306 2621 percepisse.
344 2578 411 2611 Sed
425 2578 592 2621 quidquid
606 2579 657 2611 rei
678 2586 740 2621 est,

106 2628 195 2656 certe
226 2634 312 2665 quae
343 2627 492 2657 tentatae
517 2628 600 2656 sunt
621 2625 741 2659 verbo-

105 2679 180 2701 rum
202 2669 429 2711 mutationes,
459 2670 598 2702 omnino
619 2681 741 2713 parum

105 2714 251 2757 placent.

808 1991 1019 2032 comparavit
1048 1991 1205 2034 Sympos.
1235 2002 1267 2035 p.
1294 1991 1372 2026 213.
1396 1994 1448 2033 B„

807 2035 869 2066 ubi
898 2035 967 2067 vid.
1000 2040 1116 2069 annot.
1173 2037 1332 2071 Ceterum
1357 2039 1447 2081 quod

808 2080 966 2113 Socrates
1011 2081 1100 2114 hanc
1144 2083 1447 2127 interrogationem

808 2126 924 2167 iterat,
983 2137 1121 2169 prorsus
1173 2129 1294 2162 eodem
1346 2130 1447 2162 modo

807 2171 948 2225 Menon.
977 2183 1010 2228 p.
1035 2171 1088 2206 71.
1119 2174 1166 2206 B:
1209 2173 1230 2218 ἢ
1262 2173 1365 2208 δοκεῖ
1394 2186 1447 2208 σοι

808 2214 887 2249 οἶόν
910 2228 944 2250 τε
965 2214 1075 2257 εἶναι,
1110 2218 1198 2254 fisus*
1223 2220 1303 2252 Met
1298 2233 1380 2253 cova
1402 2218 1447 2264 μὴ

807 2263 991 2305 γιγνώσκει
1003 2281 1057 2300 -,
1081 2268 1205 2297 τοῦτον
1217 2265 1359 2304 εἰδέναι,
1377 2267 1447 2299 εἴτε

808 2307 908 2342 καλὸς
939 2309 1009 2342 εἴτε
1040 2308 1204 2344 πλούσιος
1227 2330 1272 2335 —-
1295 2312 1367 2344 εἴτε
1390 2312 1445 2344 καὶ

809 2351 972 2386 τάναντία
995 2353 1141 2392 τούτων;
1173 2355 1269 2388 δοκεῖ
1291 2367 1344 2389 σοι
1367 2355 1448 2390 οἶόν

809 2397 833 2431 τ’
871 2395 983 2439 εἶναι;
1036 2405 1070 2432 et
1115 2403 1307 2434 sexcenties
1352 2403 1448 2436 alibi.

806 2445 976 2487 Exempla
1013 2445 1109 2478 dabit
1139 2447 1369 2481 Heindorf.
1404 2449 1448 2481 ad

808 2490 981 2523 Charmid.
1005 2491 1036 2530 5.
1057 2490 1111 2524 33.

853 2563 960 2591 ποῖα
983 2555 1126 2602 ἀγαθὰ
1149 2578 1195 2584 —
1218 2560 1288 2593 καὶ
1314 2559 1446 2594 ὁποῖα

808 2602 933 2647 κακά]
960 2604 1039 2636 Vid.
1063 2604 1107 2637 ad
1130 2604 1259 2639 Criton.
1279 2618 1312 2650 p.
1330 2605 1384 2642 48.
1403 2608 1446 2639 A.

853 2671 936 2713 Cap.
968 2672 1042 2706 LV.
1070 2671 1345 2723 ἐτύγχαιον
1388 2674 1445 2707 λέ-

806 2716 911 2760 γων]
939 2717 1015 2751 Vid.
1040 2727 1071 2760 p.
1070 2706 1171 2751 ⁰.464
1198 2721 1237 2754 B.
1262 2730 1357 2763 seqq.
