1748 2944
339 193 417 229 216
883 191 1137 230 PLATONIS

337 296 407 339 καὶ
446 303 528 338 νῦν
557 294 676 350 λέγω.
734 299 829 338 ΣΩ..
871 299 1062 350 Πότερον
1089 297 1134 340 δὲ
1159 300 1235 340 τὸν
1263 298 1394 342 αὐτὸν
1420 301 1567 351 βελτίω
1593 316 1660 342 κα-

275 365 310 408 C
340 365 424 410 λεῑς
451 361 504 402 σὺ
532 361 601 403 καὶ
623 361 817 412 κρείττως
843 357 942 403 οὐδὲ
968 364 1050 415 γάρ
1076 378 1140 404 τοι
1165 364 1257 405 τότε
1284 358 1374 412 οἷός
1399 361 1432 405 τ’
1458 359 1484 418 ἦ
1510 369 1663 418 μαθεῖν

339 435 433 475 σου,
461 426 500 467 τί
518 440 618 468 ποτε
642 424 784 479 λέγεις.
802 427 980 479 πότερον
1006 427 1105 476 τοὺς
1133 425 1428 481 ἰσχυροτέρους
1452 429 1663 481 κρείττους

338 493 490 540 καλεῖς,
518 490 588 532 καὶ
610 491 676 532 δεῖ
697 491 937 543 ἀκροᾶσθαι
963 495 1041 532 τοῦ
1069 490 1341 546 ἰσχυροτέρου
1367 488 1467 541 τοὺς
1493 493 1662 536 ἀσθενε-

339 553 533 607 στέρους,
575 550 669 597 οἶόν
705 570 777 609 μοι
803 555 939 604 δοκεῖς
965 555 1036 597 καὶ
1062 557 1155 597 τότε
1183 554 1502 606 ἐνδείκνυσθαι,
1538 557 1594 607 ὡς
1621 559 1666 600 αἱ

338 621 512 674 μεγάλαι
547 620 686 668 πόλεις
720 618 786 661 ἐπὶ
824 618 897 668 τὰς
933 619 1108 673 σμικρὰς
1143 619 1249 662 κατὰ
1275 620 1322 661 τὸ
1350 621 1475 674 φύσει
1500 622 1664 664 δίκαιον

339 681 543 736 ἔρχονται,
571 682 635 725 ὅτι
655 684 870 736 κρείττους
886 683 964 725 εἰσὶ
981 683 1052 726 καὶ
1076 684 1348 738 ἰσχυρότεραι,
1375 685 1432 733 ὡς
1459 687 1507 727 τὸ
1534 689 1663 738 κρεῖτ-

339 763 415 790 τον
441 747 511 789 καὶ
539 748 808 802 ἰσχυρότερον
836 747 905 790 καὶ
933 747 1097 801 βέλτιον
1123 749 1278 790 ταύτὸν
1305 750 1370 798 ὄν,
1409 750 1435 804 ἢ
1463 748 1548 792 ἔστι
1575 752 1662 804 βελ-
1691 756 1693 758 ’

339 812 412 853 τίω
448 810 525 865 μὲν
563 809 689 863 εἶναι,
731 812 840 867 ἥττω
878 811 921 854 δὲ
948 813 1015 854 καὶ
1045 811 1362 865 ἀσθενέστερον..
1398 814 1466 856 καὶ
1495 816 1664 868 κρείττω

340 875 416 930 μὲν
454 872 583 926 εἶναι,
621 877 936 931 μοχθηρότερον
971 876 1036 918 δέ·
1080 877 1107 931 ἢ
1146 878 1170 919 ὁ
1197 879 1324 927 αὐτὸς
1349 877 1449 932 ὄρος
1477 877 1561 920 ἐστὶ
1587 882 1664 922 τοῦ

269 944 310 986 D
341 941 554 994 βελτίονος
590 940 660 982 καὶ
696 947 773 982 τοῦ
810 941 1068 993 κρείττονος,·
1107 943 1232 983 τοῦτό
1270 957 1342 995 μοι
1379 943 1483 984 αὐτὸ
1521 947 1666 997 σαφῶς

340 1005 550 1056 διόρισον,
592 1005 748 1047 ταύτὸν
774 1005 800 1059 ἢ
828 1003 971 1058 ἔτερόν
997 1004 1081 1047 ἐστι
1107 1006 1155 1047 τὸ
1186 1010 1376 1059 κρεῖττον
1403 1007 1471 1048 καὶ
1498 1008 1546 1049 τὸ
1574 1006 1662 1061 βέλ-

408 1115 447 1148 G.
493 1113 587 1147 τότε
611 1111 706 1149 οἶός
732 1112 756 1146 τ’
782 1109 803 1157 ἧ
826 1113 877 1158 μ.]
902 1115 943 1147 V.
967 1109 1019 1158 ἦν
1050 1114 1163 1148 Clark.
1190 1109 1231 1159 ἧι.
1264 1116 1340 1149 Par.
1365 1117 1427 1149 CI.
1451 1121 1485 1149 et
1508 1122 1667 1159 quattuor

341 1160 488 1193 Florent.
513 1155 555 1192 εἶ.
594 1159 691 1192 Unde
722 1163 840 1202 sponte
873 1161 1014 1203 emergit
1036 1170 1116 1192 vera
1138 1161 1306 1203 scriptura
1329 1156 1369 1204 ἦ,
1394 1171 1495 1203 quam
1519 1164 1667 1195 servavit

341 1206 421 1237 Vat.
437 1206 479 1237 A.
501 1215 533 1236 v.
551 1215 629 1237 ann.
650 1204 694 1236 ad
711 1204 864 1246 Symp.p
867 1203 968 1239 ‚173.
983 1204 1024 1236 A.
1047 1203 1124 1237 221.
1142 1206 1185 1237 A.
1214 1205 1389 1238 Matthiae.
1414 1207 1472 1239 Gr.
1497 1208 1527 1247 §-
1541 1206 1618 1240 216.
1634 1206 1667 1240 4.

341 1254 374 1282 et
404 1251 462 1292 qui
484 1249 541 1281 ibi
569 1248 760 1281 laudantur.
806 1248 895 1281 Illud
926 1250 1026 1282 nobis
1057 1248 1208 1282 videmur
1231 1251 1447 1291 observasse,
1475 1251 1565 1293 apud
1589 1252 1665 1284 Pla-

340 1299 454 1327 tonem
469 1294 557 1327 hano
575 1294 762 1336 imperfecti
785 1293 926 1326 formam
950 1293 1096 1326 maxime
1120 1295 1154 1326 in
1179 1294 1334 1327 formulis
1357 1300 1391 1328 et
1413 1295 1668 1337 loquutionibus

340 1339 448 1372 multo
470 1349 537 1371 usu
558 1340 657 1379 tritis,
681 1339 790 1381 qualis
815 1342 865 1370 est
888 1335 963 1372 οἶός
987 1337 1010 1371 τ’
1036 1333 1068 1381 ἦ,
1092 1339 1307 1380 frequentari.

408 1381 564 1416 ταυτὸν
595 1381 660 1426 ὅν]
706 1384 747 1416 V.
782 1380 880 1415 ταύτὸ
913 1381 956 1415 ὄν
991 1387 1123 1426 praeter
1164 1383 1263 1416 fidem
1298 1383 1460 1417 librorum
1496 1389 1668 1428 praestan·

341 1429 556 1461 tissimorum

342 1538 421 1582 φής,
445 1538 535 1581 quod
550 1538 756 1581 cogitatione
778 1537 968 1570 iterandum
1037 1539 1104 1570 fere
1140 1539 1313 1571 hominum
1347 1539 1473 1581 opinio.
1517 1540 1570 1572 Ex
1601 1551 1667 1582 quo

342 1589 403 1617 est.
434 1583 809 1670 AliterpBoeckhius
829 1583 865 1614 in
884 1583 969 1615 Min.
1037 1584 1273 1625 consequitur,
1310 1587 1348 1615 ut
1382 1595 1449 1616 non
1480 1583 1574 1627 lege,
1609 1585 1668 1618 sed

341 1634 376 1662 et
405 1629 509 1672 Legg.
564 1626 670 1661 177.
699 1632 732 1660 et
761 1627 804 1660 ad
833 1627 968 1660 Pindar.
1037 1631 1158 1660 natura
1181 1627 1223 1660 ab
1247 1628 1421 1661 inserenda
1446 1629 1572 1661 iniuria
1594 1640 1667 1672 pro-

343 1675 384 1706 T.
407 1674 451 1706 ΙΙ.
481 1674 518 1705 Ρ.
542 1673 586 1704 H.
618 1683 650 1714 p.
669 1670 765 1712 641.,
788 1672 854 1725 qui
871 1672 971 1714 leg-it:
1039 1671 1234 1712 hibeamur,
1276 1673 1399 1705 falsum
1423 1683 1466 1705 ue
1502 1684 1576 1707 csse
1611 1685 1667 1716 ap-

344 1717 381 1760 ἐξ
402 1716 508 1771 ἀρχῆς
531 1735 573 1741 -
599 1716 790 1759 Πίνδαρον.
823 1714 858 1749 τὸ
891 1715 972 1748 κατὰ
1039 1720 1144 1759 paret,
1169 1716 1258 1758 quod
1281 1722 1383 1750 antea
1425 1717 1586 1758 icebatur,
1608 1729 1669 1751 na-

344 1762 453 1804 φυσιν
488 1759 585 1816 ἄγειν
608 1761 669 1815 βιᾳ
691 1780 734 1786 -—
759 1763 819 1793 τοῦ
844 1761 972 1801 φαυλο-
1038 1767 1149 1794 turam
1167 1761 1297 1794 fortiori
1311 1761 1346 1793 id
1367 1762 1451 1794 iuris
1473 1742 1669 1803 concedere,

344 1806 465 1849 τέρου,·
496 1818 540 1849 μη
564 1818 591 1838 τι
615 1804 692 1838 ἄλλο
716 1805 820 1849 λέγεις
844 1817 872 1837 κ.
897 1817 922 1838 ι.
946 1806 972 1837 λ.
1040 1810 1077 1839 ut
1094 1805 1259 1848 quidlibet
1281 1817 1340 1849 pro
1365 1817 1426 1838 suo
1449 1807 1557 1849 ipsius
1581 1807 1668 1840 athi-

343 1852 532 1895 Respicitur
560 1850 603 1884 ad
631 1850 734 1883 verba
757 1849 911 1886 Calliclis
941 1861 973 1892 p.
1039 1851 1104 1883 trio
1128 1850 1251 1883 audere
1275 1851 1391 1893 possit.

342 1895 420 1930 484.
442 1897 481 1929 Β.
511 1915 552 1920 -
588 1896 641 1927 De
664 1893 708 1937 μὴ
730 1894 973 1938 interrogativo
1254 1922 1267 1929 ,
1313 1915 1321 1927 ,
1423 1919 1437 1928 .
1655 1922 1669 1930 ,

343 1942 432 1974 conf.
457 1941 566 1973 Rost.
593 1941 651 1972 Gr.
677 1941 706 1979 ἓ.
728 1938 832 1973 123b.
848 1939 879 1972 8.
897 1950 927 1974 a.
943 1951 973 1982 y.
1086 1918 1157 1948 καὶ
1200 1916 1261 1949 ³⁶¹
1299 1918 1550 1957 αχροασθαι
1596 1930 1670 1951 '⁰¹'

389 1986 470 2027 0⁸1³·
500 1985 623 2018 xun.
676 1985 715 2017 Β·
770 1982 973 2024 Πόέθον
1041 1959 1250 2038 ξῖἷᾱῖῗξς
1276 1960 1378 2039 ἐῖἶζ
1406 1966 1670 2040 igssiwii’nrssffi

1041 2050 1170 2083 cillio
1182 2061 1259 2083 res.
1295 2052 1381 2084 Nam
1404 2051 1453 2084 ita
1474 2048 1670 2092 ἀκροᾶσθαι

1040 2095 1318 2137 intelligendum,
1369 2100 1407 2128 ut
1447 2096 1668 2139 Aristoph.

345 2029 392 2063 δὲ
415 2028 487 2062 τὸν
511 2027 644 2061 αὐτὸν
667 2029 699 2071 β.
724 2027 766 2072 vc]
797 2029 976 2061 Refutatu-

343 2085 402 2107 rus
422 2075 578 2107 Socrates
594 2073 750 2106 Calliclis
773 2074 974 2106 sententiam

344 2130 388 2152 ex
429 2130 468 2152 eo
507 2119 659 2160 quaerit,
699 2128 877 2160 quemnam
916 2116 976 2150 ιὸι
1042 2141 1127 2172 ΛΠ.
1163 2149 1194 2171 ν.
1228 2138 1326 2173 1220.
1360 2140 1411 2173 ed·
1441 2140 1544 2174 Dind-
1589 2141 1670 2174 mu·

345 2162 754 2251 ἒὲἰᾜωωέῗὲἒὲοῃέῒέ
767 2165 975 2239 έὲῗῗωξοῗὲ
1041 2184 1231 2261 gjffiguug
1254 2184 1582 2272 p11⁸35¹g·E¹f>q¹¹0nffi
1626 2186 1668 2219 “¹

344 2253 513 2296 telligere,
552 2252 611 2295 qui
639 2251 716 2294 plus
744 2252 866 2283 virium
898 2250 976 2283 aliis

344 2298 487 2338 habeat,
512 2297 572 2330 ille
595 2295 717 2329 deinde
740 2295 858 2329 docere
881 2295 978 2328 insti-
1086 2295 1154 2327 καὶ
1205 2293 1294 2328 τότε
1333 2295 1668 2334 ἐνδείκνυσθαι,

344 2343 410 2375 tuit
431 2342 517 2374 haee
539 2350 691 2385 pugnare
714 2351 788 2373 cum
812 2340 866 2380 iis,
889 2349 975 2382 quae
1042 2337 1097 2374 ὥς
1119 2357 1162 2364 -
1213 2341 1252 2372 In
1284 2340 1336 2373 his
1361 2339 1434 2373 τότε
1456 2345 1509 2373 est
1529 2344 1669 2380 antea,

345 2391 446 2419 antea
477 2386 518 2419 de
550 2386 625 2429 lege
656 2389 797 2418 naturae
827 2384 870 2418 ab
902 2385 975 2427 ipso
1042 2394 1144 2426 quum
1182 2385 1266 2417 ehis
1278 2385 1378 2417 rebus
1398 2385 1597 2427 disputares,
1613 2395 1670 2418 ne-

345 2431 516 2474 disputata
546 2431 624 2465 sint.
670 2430 757 2462 Nam
780 2429 895 2469 multi,
926 2430 976 2461 in-
1043 2439 1108 2471 que
1127 2429 1315 2462 audiendus
1336 2433 1389 2462 est
1409 2429 1671 2470 Pindeisen„

346 2477 436 2519 quit,
481 2479 571 2508 certe
617 2474 731 2517 plus
741 2475 857 2507 valent
895 2483 974 2508 uno.
1042 2474 1100 2515 qui
1136 2472 1221 2517 τῷδε
1256 2473 1311 2506 vel
1347 2473 1457 2509 τοῐεδε
1489 2474 1669 2516 legendum

348 2522 444 2562 Quae
467 2524 578 2553 autem
603 2518 698 2551 iubct
720 2518 912 2558 multitudo,
935 2529 976 2551 ca
1043 2518 1242 2560 suspicatur.
1273 2518 1466 2561 Respicitur
1485 2518 1529 2550 ad
1537 2529 1575 2595 X.
1592 2517 1669 2552 483.

347 2566 437 2598 iusta
465 2564 641 2597 habentur.
687 2564 759 2596 Iam
789 2574 830 2597 ea
854 2562 976 2595 melius
1042 2563 1085 2595 D.
1102 2563 1141 2597 E.
1179 2563 1235 2596 Sic
1258 2561 1330 2596 τότε
1347 2573 1414 2596 ιιοιι
1438 2573 1513 2596 raro
1561 2564 1671 2596 icitur.

347 2620 421 2643 esse
451 2609 609 2642 iniuriam
640 2608 709 2649 pati
742 2618 842 2651 quam
865 2608 976 2640 facere
1043 2608 1218 2650 Protagor.
1247 2617 1289 2661 p.
1305 2605 1383 2642 325.
1405 2607 1450 2640 Ε.
1488 2607 1523 2640 οἱ
1554 2607 1593 2640 δὲ
1622 2607 1670 2640 δι-

347 2655 444 2697 quasi
466 2654 541 2697 lege
564 2651 708 2695 quadam
732 2653 863 2685 sanxit.
888 2662 977 2685 com·
1044 2651 1205 2684 ὃᾶσκαλοι
1229 2650 1356 2685 ιούιων
1371 2664 1405 2684 ιε
1418 2650 1671 2695 ἐπιμελοῦνται,

346 2699 458 2732 munis
497 2698 586 2732 enim
624 2696 708 2730 haee
745 2700 795 2730 ost
826 2697 976 2730 omnium
1044 2696 1098 2729 καὶ
1115 2693 1256 2730 ἐπειδὰν
1269 2690 1316 2729 av
1337 2692 1512 2738 γράμματα
1534 2695 1672 2737 μάθωσι
