1676 2938
459 210 703 251 GORGIAS.
732 212 776 251 P.
809 212 902 251 527.
931 212 992 252 ed.
1023 212 1080 251 St.
1366 216 1444 251 345

92 319 201 360 κατά
227 335 266 361 τι.
293 320 423 369 κακὸς
449 321 660 376 γίγνηται,
689 319 916 371 κολαστέος
944 321 1056 373 ἐστι’,
1099 321 1171 364 καὶ
1197 329 1328 364 τοῦτο
1354 322 1447 364 δεύ-

91 398 218 437 τερον
257 386 427 440 ἀγαθὸν
465 387 568 441 μετὰ
596 387 644 429 τὸ
673 383 785 429 εἶναι
811 388 1004 434 δίκαιον..
1042 387 1090 430 τὸ
1119 387 1349 442 γίγνεσθαι
1374 386 1442 429 καὶ
1476 386 1514 441 C

93 451 381 504 κολαζόμενον
430 452 597 494 διδόναι
634 452 779 507 δίκην·
821 452 893 495 καὶ
930 461 1075 495 πᾶσαν
1111 454 1340 495 κολακείαν
1375 451 1447 495 καὶ

92 514 172 568 τὴν
212 516 307 568 περὶ
345 514 502 559 ἑαυτὸν
539 517 609 560 καὶ
647 516 727 572 τὴν
763 518 858 571 περὶ
895 519 998 568 τοὺς
1032 521 1212 570 ἄλλους,
1250 519 1323 561 καὶ
1351 517 1448 571 περὶ

93 580 266 635 ὀλίγους
302 583 373 624 καὶ
411 582 506 636 περὶ
543 586 752 633 πολλούς,
790 584 1024 638 φευκτέον·
1063 584 1135 626 καὶ
1161 591 1212 639 τῇ
1243 585 1447 639 ῥητορικῇ

94 645 206 687 οὕτω
243 646 471 703 χρηστέον,
515 647 583 690 ἐπὶ
619 649 667 691 τὸ
696 650 865 692 δίκαιον
892 651 979 699 ἀεί,
1018 651 1090 693 καὶ
1117 657 1169 705 τῇ
1197 653 1303 705 α”λλῃ
1331 652 1447 704 πάσῃ

91 711 248 766 πράξει.

179 778 284 837 Cap.
325 779 589 824 LXXXIII.
658 779 772 834 Ἐμοὶ
822 776 904 822 οὖν
951 781 1210 834 πειθόμενος
1259 781 1446 824 α’κολού-

92 850 235 900 θησον
275 844 487 897 ἐνταῦθα,
529 843 573 889 οἷ
611 848 873 902 ἀφικόμενος
913 849 1235 902 εὐδαιμονήσεις
1262 847 1334 890 καὶ
1363 850 1448 900 ζῶν

92 911 163 953 καὶ
208 913 480 966 τελευτήσας,
520 912 586 961 ὡς
627 913 651 956 ὁ
690 913 764 963 σὸς
802 915 931 968 λόγος
968 915 1173 968 σημαίνει.
1214 914 1284 955 καὶ
1320 913 1448 956 ἔασόν

91 978 188 1018 τινά
224 988 305 1018 σου
340 985 665 1033 καταφρονῆσαι
703 979 761 1027 ὡς
801 980 991 1034 ἀνοήτου
1022 979 1092 1021 καὶ
1119 981 1446 1034 προπηλακίσαι,

93 1040 169 1084 ἐὰν
209 1042 436 1096 βούληται,
476 1044 547 1085 καὶ
587 1044 656 1086 ναὶ
698 1044 757 1099 μὰ
786 1046 874 1086 Δία
901 1045 955 1086 σύ
984 1059 1031 1098 γε
1059 1043 1242 1099 θαρῤὤν
1269 1045 1450 1096 πατάξαι
1482 1051 1521 1092 D

92 1183 229 1217 cuidam
262 1183 364 1216 unice
395 1195 514 1216 verum
538 1184 730 1218 videbatur.
778 1186 825 1218 At
848 1186 940 1218 enim
963 1196 1045 1218 vero
1068 1185 1215 1228 primum
1240 1186 1378 1228 quidem
1401 1189 1449 1218 te-

92 1230 276 1261 merarium
306 1230 410 1261 fuerit
438 1234 508 1262 tam
531 1231 651 1263 multis
676 1236 813 1273 tamque
837 1230 939 1264 bonis
963 1231 1142 1263 codicibus
1166 1237 1301 1274 praeter
1323 1231 1449 1264 iustam

93 1285 251 1306 caussam
282 1285 473 1317 repugnare
496 1276 598 1308 velle.
647 1276 779 1309 Deinde
805 1286 929 1309 caussa
952 1277 1038 1309 satis
1062 1282 1181 1319 aperta
1203 1283 1272 1317 est,
1305 1287 1367 1309 cur
1389 1277 1450 1310 So-

93 1325 203 1352 crates
235 1329 330 1352 nunc
362 1321 455 1353 dicat
485 1318 532 1356 ὥς
563 1319 584 1352 o‘
618 1320 679 1355 σὸς
711 1320 812 1365 λόγος
838 1325 1017 1375 ,σημαίιει
1074 1322 1247 1354 Admonet
1278 1323 1369 1354 enim
1402 1324 1449 1354 ita

94 1365 276 1398 Calliclem
304 1367 508 1409 gravissime
540 1376 675 1406 eorum,
715 1378 804 1410 quae
836 1367 910 1409 ipse
941 1368 977 1399 in
1010 1367 1242 1410 disputatione
1274 1369 1450 1410 superiore

92 1416 320 1446 concesserat.
366 1412 508 1444 Fieinus
539 1422 695 1455 quoque:
735 1413 1101 1456 quemadmodum
1138 1417 1242 1446 tuus
1277 1423 1450 1455 quoquc

94 1466 232 1489 sermo
257 1457 512 1499 significat.

160 1502 202 1533 D.
252 1499 442 1543 θαρρῶν
473 1500 680 1546 πατάξαι]
716 1503 773 1535 Sic
796 1507 883 1536 teste
906 1504 1066 1536 Bekkero
1091 1503 1172 1536 libri
1196 1504 1306 1546 ipsius
1331 1514 1451 1536 omnes

91 1547 332 1625 ἔπεισι-ἀέξει.
357 1549 395 1582 F.
427 1558 511 1589 rec„
543 1549 603 1590 qui
635 1559 713 1581 cum
746 1549 922 1592 Stephano
952 1549 1057 1582 habet
1090 1548 1253 1591 πάταξαι.·
1286 1550 1337 1581 sic
1367 1549 1450 1581 item

137 1603 217 1625 oren
273 1604 295 1624 1.

93 1723 206 1764 empla
237 1723 475 1766 congessimus
503 1723 548 1756 ad
578 1723 736 1766 Sympos.
1349 1723 1454 1755 Plura

93 1779 126 1811 p.
149 1767 228 1801 215.
251 1769 294 1801 A.

139 1813 223 1855 Cap.
260 1813 457 1846 LXXXIII.
527 1813 736 1853 πειθόμε-

94 1870 164 1892 νος
186 1856 502 1901 ἀκολούθησον
523 1858 736 1902 ἐνταῦθα]

93 1905 138 1937 H.
163 1915 191 1938 e.
216 1903 268 1938 εἰς
289 1903 412 1936 τοῦτον
436 1902 497 1936 τὸν
523 1902 654 1943 τρόπον
679 1908 739 1937 τοῦ

94 1949 188 1991 βίου.
249 1949 410 1982 ceterum
442 1950 512 1982 vid.
543 1954 658 1982 annot.
695 1950 738 1983 ad

93 2006 127 2038 p.
150 1993 227 2027 494.
251 1996 292 2027 E.

139 2040 210 2072 καὶ
256 2041 327 2072 ναὶ
368 2038 422 2080 μὰ
468 2041 555 2073 Δία
598 2039 650 2072 ου’
693 2052 739 2084 γε

95 2082 286 2138 θαᾷὁοῦν
317 2083 510 2127 πατάξαι
534 2085 598 2128 -]
640 2087 740 2128 Igno—

807 1721 928 1765 ῥόδον,
967 1721 987 1766 ἢ
1022 1723 1061 1756 τύ
1094 1736 1138 1766 γα
1173 1725 1292 1762 μᾶλον.

806 1769 947 1811 collegit
986 1769 1222 1801 Ernestius
1265 1769 1307 1800 ad
1350 1768 1455 1800 Calli-

805 1815 915 1846 mach.
952 1815 1079 1856 Hymn.
1113 1815 1149 1846 in
1183 1814 1287 1848 Dian.
1321 1824 1352 1844 v.
1379 1812 1455 1846 150.

805 1861 926 1902 Neque
973 1860 1073 1892 aliter
1120 1860 1248 1892 Latini.
1302 1859 1454 1891 Horat.

807 1905 871 1938 Od.
912 1906 947 1942 Ι,
983 1904 1022 1943 9,
1057 1904 1120 1937 15:
1168 1915 1245 1937 nec
1298 1904 1455 1936 dulces

807 1961 978 1983 amores
1014 1961 1189 1993 sperne,
1228 1960 1355 1993 puer,
1392 1960 1456 1981 ne-

808 2007 888 2038 que
936 2000 980 2028 tu
1027 1996 1228 2035 choreas,
1278 1995 1339 2027 ubi
1387 1995 1456 2026 vid.

807 2041 1075 2075 Bentleium.
1117 2061 1159 2065 -
1205 2042 1270 2072 Pro
1312 2038 1457 2082 πάταξαι

808 2086 966 2129 steph,
998 2087 1185 2125 Cornan,
1211 2085 1456 2124 Heindorf.,

95 2131 278 2163 miniosam
318 2131 458 2185 plagam
497 2131 660 2175 intelligit
704 2131 740 2164 τὸ

96 2175 154 2209 ἐπὶ
189 2174 319 2219 κόᾷῥης
350 2174 600 2209 πατάσσεσθαι
645 2177 739 2209 Cor-

95 2222 249 2254 narius
282 2232 341 2263 pro
376 2220 420 2255 ου’
449 2234 521 2264 γει
511 2219 666 2277 θαᾷῥῶι
689 2233 739 2254 re-

94 2268 176 2308 poni
200 2266 295 2299 iubet
319 2265 381 2299 ἐπί
399 2279 438 2311 γε
459 2264 600 2310 κόᾷῥης.
648 2268 739 2300 Satis

95 2313 242 2345 inficete.
289 2312 409 2354 Neque
438 2314 528 2345 enim
552 2324 739 2356 pronomen

98 2356 142 2391 ου’
162 2359 198 2390 in
224 2357 331 2390 altero
354 2358 506 2390 membro
531 2359 580 2391 sic
603 2359 740 2391 illatum

96 2403 281 2446 quidquam
298 2403 402 2435 habet
422 2404 632 2436 offensionis
662 2405 740 2436 Ho-

95 2459 190 2481 mer.
218 2448 343 2501 Odyss.
369 2446 411 2489 β’.
436 2459 470 2480 v.
491 2447 576 2482 326:
601 2446 621 2492 ἦ
646 2461 740 2483 τιιας

97 2493 136 2526 ἐκ
169 2493 289 2526 Πνλου
322 2491 396 2534 ἄξει
425 2491 623 2534 α’μύιτορας
655 2491 738 2537 ἦμα-

97 2537 259 2576 θόεντος,
285 2537 305 2581 ἢ
329 2537 348 2571 ὅ
372 2550 410 2581 γε
435 2538 489 2570 καὶ
513 2537 740 2581 Σπάρτηθει,

99 2583 179 2617 ἐπεί
201 2582 243 2617 νύ
267 2596 331 2624 περ
353 2585 436 2616 ἴειαι
457 2583 576 2618 αιίῶς.
609 2585 742 2618 Theo·

98 2630 193 2661 crit.
210 2630 237 2669 1,
255 2628 337 2662 124:
364 2627 430 2660 αἴτ’
452 2628 528 2661 ἐσσὶ
554 2627 624 2662 κατ’
648 2627 742 2672 ὥρεα

98 2673 211 2715 μακρὰ
237 2676 391 2711 Λυκαίω,
417 2675 491 2706 αι”τε
516 2673 555 2707 τυ’
578 2672 607 2718 γ’
631 2673 740 2715 α’μφι-

99 2721 214 2753 πολεῖς
229 2719 314 2762 μέγα
331 2721 526 2752 Μαίναλον.
555 2720 606 2752 Id.
621 2721 665 2760 X,
677 2719 740 2755 34:

100 2763 166 2799 τώς
201 2762 316 2800 anna).—
353 2764 416 2805 μὲν
454 2766 587 2807 ἔχοισα,
630 2766 686 2799 καὶ
720 2764 741 2812 ἢ

132 2831 204 2858 Pht.
222 2831 295 2865 Opp.
313 2833 382 2860 Vol.
394 2833 431 2859 11.
450 2832 524 2859 Soet.
542 2834 564 2859 Ι.

808 2133 973 2171 Buttm„
1009 2133 1069 2163 alii
1105 2131 1340 2175 reponendum
1370 2131 1457 2163 iudi-

808 2182 931 2209 carunt
948 2176 1105 2219 πατάξαι,
1131 2182 1168 2209 nt
1185 2188 1202 2209 e
1220 2176 1457 2219 superioribus

808 2222 1024 2265 intelligatur
1065 2223 1180 2255 i'naoov
1237 2223 1334 2262 Quae
1370 2223 1456 2254 ratio

809 2279 893 2301 sane
926 2272 1064 2310 propter
1096 2268 1189 2300 istud
1224 2266 1267 2300 σύ
1299 2279 1338 2310 γε
1363 2264 1456 2308 stag}-

811 2311 884 2355 ρῶι·
915 2313 1098 2356 displicere
1123 2314 1249 2355 possit,
1286 2312 1456 2354 siquidem

808 2356 962 2401 θαρρῶι
1024 2359 1160 2390 videtur
1214 2359 1458 2400 imperativum

807 2405 994 2447 postulare
1027 2403 1235 2446 Euthydem.
1259 2414 1291 2446 p.
1311 2402 1389 2437 307.
1410 2405 1457 2435 B.

809 2449 875 2482 ε’ἁι
891 2450 955 2489 μέι
975 2459 1027 2481 σοι
1052 2452 1216 2490 <palmyrae
1241 2450 1379 2490 φαῦλον
1404 2446 1458 2487 ὃν,

810 2493 905 2527 πάντ’
926 2492 1040 2535 ἄιδρα
1063 2492 1252 2534 ἀπότρεπε,
1278 2491 1322 2536 μὴ
1347 2493 1460 2533 urit-02·

811 2538 891 2574 τοὺς
911 2540 1015 2572 υιεῖς·
1041 2537 1105 2572 ἑὰτ
1128 2539 1167 2572 δὲ
1192 2541 1358 2593 φαίνηται
1379 2536 1459 2570 οἷον

810 2581 905 2625 οἷιιαι
931 2582 1014 2618 αὐτὸ
1040 2583 1108 2639 ἐγώ
1131 2580 1235 2623 εἶι·,αι
1268 2581 1460 2624 &affair

811 2630 945 2663 δίωκε
969 2631 1038 2662 καὶ
1064 2627 1199 2663 ἄσκει
1239 2631 1292 2662 De
1312 2628 1459 2670 Republ.

810 2677 851 2710 V.
877 2686 908 2717 p.
934 2674 1010 2708 451.
1036 2677 1081 2708 B:
1107 2673 1189 2708 ἀλλὰ
1214 2672 1456 2729 θαρρήσας

810 2720 1253 2777 ie'ye.1.egg.1.p..642
1275 2721 1328 2752 D.
1352 2715 1458 2761 θαᾷ·

814 2778 831 2809 ρ
842 2769 898 2799 ῶν
913 2763 1027 2799 ὁπόσα
1040 2765 1158 2809 βούλει
1177 2767 1194 2798 λ
1206 2765 1287 2809 ἑγε.
1309 2764 1458 2807 Sophist.

1141 2832 1186 2867 23
