1676 2938
487 192 735 237 GORGIAS?
762 194 806 234 P.
839 192 931 234 51¹8.
961 195 1022 234 ed.
1052 194 1109 234 St.
1397 195 1477 233 315

116 307 347 361 γεγόνασιν
374 303 404 362 ἦ
431 305 511 349 εἰσὶ
537 307 755 361 σωμάτων
773 306 1058 360 θεραπευταί,
1095 303 1235 359 ἔλεγές
1262 318 1336 358 μοι
1361 303 1480 346 πάνυ

117 373 391 425 σπουδάζων,
451 373 682 426 Θεαρίων
698 372 726 414 ὀ
759 367 1013 447 ἀρτοκόπος
1062 369 1165 412 καὶ
1182 370 1435 419 Μίθαικος·-
1454 369 1479 410 ὁ

117 437 217 493 τὴν·
231 438 512 488 ὀψοποιίαν
529 435 842 492 συγγεγραφώς
889 437 968 492 τὴν
1007 434 1239 490 Σικελικὴν
1264 435 1366 477 καὶ
1392 432 1479 481 Σαι

119 505 284 559 ραμβσς
310 505 335 547 ὁ
361 504 585 558 κάπηλος,
605 500 684 546 ὅτι
688 505 820 567 οὑτοι
847 504 1084 558 θαυμάσιοι.
1112 503 1314 557 γεγόνασι
1340 499 1479 556 σωμά·

118 584 207 612 των
234 571 521 624 θεραπευταί,
543 570 585 612 ’ό
603 569 705 623 μὲν.
716 572 877 623 ἄρτους
904 569 1187 622 θαυμαστοὺς
1212 568 1479 621 παρασκευά-
1512 568 1548 613 C

73 672 84 680 .
116 638 215 688 ζων,
254 635 280 678 ό
308 634 370 678 δὲ
381 638 512 686 ὄψον,
550 635 576 677 ὁ
606 635 652 677 δὲ
678 631 816 677 οἶνον.
873 635 982 694 Gap.
1013 635 1226 679 LXXIV.
1272 629 1414 682 Ἴσως
1424 631 1479 674 ἂν

120 700 203 746 οὖν
219 704 483 763 ἠγανάκτεις,
499 704 550 746 εἴ
569 713 636 747 σοι
662 701 813 758 ἔλεγον
843 701 938 757 ἐγώ,
969 699 1034 744 ὅτι
1052 699 1293 755 Ἄνθρωπε,
1321 701 1480 752 ἐπαϊεις
1531 703 1533 711 “

120 765 249 812 οὐδὲν
285 769 383 822 περὶ
416 775 733 829 γυμναστικῆς·
773 769 1006 818 διακόνους
1033 783 1106 823 μοι
1133 767 1268 822 λέγεις
1294 767 1366 810 καὶ
1394 766 1479 810 ἐπι-

120 837 295 890 θυμιῶν
317 837 669 889 παρασκευαστὰς
689 830 974 889 ἀνθρώπους(
998 830 1079 876 οὐκ
1099 833 1327 882 ἐπαΐοντας
1344 834 1480 875 καλὸν

119 898 325 954 κάγαθὸν
363 900 492 943 οὐδὲν
518 900 615 955 περὶ
644 901 815 949 αὐτῶν.
855 901 909 950 οἴ,
940 899 996 942 ἂν
1024 899 1137 942 οὕτω
1164 899 1372 954 τύχωσιν,
1412 898 1479 953 ἐμ-

121 967 358 1020 πλήσαντες
395 965 467 1008 καὶ
505 967 772 1021 παχύναντες
809 965 862 1008 τὰ
896 961 1072 1020 σώματα
1100 969 1188 1008 τῶν
1217 963 1479 1020 ἀνθρώπων,

122 1030 425 1087 ἐπαινούμενοι
451 1028 527 1074 ὑπ’
560 1034 715 1083 αὐτῶν,
737 1034 1107 1086 ’προςαπολοῦσιν
1135 1033 1280 1073 αὐτῶν
1306 1030 1379 1074 καὶ
1405 1031 1482 1081 τὰς

122 1098 302 1152 ἀρχαίας
326 1098 497 1151 σάρκας.
528 1098 572 1140 οἷ
592 1095 635 1140 δ’
656 1095 712 1140 αὖ
733 1099 788 1140 δι’
818 1099 1016 1150 ἀπειρίαν
1043 1098 1097 1140 οὐ
1124 1097 1226 1147 τοὺς
1254 1096 1482 1147 ἑστιῶντας
1512 1106 1553 1147 D

121 1164 385 1207 αἰτιάσονται
418 1167 506 1206 τῶν
541 1165 685 1206 νόσων
720 1165 884 1214 αἰτίους
922 1160 1031 1214 εἶναι
1058 1163 1130 1206 καὶ
1157 1170 1232 1218 τῆς
1259 1163 1481 1219 ἀποβολῆς

267 1238 296 1261 0

122 1286 275 1323 starum,
307 1283 367 1325 qui
397 1292 475 1318 voc.
498 1280 694 1325 ἀρτοκόπος
716 1283 831 1316 minus
854 1282 1071 1326 probandum
1095 1293 1170 1316 esse
1193 1282 1332 1323 dicunt3
1362 1282 1424 1316 sed
1446 1292 1478 1317 v.

121 1327 275 1360 Lobeck.
300 1327 345 1360 ad
368 1328 496 1371 Phryn.
513 1339 547 1371 p.
561 1327 638 1361 222.
676 1329 806 1361 Osann.
830 1329 873 1361 ad
897 1329 1090 1361 Philemon.
1113 1339 1146 1371 p.
1173 1327 1249 1362 164.
1281 1328 1478 1361 Schneider.

121 1373 165 1406 ad
188 1373 346 1428 Xenoph.
371 1374 507 1406 Hellen.
535 1375 594 1414 IV,
619 1373 651 1415 4,
676 1373 730 1407 21.

153 1438 155 1441 .
192 1419 231 1452 O.
279 1416 415 1452 ουδὲν
439 1419 542 1462 περὶ
566 1417 730 1475 αὐτῶν]
754 1417 842 1452 οὐδὲ
865 1420 946 1452 Vat.
967 1420 1045 1453 Par.
1071 1419 1237 1452 BGFW.

191 1475 300 1506 προς
282 1466 553 1498 απολοῦσιν
587 1463 747 1509 αὐτῶν]
795 1466 855 1498 Sic
886 1465 1004 1498 Clark.
1037 1465 1117 1501 Vat-
1149 1465 1244 1499 Flor.
1273 1476 1308 1503 x.
1362 1464 1479 1510 Vulgo

122 1508 470 1566 προςαπολλόουσιν.

189 1556 233 1588 D.
280 1555 323 1588 οἱ
352 1553 382 1588 δ’
415 1550 470 1588 αὖ
503 1553 551 1613 δι’
583 1553 814 1615 α’πειριάν]
848 1556 884 1589 οἱ
914 1554 943 1589 δ’
978 1550 1043 1589 οὖν
1073 1556 1193 1600 steph.
1224 1566 1307 1590 cum
1335 1556 1415 1590 Par.
1438 1556 1479 1590 E.

121 1667 264 1708 finitam,
286 1667 428 1711 perinde
445 1679 486 1701 ac
509 1669 539 1701 si
558 1669 763 1702 Germanice

832 1667 1054 1711 ἀνθρώπους
1062 1669 1211 1711 additur,
1220 1680 1288 1702 usu
1296 1670 1480 1712 frequenti,

123 1713 238 1746 dicas.
230 1725 238 1732 ·
263 1724 296 1745 es
310 1713 396 1746 habe
412 1713 536 1757 tilchtiq
538 1725 555 1747 e
569 1714 643 1747 und
662 1715 764 1747 hrave

833 1726 934 1757 quem
956 1720 1043 1768 ‚post
1066 1716 1327 1748 Valckenar.
1351 1716 1479 1747 Annot.

122 1726 596 1792 LeutealsStaatsmiinner
582 1771 630 1792 zm
644 1758 765 1793 Staate
833 1761 924 1793 critt.
953 1761 992 1792 in
1021 1761 1088 1794 loc.
1120 1761 1162 1794 N.
1191 1762 1233 1793 Τ.
1263 1770 1297 1803 p.
1320 1760 1398 1795 336.
1430 1765 1479 1794 at-

118 1804 270 1846 ycqeben.
305 1804 401 1837 Infra
423 1815 456 1847 p.
478 1803 558 1840 518.
581 1805 628 1837 Ε.
657 1804 764 1850 ἐγκω-

122 1847 253 1891 μιάζεις
274 1847 506 1891 ἀνθρώπους,
532 1851 572 1883 οἳ
591 1863 622 1883 κ.
646 1863 673 1884 τ.
697 1852 724 1883 2.

168 1940 207 1972 B.
255 1937 552 1980 ὁμοιοτάτους
588 1943 763 1982 προτεί

125 1985 290 2018 νεοθαι
315 2003 358 2010 —-
383 1984 524 2027 ὥςπερ
556 1984 618 2042 ἄν,
638 1986 679 2019 εἰ
701 1986 764 2031 —-]

124 2031 236 2074 Supra
258 2042 291 2074 p.
315 2029 392 2064 479.
416 2031 468 2064 A:
504 2028 540 2064 τὸ
573 2029 658 2065 αὐτὸ
691 2031 764 2064 διιτ-

126 2075 362 2119 πεπραγμένοι
393 2076 480 2114 ει”,οι
515 2075 629 2119 ὥςπερ
662 2075 708 2110 ἄν
731 2078 769 2110 εἴ

125 2133 174 2155 τις
188 2125 259 2156 τοῖς
275 2124 444 2165 μεγίστοις
462 2122 632 2166 νοσήμασι
647 2135 675 2155 κ.
693 2135 717 2155 τ.
736 2124 763 2156 2.

124 2166 209 2198 Ibid.
223 2178 256 2210 p.
270 2165 346 2201 485.
359 2168 406 2200 Β·
426 2165 630 2208 ὁμοιότατον
646 2169 764 2211 πάσχω

126 2211 215 2253 πρὸς
235 2210 317 2246 τοὺς
343 2212 624 2254 φιλοσοφοῦντας
647 2213 762 2256 ὥςπερ

111 2256 214 2299 ’πρὸς
252 2255 332 2292 τούς
370 2258 647 2301 ψελλιζομένους.
691 2261 764 2293 Xe-

123 2302 616 2358 noph.Sympos.1{‚37:
666 2304 765 2345 ὃμοια

122 2346 190 2392 γάρ
215 2360 271 2393 μοι
295 2347 437 2382 δοκοῦσι
460 2348 617 2392 πάσχειν,
648 2350 762 2393 ὥςπερ

113 2393 162 2425 ἡετ
187 2405 235 2428 τις
265 2405 294 2426 κ.
325 2406 351 2426 τ.
383 2394 410 2427 λ.
448 2414 494 2419 -
536 2396 601 2429 De
627 2397 765 2429 Thea-

111 2439 246 2471 ‘rione
278 2439 407 2481 pistore
440 2441 663 2474 celeberrimo
694 2442 762 2475 vid.

124 2485 257 2527 Toup.
290 2485 432 2523 Ε111.111
467 2486 562 2518 Suid.
591 2487 619 2521 I.
649 2498 682 2532 p.
709 2486 764 2521 12.

124 2530 177 2562 De
207 2530 455 2564 Mithaeco
479 2531 699 2574 Syracusano
731 2538 765 2566 et

125 2574 360 2613 Sarambo
397 2575 486 2612 dixit
519 2577 685 2611 navis.
721 2579 766 2612 ad

123 2621 218 2653 Max.
239 2621 326 2664 Tyr.
349 2615 411 2663 IV,
433 2621 466 2655 5.

169 2710 254 2754 Cap.
283 2711 443 2744 LXXIV.
491 2712 530 2745 C.
583 2686 764 2755 παραό1ι.

125 2752 419 2802 ἀνθρώπους]
458 2756 526 2791 Per
554 2763 765 2794 contemtum

831 1807 913 1849 tigit
941 1817 1054 1848 nuper
1082 1808 1187 1839 etiam
1212 1807 1411 1839 Bromius
1435 1807 1479 1839 ad

832 1852 916 1894 Lys.
938 1862 970 1894 p.
992 1850 1071 1886 270.
1114 1852 1278 1885 Proxima
1301 1853 1353 1884 sic
1375 1852 1479 1885 inter-

832 1901 1020 1940 pretamur:
1069 1898 1167 1940 qui,
1207 1898 1244 1930 si
1281 1897 1375 1930 fors
1412 1899 1479 1931 ita

833 1943 972 1983 ferat,
1014 1946 1250 1986 postquam
1288 1954 1479 1986 corpora

833 1988 1059 2021 hominu'in
1106 1988 1224 2021 cibis
1274 1990 1478 2032 potulen-

834 2035 983 2076 tisque
1021 2034 1302 2067 satiaverint
1339 2038 1379 2068 et
1418 2045 1479 2068 sa-

832 2080 1111 2123 ginaverint,
1134 2081 1320 2123 insuper
1343 2082 1477 2113 etiam

833 2126 890 2158 iis
948 2126 1174 2168 pristinas
1224 2126 1479 2169 pessumda-

833 2170 940 2203 bunt
962 2181 1132 2212 carnes,
1155 2171 1250 2204 dum
1269 2172 1478 2205 laudibus

833 2215 886 2249 ab
923 2217 1035 2259 ipsis
1071 2217 1331 2250 efferantur.
1386 2218 1479 2259 Quid

831 2262 916 2294 mali
928 2262 1153 2306 significetur,
1170 2267 1314 2306 apparet
1328 2273 1371 2295 ex
1385 2264 1417 2303 ἓ.
1429 2265 1475 2296 E:

832 2308 884 2340 ὅτι
918 2307 958 2340 δὲ
993 2308 1089 2341 οἰδεῖ
1119 2308 1176 2340 καὶ
1208 2306 1361 2342 &nova-69
1395 2308 1478 2342 ἐστι

823 2353 887 2386 'Ad
925 2351 972 2386 ἄν
1009 2365 1100 2386 ουτω
1137 2352 1285 2395 τύχωσιν
1314 2355 1479 2387 reticetur

833 2397 1057 2442 ποιήσαντες;
1107 2409 1140 2431 V.
1180 2398 1225 2432 ad
1259 2410 1292 2441 p.
1325 2398 1403 2432 514
1434 2401 1475 2435 E.

823 2445 916 2483 *Mox
941 2445 1304 2485 προςαπολοῦσιν
1323 2446 1478 2477 13511111-

833 2499 880 2521 su
889 2499 910 2531 p
920 2501 938 2522 e
945 2501 964 2522 r
984 2491 1235 2532 (praeterquam
1248 2490 1340 2542 quod
1353 2501 1476 2534 corpus

831 2535 922 2567 male
945 2536 1197 2578 saginaverint)
1223 2546 1245 2578 p
1255 2547 1274 2568 e
1282 2546 1298 2568 s
1310 2547 1326 2568 s
1335 2537 1432 2569 umd
1443 2547 1476 2569 a-

831 2580 854 2612 b
864 2591 889 2612 u
899 2584 954 2612 nt.
985 2599 1030 2604 —
1066 2581 1262 2614 Dictionem
1294 2581 1481 2614 αἰτιᾶσθαί

832 2637 884 2658 τιν
886 2637 908 2658 α
931 2626 1045 2659 αἴτιον
1075 2622 1113 2659 εἶ
1113 2639 1167 2659 ναι
1197 2627 1366 2669 exemplis
1396 2627 1476 2660 illu-

820 2675 985 2704 ·strarunt
1019 2672 1254 2705 Heindorf.
1295 2672 1339 2704 ad
1375 2672 1475 2705 h.1.

832 2716 1002 2750 Iacobs.
1023 2709 1139 2750 Addit.
1154 2719 1189 2750 in
1206 2711 1332 2750 Athen.
1347 2728 1379 2759 p.
1398 2717 1475 2751 188.

832 2762 885 2795 cf.
909 2767 1029 2796 nostra
1050 2763 1095 2797 ad
1117 2763 1253 2796 Phileb.
1276 2773 1310 2807 p.
1329 2762 1384 2797 22.
1407 2764 1453 2797 D.
