1702 2924
422 109 668 150 GORGIAS.
697 110 741 149 P.
773 112 866 148 465.
898 112 992 148 466.
1022 109 1082 148 ed.
1114 108 1170 148 St.
1401 109 1477 145 145

121 215 202 262 οὖν
229 218 319 273 ἐμοὶ
347 222 610 274 συγγνώμην
637 216 746 274 ἔχειν
775 217 884 261 ἐστί·
927 216 1128 272 λέγοντος
1153 217 1237 272 γάρ
1264 231 1351 271 μου
1379 216 1480 269 βρα-

120 283 194 339 χέα
221 279 301 326 οὐκ
329 283 571 339 ἐμάνθανες
585 317 597 335 .,
635 285 736 327 οὐδὲ
773 287 958 339 χρῆσθαι
984 290 1036 339 τῇ
1064 283 1288 337 ἀποκρίσει
1327 281 1383 337 ἥν
1412 290 1481 323 σοι

119 351 414 405 ἀπεκρινάμην
441 349 569 393 οὐδὲν
596 345 686 399 οἶός
714 344 746 391 τ’
777 345 921 404 ἦσθα,
967 345 1053 390 ἀλλ’
1084 347 1206 391 ἐδέου
1234 347 1478 403 διηγήσεως.

120 414 196 457 ἐὰν
225 415 304 470 μὲν
332 412 413 458 οὖν
452 414 525 458 καὶ
553 413 636 469 ἐγὼ
673 422 754 458 σοῦ
793 412 1141 468 ἀποκρινομένου
1180 412 1238 468 μὴ
1277 413 1357 469 ἔχω
1387 413 1411 456 ὅ
1439 428 1479 454 τι

120 482 361 535 χρήσωμαι,
400 481 596 523 ἀπότεινε
623 479 696 523 καὶ
723 480 778 522 σὺ
817 481 975 534 λόγον.
1018 479 1094 522 ἐὰν
1133 479 1180 521 δὲ
1208 477 1318 535 ἔχω.
1351 478 1399 521 ἔα
1427 493 1478 533 με
1507 488 1592 530 466

118 550 322 601 χρῆσθαι·
365 547 533 588 δίκαιον
557 546 652 599 γάρ.
690 544 762 588 καὶ
797 549 883 588 νῦν
920 546 1054 600 ταύτῃ
1092 553 1144 601 τῇ
1183 545 1405 599 ἀποκρίσει
1443 543 1482 585 εἴ

118 627 159 653 τι
185 612 289 666 ἔχεις
314 615 515 666 χρῆσθαι,
541 614 642 666 χρῶ.

203 677 778 736 Cap.XXI.11‹zAT15
826 673 908 720 οὖν
947 677 1062 732 qm&
1111 677 1311 719 κολακεία
1360 677 1479 718 δοκεῖ

118 754 186 786 σοι
213 741 324 786 εἶναι
352 744 381 799 ἦ
412 744 637 799 ρητορική,·
688 745 794 785 ΣΩ..
826 742 1066 791 Κολακείας
1106 758 1184 797 μεν
1223 738 1305 784 οὖν
1345 739 1477 796 ε’γωγε

117 807 241 853 εἶπον
278 811 443 865 μόριον.
481 806 568 851 ἀλλ’
609 806 664 851 οὐ
701 808 982 863 μνημονεύεις
1019 810 1269 863 τηλικοῦτος
1308 809 1395 853 ὥν,
1442 809 1476 849 ὡ

116 932 273 966 Indidem
301 942 421 966 rursus
451 930 670 973 ὀψοποιικῶν
700 930 901 974 scripsimus
939 941 1002 974 pro
1032 928 1302 974 ὀψοποιητικῶν.
1358 930 1475 963 Verba

114 975 275 1022 υγιεινῶν
298 978 353 1011 καὶ
378 978 560 1011 Dobraeus
582 977 816 1010 Adversar.1.
841 988 873 1019 Ρ
899 974 978 1010 153.
1002 975 1148 1009 delenda
1172 980 1300 1009 censet.

183 1042 222 1074 E.
257 1039 423 1083 συχνὸν
453 1038 587 1082 λόγον
617 1037 751 1082 tinen]
801 1039 844 1071 V.
875 1035 1012 1081 μακρὸν
1036 1040 1081 1076 λ.,
1115 1038 1207 1080 quod
1240 1037 1371 1071 habent
1394 1039 1472 1071 Par.

114 1087 191 1119 EF.
214 1086 306 1119 Flor.
331 1097 360 1119 e.
383 1087 406 1118 f.
432 1096 460 1119 s.
505 1086 631 1118 Veram
653 1085 837 1119 lectionem
862 1085 932 1116 iam
957 1085 1035 1116 Bas.
1060 1063 1094 1116 2.
1117 1088 1242 1116 tuetur.

184 1146 320 1181 οὐδὲν
343 1144 439 1183 οἶός
463 1145 488 1180 τ’
514 1141 642 1191 ἦσθα]
669 1145 693 1179 τ’
718 1147 824 1190 vulgo
847 1145 1045 1189 neglectum
1069 1155 1148 1178 cum
1173 1145 1291 1179 Clark.
1315 1149 1349 1179 et
1371 1145 1472 1178 Bodl.

118 1193 273 1236 plerique
297 1204 416 1226 omnes
441 1196 590 1227 tuentur.

187 1250 264 1292 ἔχω
296 1247 316 1281 ὅ
349 1261 384 1282 ιι
406 1246 652 1292 χρήσωμαι]
688 1246 858 1291 χρήσομαι
890 1244 994 1280 Coisl.
1020 1247 1108 1280 Ven.
1135 1246 1208 1280 ΞΣ.
1238 1247 1317 1279 Par.
1339 1247 1471 1280 EVW.

116 1294 209 1327 Flor.
233 1294 265 1327 b.
290 1306 325 1327 x.
359 1294 457 1328 Bodl.
482 1293 583 1326 vind.
609 1292 641 1327 7.
664 1295 805 1326 Meerm.
854 1293 921 1326 Sed
944 1293 978 1325 h.
1008 1292 1031 1325 l.
1066 1293 1312 1326 coniunctivus
1335 1296 1474 1336 propter

116 1340 208 1373 istud
232 1338 297 1372 ἐὰν
319 1338 364 1382 μὴ
389 1339 452 1382 ἔχω
475 1340 608 1383 positus
633 1344 693 1372 eet.

117 1435 166 1467 bit
183 1435 370 1467 Hermen
380 1444 459 1467 nus
477 1434 520 1467 ad
535 1434 680 1467 Lucian.
704 1435 759 1467 De

117 1479 350 1513 conscribend.
372 1480 492 1513 histor.
516 1490 549 1523 p.
582 1478 658 1512 112.
705 1480 758 1512 De

872 1433 913 1465 E.
952 1430 1087 1467 αυτὸς
1134 1430 1301 1475 συχνὸν
1340 1431 1472 1477 λόγοι

829 1476 1083 1522 ἀποτέτακα]
1139 1479 1197 1511 Sic
1220 1478 1374 1521 loquitur
1396 1479 1471 1521 phi-

115 1527 344 1569 Anaxagoreo
385 1525 450 1558 hoc
481 1525 571 1558 dicto
600 1525 670 1557 vid.
716 1524 759 1557 ad

114 1570 242 1604 Phaed.
265 1581 299 1614 Ρ.
323 1568 376 1604 72.
401 1570 439 1603 C.

164 1660 215 1693 σὺ
237 1657 317 1704 γὰρ
344 1658 509 1693 τούτων
533 1659 754 1704 ἔμπειρος]

115 1707 235 1739 noeti
263 1706 375 1738 enim
408 1710 454 1738 tu
483 1706 589 1738 haec
620 1716 643 1748 p
654 1706 756 1739 laci-

115 1756 128 1783 t
137 1762 167 1784 a.
236 1750 445 1784 Scholiasta:
487 1748 756 1806 ’Δναξαγόρειος

114 1795 181 1839 γὰρ
202 1790 254 1849 ἦν
276 1799 315 1839 τῇ
336 1795 546 1851 προαιρέσει
575 1794 594 1829 ὁ
621 1796 754 1833 Πῶλος,

116 1839 276 1883 καθάπερ
324 1838 343 1872 o‘
389 1841 542 1885 Γοργίας
589 1839 755 1880 Ἐμπεδό-

115 1888 234 1921 κλειος.
272 1887 345 1919 Ιιιιο
370 1886 475 1918 Polus
498 1886 626 1918 dicitur
648 1888 756 1918 omni-

114 1943 159 1964 uo
182 1932 306 1964 talium
335 1941 448 1963 rerum
479 1941 550 1963 non
578 1932 757 1973 imperitus

115 1987 202 2017 esse,
225 1980 342 2038 utpote
367 1977 516 2019 Gorgiae
541 1977 683 2009 assecla.

161 2063 216 2099 ὥς
240 2065 392 2099 ἐκεῖνο
425 2065 472 2098 ἐν
498 2064 669 2121 σωματι]
708 2076 756 2098 sc.

116 2109 605 2190 §ziffifflsslfflissssgfssitff
609 2123 756 2196 31ρὲᾜὲ

118 2203 248 2239 ποιιάς,
280 2201 321 2233 de
353 2212 420 2244 quo
443 2201 607 2244 loquendi
630 2212 756 2245 genere

115 2257 148 2278 v,
179 2246 220 2278 ad
252 2246 426 2278 Phaedon.
521 2245 576 2280 88.
608 2248 649 2279 Α.
702 2248 756 2279 De

116 2292 200 2333 Rep.
207 2291 233 2323 Ι.
243 2302 274 2333 p.
283 2289 361 2324 353.
385 2292 428 2323 D.
454 2291 588 2324 Deinde
611 2303 655 2324 ne
679 2293 756 2334 quis

114 2334 245 2368 ἄτοπόν
276 2348 303 2368 τι
335 2338 506 2378 πεποιηκα
539 2337 757 2370 scribendum

116 2383 285 2424 opinetur,
307 2391 341 2413 v,
365 2381 590 2415 Heindorf.
614 2382 658 2415 ad
681 2382 713 2414 h.
733 2383 756 2414 1.

116 2431 150 2458 et
166 2425 337 2468 adEuthy
339 2425 426 2458 dem.
439 2424 558 2468 p.391.
573 2427 757 2460 Boeckh.

116 2471 153 2503 in
177 2472 263 2504 Min.
286 2481 320 2514 p.
345 2470 421 2504 112.
439 2436 681 2504 pMatthiae.
714 2471 757 2504 ad

116 2517 233 2559 Eurip.
272 2516 383 2549 Orest.
422 2527 454 2548 v.
490 2514 586 2556 400.‚
633 2517 758 2559 quibus

115 2561 201 2594 adde
225 2565 341 2594 nostra
371 2561 416 2593 ad
439 2561 595 2604 Sympos.
624 2573 656 2604 p.
682 2560 760 2595 175.

117 2607 158 2638 Β.
173 2606 323 2684 &haffn
354 2617 386 2649 Ρ.
411 2605 489 2640 274.
514 2606 553 2639 C.
583 2606 758 2639 Phaedon.

187 2718 259 2744 Plst.
277 2718 350 2750 Opp.
368 2718 431 2745 Vol.
450 2719 486 2744 11.
507 2718 582 2744 sect.
601 2719 625 2744 1.

827 1523 993 1566 Iosephus
1024 1524 1127 1557 etiam
1157 1523 1307 1567 Sophist.
1337 1535 1370 1567 Ρ.
1393 1523 1471 1557 217.

825 1570 876 1601 D:
901 1568 1100 1601 ἐκτείναντα
1115 1566 1353 1612 ἀπομηκύνειν
1366 1568 1471 1613 λόγον

827 1612 974 1656 συχνόν,
998 1618 1033 1647 et
1055 1615 1146 1647 infra
1168 1625 1201 1657 Ρ.
1225 1614 1304 1648 519.
1327 1616 1367 1648 E.
1391 1616 1471 1648 Fre-

824 1660 985 1702 quentius
1031 1664 1083 1692 est
1126 1657 1327 1694 ἀποτείνειν
1365 1659 1470 1704 λόγον

824 1703 970 1747 μακρόν.
1031 1705 1210 1760 Protagor.
1243 1716 1276 1748 p.
1306 1703 1383 1740 361.
1418 1706 1468 1738 A:

825 1748 893 1793 ε’γω
917 1762 952 1783 τε
975 1749 1031 1782 καὶ
1052 1748 1094 1782 σὺ
1111 1749 1248 1793 μακρὸν
1265 1748 1370 1793 λόγον
1390 1749 1468 1783 ἐκά-

825 1806 923 1837 τερος
948 1793 1186 1835 ἀπετείναμεν.
1223 1795 1311 1828 Ibid.
1334 1806 1367 1838 p.
1390 1794 1467 1829 335.

825 1840 874 1873 C:
916 1845 1125 1881 παραμεῖναι
1155 1838 1373 1873 ἇποιεινοντι
1407 1852 1469 1879 μα-

825 1885 935 1927 κροὺς
964 1883 1098 1928 λόγους.
1160 1886 1213 1917 De
1250 1885 1398 1928 Republ.
1436 1897 1469 1928 p.

824 1930 901 1964 605.
934 1931 976 1962 D.
1031 1931 1138 1963 Plura.
1177 1930 1308 1963 dabunt
1347 1932 1468 1963 Hem-

825 1975 1012 2008 sterhus.
1052 1975 1095 2008 ad
1125 1976 1269 2008 Luciam.
1303 1977 1343 2008 Τ.
1377 1977 1404 2008 Ι.
1435 1987 1468 2018 p.

825 2019 903 2054 459.
936 2020 986 2053 ed.
1013 2021 1089 2063 Bip.
1122 2027 1156 2053 et
1187 2022 1392 2054 Boisson.
1425 2021 1468 2054 ad

825 2065 986 2098 Philostr.
1011 2066 1147 2099 Heroic.
1177 2077 1209 2109 p.
1235 2066 1313 2100 645.

869 2156 1064 2199 χρῆσθαι
1116 2159 1160 2198 τῇ
1214 2154 1466 2198 ἀποκρίσει]

826 2202 870 2233 H.
894 2213 924 2234 e.
956 2201 1209 2241 nesciebas,
1243 2202 1347 2244 quid
1379 2213 1468 2234 mea

825 2247 1120 2289 responsione
1144 2247 1325 2279 faceres.

872 2336 955 2379 Cap.
987 2337 1082 2369 XXI.
1123 2337 1161 2368 Ρ.
1192 2334 1270 2369 466.

827 2384 953 2415 nefas·
977 2381 1056 2421 μὲι
1081 2376 1131 2414 οὗ
1140 2393 1159 2412 ν
1184 2381 1332 2424 ἔγωγε]
1380 2382 1468 2414 Ιιιιο

827 2437 905 2469 ego
959 2426 1135 2468 quidem
1189 2426 1468 2460 adulationis

826 2471 1100 2514 particulam
1138 2471 1245 2503 dixi.
1311 2472 1364 2504 De
1402 2472 1468 2504 hae

827 2516 1079 2560 significatione
1095 2516 1298 2548 vocularum
1322 2516 1387 2556 μὲν
1403 2511 1470 2549 οὖν

827 2573 860 2594 v.
857 2544 929 2594 ead
953 2561 1110 2603 Sympos.
1140 2571 1172 2603 Ρ.
1196 2559 1272 2595 201.
1299 2562 1337 2594 C.
1370 2566 1402 2593 et
1426 2561 1471 2594 ad

828 2607 960 2639 Criton.
1009 2605 1095 2639 .44.
1120 2607 1156 2638 B.
1189 2612 1223 2639 et
1254 2607 1345 2639 conf.
1380 2607 1471 2638 infra

827 2663 859 2694 p.
883 2650 960 2684 466.
987 2652 1026 2683 E.
1050 2649 1127 2685 470.
1152 2652 1191 2684 B.

1161 2717 1204 2751 10

1335 2336 1467 2369 Κολα-
