1696 2976
1218 0 1233 12 ν-
1271 0 1318 18 «.,f
1332 0 1428 21 try-‘2
1440 0 1599 23 ·,'**‘‹'*‘:‘-'‘⁷1}*,‘
1611 0 1696 81 Ἢ

1401 43 1406 54 :
1475 43 1499 54 ι.
1618 41 1623 47 .

193 126 248 169 62
738 128 1039 166 PLATONIS

141 248 168 279 B
193 242 297 290 κτὸν
321 241 455 299 εἶναι,
480 242 549 287 σοὶ
567 241 615 286 δὲ
634 242 802 299 λέγοντι
825 239 906 288 οὐκ
916 246 1000 301 ἔχω
1024 239 1142 295 ὅπως
1165 239 1236 301 ἄρ’
1265 240 1444 288 ἀπιστῶ.
1471 239 1593 289 ὅθεν.

194 311 242 356 δὲ
266 308 370 355 αὐτὸ
381 306 627 367 ἡγοῦμαιού
639 307 845 356 διδακτὸν
869 308 996 366 εἶναι,
1019 306 1121 368 μηδ’
1135 306 1212 354 ὑπ’
1222 306 1476 367 ἀνθρώπων
1497 327 1582 354 πα-

187 373 773 436 ρασκευαστὸνᾶνθρώποις,
783 374 948 430 δίκαιός
973 381 1059 434 εἰμι
1084 380 1236 422 εἰπεῖν.
1262 373 1346 433 ἐγώ
1362 374 1582 433 γάρἈθη-

192 450 366 497 ναίους,
401 440 546 500 ὥσπερ
580 444 653 487 καὶ
675 446 721 488 οἱ
741 441 863 489 ἄλλοι
874 440 1101 501 Ἕλληνες,
1132 444 1243 501 φημὶ
1267 441 1430 501 σοφοὺς
1455 442 1579 488 εἶναι.

193 509 280 569 ὁρῶ
312 503 414 567 οὖν,
447 506 553 554 ὅταν
586 513 866 568 συλλεγῶμεν
897 515 958 564 εἰς
997 510 1077 568 τὴν
1109 512 1363 568 ἐκκλησίαν,
1403 508 1582 555 ἐπειδᾶν

192 578 273 636 μὲν
296 579 396 635 περὶ
427 579 676 635 οἰκοδομίας
707 596 748 622 τι
772 579 849 636 δέῃ
874 579 1032 635 πρᾶξαι
1055 576 1135 635 τὴν
1158 576 1310 634 πόλιν,
1340 575 1440 629 τοὺς
1464 580 1581 622 οἰκο-

194 643 354 703 δόμους
377 645 788 703 μεταπεμπομένους
812 643 1087 702 συμβούλους
1111 646 1210 703 περὶ
1240 646 1328 690 τῶν
1351 647 1582 702 οἰκοδομη-

192 710 363 770 μάτων,
404 709 509 757 ὅταν
541 711 589 756 δὲ
619 712 719 770 περὶ
750 716 1017 769 ναυπηγίας,
1058 710 1157 764 τοὺς
1189 709 1460 769 ναυπηγούς·
1509 711 1581 756 καὶ

140 782 167 815 C
193 772 327 824 τᾶλλα
350 776 491 842 πάντα
514 774 673 835 οὕτως,
705 775 787 823 ὅσα
809 776 1017 836 ἡγοῦνται
1039 777 1214 837 μαθητά
1236 797 1282 824 τε
1305 779 1377 824 καὶ
1402 774 1582 823 διδακτοὶ

195 846 318 892 εἶναι.
353 844 429 892 ἐὰν
453 846 505 890 δέ
524 864 587 898 τις
618 843 746 899 ἄλλος
772 847 964 905 ἐπιχειρῇ
988 844 1134 900 αὐτοῖς
1165 843 1500 904 συμβουλεύειν,
1530 842 1583 890 ὃν

195 915 352 959 ἐκεῖνοι
383 911 442 971 μὴ
474 918 639 957 οἴονται
672 913 939 971 δημιουργὸν
974 913 1107 970 εἶναι,
1140 909 1222 958 κᾶν
1253 911 1371 958 πάνυ
1402 903 1584 971 καλόςῇ

131 1003 139 1018 ι
194 982 267 1026 καὶ
291 978 498 1032 πλούσιος
522 980 594 1024 καὶ
618 981 705 1024 τῶν
729 985 967 1037 γενναίων,
999 978 1131 1026 οὐδέν
1162 999 1203 1025 τι
1224 982 1390 1038 μᾶλλον
1421 977 1581 1024 ἀποδέ-

193 1066 356 1106 χονται,
381 1044 492 1091 ἀλλὰ
517 1049 785 1104 καταγελῶσι
809 1048 881 1092 καὶ
905 1050 1195 1106 θορυβοῦσιν,
1219 1049 1299 1101 ἕως
1323 1043 1379 1092 ἄν
1402 1043 1429 1104 ἢ
1453 1043 1582 1098 αὐτὸς

192 1113 358 1173 ἀποστῇ
389 1111 412 1159 ὁ
437 1114 667 1173 ἐπιχειρῶν
690 1115 835 1171 λέγειν
858 1118 1261 1172 καταθορυβηθείς,
1294 1110 1321 1171 ἢ
1345 1117 1390 1159 οἱ
1416 1111 1582 1167 τοξόται

281 1279 322 1314 Β,
349 1271 466 1317 ὅπως
497 1271 568 1320 ἄρ’
589 1272 790 1322 ἀπιστῶ]
825 1278 895 1311 Pro
918 1270 943 1311 ἆ
970 1272 981 1287 ’
1006 1278 1105 1312 codd.
1131 1281 1167 1311 et
1190 1280 1261 1313 vet.
1279 1277 1363 1312 edit.
1382 1286 1504 1310 omnes
1520 1270 1580 1318 ἄν,

163 1337 165 1340 ·
192 1323 285 1366 quod
301 1323 458 1356 Bekker.
477 1323 649 1361 servavit,
673 1327 811 1358 recent.
835 1323 921 1358 edit.
943 1290 1013 1358 gel.
1063 1322 1203 1356 Deinde
1227 1333 1261 1357 v.
1285 1317 1450 1366 ἡγοῦμαι
1474 1315 1581 1354 αὐτό.

191 1369 340 1402 lnverso
358 1367 480 1401 ordine
499 1367 601 1403 codd.
620 1368 697 1400 fere
714 1378 848 1403 omnes·

279 1423 319 1459 O.
343 1418 533 1467 μαθητοὶ
564 1433 610 1456 τε
631 1421 711 1456 καὶ
734 1421 786 1466 6.]
818 1423 898 1457 Ald.
917 1424 1002 1458 Bas.
1021 1426 1053 1458 2.
1077 1423 1178 1458 codd.
1201 1422 1303 1460 Bodl.
1328 1423 1411 1457 Vat.
1428 1422 1520 1456 Ven.
1536 1421 1580 1456 Σ.

189 1469 286 1504 Flor.
304 1480 335 1502 a.
355 1479 386 1503 c.
405 1468 451 1502 al.
476 1463 688 1511 μαθήματά
704 1478 756 1510 τε,
775 1478 893 1502 errore
910 1469 1119 1502 manifesto.

235 1613 326 1657 Cap.
355 1614 399 1648 X.
429 1614 469 1645 B.
503 1607 620 1651 ὅπως
648 1605 718 1655 ἄρ’
749 1607 856 1645 οἷπι-

190 1657 292 1703 στῶ]
327 1659 421 1691 ‘Non
437 1661 650 1701 putaveram
677 1657 714 1689 id
736 1657 855 1690 doceri

189 1714 310 1747 posse,
326 1704 395 1736 tibi
409 1713 496 1736 vero
514 1702 713 1735 affirmanti
728 1703 854 1734 nescio

189 1759 260 1791 quo
284 1747 426 1781 tandem
449 1747 553 1780 modo
575 1746 680 1779 fidem
702 1757 773 1779 non
790 1747 854 1779 ha-

188 1795 320 1828 beam’.
360 1786 422 1834 ἄν,
446 1792 538 1834 quod
556 1801 678 1825 omnes
710 1791 855 1824 codices

189 1838 344 1880 habent,
377 1847 485 1879 quum
517 1836 615 1869 nullo
643 1835 745 1869 modo
768 1836 856 1869 ferri

189 1883 323 1925 possit,
353 1882 510 1915 editores
538 1881 701 1924 plerique
731 1890 854 1914 omnes

924 1608 1022 1646 εἶναι
1056 1607 1239 1651 τοιούτοις
1277 1606 1454 1655 χρώμεθα
1491 1619 1581 1653 συμ-

923 1654 1072 1701 βούλοις
1090 1651 1163 1691 κτὲ.

966 1700 1069 1745 περὶ
1088 1694 1579 1743 τῶνοίκοδομημοὶτων]

922 1748 1027 1780 Haec
1050 1746 1219 1780 Socrates
1242 1745 1397 1786 addidit,
1422 1748 1462 1777 ut
1484 1743 1582 1777 aedi-

922 1792 1089 1825 ficatores
1105 1791 1148 1824 de
1163 1791 1254 1834 ipsis
1264 1789 1440 1823 aedificiis
1447 1798 1583 1822 eorum-

922 1847 991 1879 que
1019 1837 1173 1869 materia
1206 1834 1345 1869 consuli
1367 1833 1582 1872 declararet,

921 1892 993 1915 non
1031 1881 1075 1914 de
1114 1880 1338 1913 necessitate
1353 1903 1362 1919 ,
1409 1878 1582 1915 utilitate,

189 1926 647 1968 autuncinisincluseruffi,
665 1929 728 1958 aut
744 1926 853 1968 plane

190 1974 388 2013 eiecerunt,
405 1981 469 2004 nos
477 1971 694 2003 mutavimus
711 1972 748 2003 in
765 1963 852 2012 ἄρα,

189 2027 283 2059 quae
306 2016 489 2058 particula
511 2016 658 2058 saepius
681 2017 734 2048 sic
751 2015 853 2058 poni-

188 2064 264 2103 tur,
292 2064 332 2093 ut
361 2061 472 2103 Hipp.
501 2060 527 2093 1.
556 2071 589 2102 p.
613 2061 677 2092 297
701 2060 749 2092 E:
781 2052 853 2111 ’ἄρα

188 2100 271 2148 γάρ,
291 2102 441 2156 εἰτοζζτο
453 2106 596 2155 φμῖμεν
610 2099 708 2138 εἶναι
722 2105 851 2146 καλον,

187 2149 265 2189 πῶς
300 2161 336 2183 τι
373 2144 434 2191 αρ’
474 2159 522 2182 αν
553 2143 852 2192 ἅγωνιζοίμεθας

187 2195 342 2228 Phaedr.
359 2205 392 2237 p.
410 2195 476 2227 228
499 2194 544 2225 D.
591 2193 726 2225 Eodem
749 2193 851 2226 modo

188 2231 257 2273 οὖν
298 2240 336 2271 in
383 2238 668 2280 interrogatione
705 2237 852 2270 aliunde

187 2295 364 2327 suspensa
387 2284 541 2316 infertur
571 2282 666 2315 infra
695 2293 730 2324 p.
744 2284 808 2315 322
826 2283 854 2314 Β

189 2332 232 2380 et³
243 2329 362 2372 Symp.
381 2329 446 2360 219
463 2329 515 2360 D:
533 2320 625 2361 ὥστε
642 2319 735 2360 οὔθ’
754 2320 855 2365 ὅπως

187 2383 257 2406 ουν
293 2367 508 2416 ὀργιζοίμην
545 2368 647 2415 εἶχον
679 2397 686 2405 .
713 2396 721 2405 .
760 2365 854 2404 οὔθ’

187 2411 288 2456 ὅπως
305 2417 625 2471 προσαγαγοίμην.

190 2457 854 2548 Ρῑὲἔῖδοιῗῗκ.Ἥῗὲἴαῖῗῖἕῖαὲάῖ

190 2561 232 2585 σο
266 2549 303 2584 οὶ
341 2546 456 2585 κατὰ
494 2545 680 2592 δαίμον’
717 2542 853 2592 ἄνδρες

190 2592 230 2640 ἔγ
253 2606 374 2630 νοντο.

235 2635 384 2683 ὥσπερ
405 2637 484 2673 καὶ
508 2635 552 2672 οἷ
573 2631 849 2681 ἄλλοι”Ελλ.]

190 2686 261 2721 Int.
274 2684 374 2728 φασί
378 2698 388 2728 ;
406 2683 603 2728 ipsi1autem
612 2683 855 2717 Athenienses

191 2731 286 2763 hane
322 2729 466 2764 laudem
503 2730 573 2762 sibi
604 2728 853 2761 vindicabant·

190 2776 302 2808 Isoer.
321 2775 420 2808 VIII.
438 2775 499 2807 52:
522 2767 853 2815 προσποιούμε-

191 2831 263 2853 νοι
281 2816 324 2854 δὲ
341 2814 553 2862 σοφώτατοι
576 2818 650 2851 τῶν
665 2811 855 2860 Ἑλλήνων

921 1925 1169 1969 magnitudine
1180 1937 1188 1965 ς
1214 1924 1308 1967 quod
1332 1923 1402 1956 nisi
1418 1923 1582 1963 fecisset,

920 1973 1033 2004 totam
1040 1970 1260 2004 sententiam
1267 1969 1486 2010 Protagoras
1495 1967 1584 1999 Gor·

919 2014 1176 2101 5323053253„
1187 2012 1583 2099 3252235530533¹¹3222

920 2103 985 2139 καὶ
1003 2099 1048 2138 τὰ
1066 2103 1169 2146 τείχη
1193 2098 1238 2136 τὰ
1253 2097 1462 2144 Ἀθηναίων
1477 2098 1541 2133 καὶ
1559 2094 1582 2142 ἡ

921 2149 994 2183 τῶν
1022 2145 1181 2191 λιμένων
1213 2139 1425 2187 κατασκευὴ
1450 2139 1490 2178 ἐκ
1518 2144 1584 2187 τῆς

921 2189 1214 2236 Θεμιστοκλέους
1220 2189 1432 2233 συμβουλῆς
1440 2187 1584 2241 γέγονε,

921 2234 967 2271 τὰ
992 2232 1032 2270 δ’
1057 2231 1096 2271 ἐκ
1121 2236 1190 2279 τῆς
1213 2232 1439 2278 Περικλέους
1449 2259 1459 2275 ,
1484 2228 1509 2266 ἅ
1518 2234 1537 2266 λ
1546 2233 1565 2266 λ

924 2277 1005 2316 οὐκ
1023 2276 1068 2315 ἐκ
1087 2281 1172 2315 τῶν
1188 2277 1499 2330 δημιουργῶν,
1540 2316 1548 2327 ἱ

970 2326 1011 2361 C.
1086 2322 1131 2359 οἱ
1196 2320 1382 2366 τοξόται
1442 2332 1582 2355 αυτυν

923 2366 946 2404 οἱ
957 2382 985 2414 φ
995 2382 1010 2404 ε
1021 2368 1098 2415 λκ.]
1132 2371 1283 2404 Factum
1298 2379 1377 2403 esse
1391 2365 1582 2407 interdum,

922 2420 963 2449 ut
990 2416 1079 2449 mali
1116 2419 1279 2448 oratores
1305 2422 1369 2457 per
1400 2411 1583 2444 ministros

923 2461 1088 2503 publicos
1097 2485 1106 2502 ,
1134 2460 1197 2502 qui
1219 2459 1265 2492 ab
1291 2456 1446 2491 arcubus
1455 2480 1464 2494 ,
1493 2465 1582 2497 quos

923 2505 1132 2547 gestabant,
1149 2498 1311 2545 τοξόται,
1324 2512 1346 2535 a
1354 2501 1474 2544 patria
1483 2494 1582 2533 Σκύ-

923 2550 996 2583 θαι
1005 2549 1183 2593 appellati
1189 2551 1285 2586 sunt,
1298 2557 1321 2579 a
1329 2548 1502 2588 suggestu
1510 2555 1581 2576 mo-

920 2597 1090 2627 verentur
1097 2596 1134 2627 et
1149 2604 1169 2626 e
1185 2590 1419 2636 populiturba
1429 2587 1582 2622 abduce-

923 2642 1058 2679 rentur,
1074 2636 1238 2672 docuitH
1247 2646 1266 2668 e
1275 2634 1400 2668 indor
1409 2634 1498 2666 sius
1510 2631 1581 2665 eol-

922 2683 1011 2716 latis
1032 2683 1124 2716 loeis
1146 2682 1177 2715 A
1185 2681 1295 2714 risto
1304 2690 1326 2722 p
1335 2679 1369 2711 h.
1393 2678 1530 2720 Equitt.
1546 2687 1580 2710 v.

922 2729 998 2762 665.
1016 2727 1220 2760 Ecclesia.
1236 2735 1270 2758 v.
1288 2725 1364 2757 258.
1389 2723 1419 2755 X
1429 2733 1447 2755 e
1456 2733 1507 2755 no
1517 2720 1582 2764 ph.

925 2772 1029 2805 Mem.
1038 2772 1139 2814 111,6‚
1150 2772 1180 2804 l.
1190 2769 1305 2803 Stallb.
1315 2765 1581 2802 Conf.Boeckh.

924 2817 979 2849 De
998 2816 1133 2850 Oecon.
1150 2815 1227 2848 Διὶ.
1243 2814 1270 2847 Ι.
1288 2823 1322 2855 p.
1340 2814 1403 2845 291
1421 2821 1475 2853 sq.
