1722 2964
459 89 876 129 PROTAGORAS.
913 91 957 128 P.
979 93 1060 127 353.
1089 90 1175 129 s'r.
1450 85 1533 129 155

106 206 148 255 δ’
178 205 286 267 ἐγώ,
328 206 448 253 εἶναί
474 223 517 252 τι
545 203 654 264 ἡμῖν
691 206 819 252 τοῦτο
852 201 962 265 πρὸς
999 202 1047 250 τὸ
1080 205 1278 263 ἐξευρεῖν
1307 204 1411 263 περὶ
1440 199 1532 264 ζᾶν-

105 281 271 334 δρείας,
295 273 405 334 πρὸς
427 266 565 320 τᾶλλα
587 270 719 332 μόρια
741 270 795 318 τὰ
813 274 889 332 τῆς
913 270 1070 331 ἀρετῆς
1094 274 1188 325 πῶς
1211 269 1307 318 ποτ’
1338 276 1440 329 ἔχει.
1490 274 1532 317 εἰ

103 338 186 391 οὖν
217 358 287 390 σοι
311 346 438 388 δοκεῖ
467 342 672 400 ἐμμένειν
694 337 760 394 οἷς
791 337 891 400 ἄρτι
915 343 1067 394 ἔδοξεν
1090 338 1197 399 ἡμῖν
1207 375 1220 398 ,
1255 338 1330 398 ἐμὲ
1359 337 1531 398 ἡγήσα-

105 420 230 470 σθαι,
254 404 282 471 ᾗ
306 409 428 469 οἶμαι
451 406 508 455 ἂν
526 413 664 468 ἔγωγε
687 406 900 454 κάλλιστα
917 406 1117 468 φανερὸν
1139 409 1369 466 γενέσθαι,
1394 408 1527 452 ἕπου·

105 485 148 527 εἰ
169 480 219 526 δὲ
242 476 301 537 μὴ
326 476 500 536 βούλει,
543 483 587 523 εἴ
613 490 684 523 σοι
713 480 870 534 φίλον,
914 478 970 522 ἐῶ
1002 480 1186 536 χαίρειν.
1246 473 1385 534 Ἀλλ’,
1428 479 1531 533 ἔφη,

103 546 250 608 ὀρθῶς
275 547 436 604 λέγεις·
474 546 548 590 καὶ
572 546 776 604 πέραινε,
802 540 950 603 ὥσπερ
975 542 1105 603 ἤρξω.

241 613 345 673 Cap.
374 611 578 659 XXXVI.
628 610 776 659 Πάλιν
797 615 976 669 τοίνυν,
1010 616 1124 670 ἔφην
1149 609 1260 670 ἐγώ,
1294 615 1336 657 εἰ
1359 615 1531 671 ἔροιντο

102 681 239 742 ἡμᾶς,
280 686 338 729 Τί
365 676 446 728 οὖν
476 699 588 739 φατε
618 682 746 726 τοῦτο
778 679 914 737 εἶναι,
946 677 970 725 ὃ
995 677 1120 739 ἡμεῖς
1151 677 1266 737 ἥττω
1298 678 1414 725 εἶναι
1437 679 1529 724 τῶν
1553 691 1583 725 G

102 749 281 809 ἡδονῶν
321 751 549 809 ἐλέγομεν;
597 745 759 806 εἴποιμ’
796 744 852 793 ἂν
894 752 1033 806 ἔγωγε
1072 746 1181 807 πρὸς
1221 744 1382 800 αὐτοὺς
1424 744 1530 791 ὡδί·

94 816 298 865 Ἀκούετε
323 816 400 877 δή·
433 814 740 876 πειρασόμεθα
764 814 848 874 γὰρ
873 813 982 874 ὑμῖν
1007 813 1094 873 ἐγώ
1116 834 1164 861 τε
1188 816 1263 860 καὶ
1286 811 1534 874 Πρωταγό-

99 905 180 944 ρας
203 884 383 945 φράσαι.
444 882 552 930 ἄλλο
575 901 617 929 τι
640 881 747 943 γάρ,
782 876 816 928 ὦ
841 881 1077 942 ἄνθρωποι
1091 918 1104 940 ,
1136 882 1249 941 φατὲ
1271 881 1381 941 ὑμῖν
1403 884 1533 927 τοῦτο

98 958 338 1012 γίγνεσθαι
362 955 411 998 ἐν
434 955 606 1007 τοῖσδε;
639 948 736 997 οἷον
767 950 978 1004 πολλάκις
1002 948 1089 996 ὑπὸ
1114 955 1252 996 σίτων
1285 951 1360 995 καὶ
1384 951 1535 995 ποτῶν

99 1022 175 1067 καὶ
205 1019 485 1080 ἀφροδισίων
508 1017 799 1079 κρατούμενοι
823 1017 970 1076 ἡδέων
994 1017 1161 1076 ὄντων,
1194 1016 1534 1076 γιγνώσκοντες,

98 1087 166 1135 ὅτι
196 1086 370 1147 πονηρά
402 1090 545 1145 ἐστιν,
578 1085 694 1145 ὅμως
726 1085 838 1132 αὐτὰ
869 1084 1101 1145 πράττεινς
1136 1092 1278 1132 Φαῖεν
1309 1083 1377 1132 ἄν.
1441 1082 1537 1131 Οὖ-

100 1158 212 1202 κοῦν
242 1153 438 1215 ἐροίμεθ’
476 1152 533 1201 ἂν
564 1153 725 1208 αὐτοὺς
759 1151 844 1212 ἐγώ
876 1173 925 1200 τε
956 1155 1033 1199 καὶ
1057 1151 1113 1199 σύ
1146 1152 1305 1211 πάλιν,
1345 1151 1536 1213 Πονηρά

102 1224 152 1269 δὲ
176 1221 287 1269 αὐτὰ
311 1226 372 1283 πῇ
396 1241 508 1281 φατε
533 1222 670 1278 εἷναι;
694 1220 883 1281 πότερον
905 1220 973 1268 ὅτι
995 1220 1078 1280 τὴν
1100 1219 1270 1279 ἡδονὴν
1293 1219 1461 1279 ταύτην
1485 1223 1536 1266 ἐν
1558 1234 1594 1267 D

99 1293 162 1352 τῷ
193 1293 459 1351 παραχρῆμα
489 1292 671 1350 παρέχει
702 1291 777 1335 καὶ
807 1287 897 1348 ἡδύ
928 1292 1049 1336 ἐστιν
1081 1291 1269 1335 ἕκαστον
1300 1286 1474 1346 αὐτῶν,
1506 1285 1536 1347 ἢ

101 1357 168 1405 ὅτι
194 1363 257 1412 εἰς
279 1357 358 1404 τὸν
379 1356 572 1418 ὕστερον
595 1354 758 1417 χρόνον
779 1356 941 1411 νόσους
965 1376 1013 1403 τε
1037 1368 1156 1403 ποιεῖ
1178 1358 1253 1403 καὶ
1277 1361 1434 1411 πενίας
1459 1357 1537 1402 καὶ

102 1425 215 1472 ἄλλα
237 1429 419 1472 τοιαῦτα
441 1423 583 1471 πολλὰ
606 1423 950 1485 παρασκευάζει;
983 1422 1011 1483 ἢ
1036 1422 1121 1471 κᾶν
1146 1432 1191 1471 εἴ
1208 1443 1250 1471 τι
1274 1423 1446 1471 τούτων
1470 1428 1536 1478 εἰς

101 1493 150 1540 τὸ
179 1493 369 1554 ὕστερον
402 1493 544 1552 μηδὲν
574 1491 922 1553 παρασκευάζει,
955 1499 1128 1553 χαίρειν
1153 1493 1204 1538 δὲ·
1226 1491 1368 1551 μόνον
1398 1502 1536 1550 ποιεῖ,

193 1602 281 1645 Cap.
305 1602 473 1638 XXXVI.
513 1602 554 1635 Ρ.
571 1603 648 1636 353.
684 1601 723 1634 c.
761 1601 819 1635 Τί
837 1592 919 1636 οὖν
943 1601 1062 1645 φζατε
1085 1600 1136 1646 a]
1162 1603 1234 1635 Pro
1258 1602 1300 1636 τί
1320 1601 1425 1634 Βοᾱι.
1449 1601 1536 1634 vat.

99 1649 186 1682 Par.
204 1648 232 1680 B
245 1648 322 1680 ΟΕ.
341 1648 410 1680 alii
426 1648 565 1681 habent
582 1644 650 1681 ἔτι.
683 1647 827 1681 Deinde
844 1658 909 1691 pro
928 1642 970 1681 ἐν
986 1646 1115 1681 τοῖσδε
1131 1647 1216 1681 vide
1233 1658 1280 1681 ne
1298 1647 1538 1681 scribendum

102 1694 152 1727 sit
169 1688 211 1727 ἐν
227 1691 407 1727 τοιοῖσδε.

193 1739 239 1770 D.
278 1730 303 1781 ἢ
333 1730 420 1771 κᾶν
453 1736 498 1771 εἴ
523 1749 566 1771 τι
597 1733 774 1771 τούτων
804 1749 838 1770 κ.
865 1748 896 1770 τ.
925 1736 974 1782 λ.]
1011 1737 1186 1780 Stephan.
1211 1737 1330 1770 dedit:
1353 1732 1379 1780 ἢ
1403 1730 1478 1771 κᾶν
1501 1735 1542 1770 εἴ

103 1795 141 1817 τι
164 1777 310 1816 τούτων
343 1779 396 1821 εἰς
429 1778 471 1816 τὸ
505 1776 664 1826 ὕστερον
696 1778 817 1826 μηδὲν
849 1778 1140 1827 παρασκευάζῃ,
1178 1783 1331 1837 χαίρειν
1366 1777 1407 1815 δ’
1433 1776 1536 1825 ὅμως

102 1831 226 1869 ποιεῖς
267 1823 308 1860 τὸ
340 1823 379 1860 δ’
403 1822 623 1870 ἁμαρτόντα
654 1827 804 1871 χαίρειν
832 1827 900 1861 τοῦ
929 1827 1051 1861 κακοῦ
1075 1839 1191 1871 ποινη
1224 1827 1283 1871 εἴη
1308 1821 1378 1869 ἄνς
1418 1827 1536 1860 Editt.

102 1873 184 1906 Ald.
214 1876 252 1906 et
279 1874 405 1906 Bass.:
437 1866 462 1915 ἢ
491 1865 566 1906 κᾶν
596 1871 635 1906 εἴ
659 1884 694 1905 τι
724 1867 869 1906 τούτων
904 1870 958 1912 εἰς
988 1868 1028 1906 τὰ
1067 1867 1227 1914 ὕστερον
1256 1869 1380 1925 μηδὲν
1410 1883 1538 1916 παρα-

103 1913 298 1960 σκευάζει,
332 1917 480 1961 χαίρειν
511 1914 554 1951 δὲ
584 1912 702 1960 μόνον
730 1920 852 1960 ποιεῖ,
894 1911 995 1961 ὅμως
1023 1912 1062 1951 δ’
1089 1911 1137 1951 ἂν
1169 1929 1271 1952 κακα
1301 1910 1344 1961 ἦ,
1379 1911 1439 1951 ὅτι
1462 1928 1539 1961 μα-

102 1958 230 1997 θόντα
247 1962 394 2006 χαίρειν
411 1965 519 1996 ποιεῖ
531 1961 598 1996 καὶ
615 1956 691 2006 ὅπη
709 1953 797 2005 οὗν;
821 1963 1033 2006 Eodemque
1051 1963 1156 1997 modo
1173 1963 1268 1997 haec
1284 1963 1401 1997 verba
1418 1964 1457 1996 in
1475 1973 1536 1996 co-

104 2052 162 2085 Ad
174 2049 337 2096 τύχωσιν
351 2053 471 2086 intell.
487 2049 671 2096 λέγοντες,
692 2052 782 2085 Crit.

313 2090 333 2104 P!

419 2090 438 2105 Ἃ
522 2094 531 2105 Ι
721 2097 736 2104 ⁴
854 2053 1024 2094 Quodsi
1065 2054 1208 2097 igitur
1247 2053 1335 2087 tibi
1374 2053 1538 2096 placet

105 2109 139 2141 p.
163 2099 208 2130 45
226 2099 278 2130 D:
310 2109 328 2132 ο
355 2109 390 2131 τι
412 2109 459 2132 αν
485 2107 644 2142 τυχωσι,
670 2108 782 2131 τουτο

852 2099 896 2131 in
936 2099 994 2132 iis
1035 2102 1158 2132 stare
1199 2109 1228 2132 s.
1270 2109 1321 2132 ea
1354 2101 1536 2139 tenere,

104 2138 303 2221 ggdgoym'
315 2143 431 2196 WIbidq³
448 2154 483 2186 p.
501 2144 546 2195 44
562 2143 611 2175 E:
628 2142 783 2220 nostoficn

105 2243 152 2283 p„
167 2197 633 2277 {gfvg’fggg‘yvdg’gffi
665 2199 783 2266 3⁰⁰5»

106 2289 212 2321 τυχῃ.
232 2276 351 2311 Stallb.
384 2279 491 2311 Plato
507 2279 587 2322 ipse
606 2279 652 2311 ab
670 2278 784 2311 Athe-

105 2333 200 2355 naeo
220 2322 269 2365 (p.
287 2324 353 2356 217
372 2322 436 2365 C),
455 2333 526 2365 quo
542 2334 648 2356 nemo
665 2324 784 2366 magis

107 2377 152 2400 ac
173 2368 318 2410 turpius
340 2367 436 2400 hunc
457 2368 715 2411 philosophum
731 2370 787 2401 vi-

106 2413 314 2455 tuperavit,
339 2413 438 2446 nullo
462 2413 599 2446 iudicio
623 2415 786 2456 interpo-

107 2458 179 2491 sito
213 2458 405 2500 scripsisse
439 2458 574 2490 dicitur
605 2451 687 2491 ὄττι
719 2469 787 2492 κεν

108 2496 168 2535 ἐπ’
186 2496 396 2546 ἀκαιρίμαν
414 2502 586 2547 γλῶτταν
604 2499 687 2546 ἔλθ’Δ
704 2529 711 2536 .

155 2543 320 2590 Οἶιιαι,
354 2538 411 2591 ἦν
446 2542 486 2581 δ’
519 2543 621 2591 ἐγώ,
662 2547 792 2581 ειναί

110 2602 152 2624 τι
167 2579 228 2636 -—]
254 2593 299 2625 H.
319 2604 348 2627 e.
368 2588 475 2636 οἶμαι
493 2593 606 2626 τοῦτο
624 2588 681 2636 (τὸ
699 2602 785 2627 σκο-

109 2637 269 2671 πεῖσθαι
289 2633 359 2680 τὴν
379 2637 454 2671 τῶν
475 2637 624 2671 πολλῶν
648 2633 782 2680 δόξαν)

112 2676 216 2714 εἷναί
234 2694 270 2716 τι
300 2678 392 2726 ἡμῖν
422 2678 516 2726 πρὸς
545 2678 586 2716 τὸ
616 2677 701 2724 ἔξευ
728 2686 785 2717 εῖν

109 2723 198 2778 περὶ
227 2721 425 2771 ἀνδρείας,
466 2727 545 2767 πῶς
584 2723 672 2761 ποτ’
726 2738 785 2772 χει

221 2763 338 2851 ²55²&
354 2769 533 2851 ³⁶⁹5&
550 2768 783 2862 ε’ῑῑέετῆῆ

189 2841 197 2850 .
346 2831 398 2852 υν
495 2831 508 2852 ι
668 2831 682 2851 ι
722 2836 767 2842 -

854 2153 966 2186 quae
984 2144 1142 2187 paullo
1160 2147 1265 2177 ante
1283 2144 1415 2177 nobis
1433 2143 1538 2176 visa

853 2192 971 2228 sunt,
1004 2189 1180 2222 videlicet
1211 2192 1258 2221 ut
1291 2199 1371 2231 ego
1403 2198 1538 2231 prae·

855 2244 949 2266 eam
972 2236 1043 2268 etc.
1094 2234 1235 2268 Criton,
1259 2245 1295 2276 p.
1318 2235 1362 2266 50
1385 2232 1432 2265 A:
1468 2230 1538 2266 καὶ

854 2273 1063 2331 ἐμμένομεν
1081 2276 1138 2317 οἷς
1162 2273 1459 2322 ὡμολογήσαμεν
1477 2276 1538 2310 δι-

854 2324 981 2363 καίοις
1005 2333 1134 2365 ουσιν;
1168 2325 1225 2356 De
1244 2324 1335 2366 Rep.
1358 2323 1391 2356 Ι.
1407 2324 1474 2357 345
1491 2323 1538 2355 B.

855 2369 975 2404 Stallb.

901 2413 991 2457 Cap.
1007 2414 1174 2447 XXXVI.
1201 2413 1240 2447 C.
1259 2407 1371 2447 ἄλλο
1389 2425 1432 2446 τι
1448 2407 1533 2457 γοῖρ

856 2470 974 2502 φατε
990 2458 1047 2501 -J
1075 2463 1209 2492 ‘nonne
1227 2460 1297 2492 hoc
1319 2459 1424 2492 vobis
1442 2458 1537 2490 dici-

855 2505 904 2537 tis
923 2504 1094 2536 accidere
1111 2505 1149 2536 in
1162 2503 1245 2537 his‘.
1265 2500 1349 2538 οἷον
1367 2507 1424 2536 est
1442 2503 1536 2536 ‘vel-

855 2548 928 2581 uti’
955 2553 991 2581 et
1007 2542 1107 2592 ὅμως
1124 2544 1224 2583 αὐτὰ
1242 2544 1428 2592 πράττειν
1444 2558 1536 2591 pen-

854 2594 917 2627 det
934 2605 979 2626 ex
997 2591 1108 2635 φατέ.

899 2640 944 2673 D.
968 2637 1048 2672 καὶ
1071 2635 1159 2683 ἡδύ
1183 2634 1324 2682 ἔστιν]
1351 2638 1472 2671 intell.
1492 2633 1535 2671 ἐν

854 2683 905 2729 τῷ
924 2685 1168 2728 παραχρῆμα.

899 2723 924 2772 ἢ
947 2725 1031 2763 κᾶν
1056 2730 1102 2763 εἴ
1120 2741 1161 2763 τι
1186 2724 1364 2762 τούτων
1387 2746 1432 2752 —-
1452 2726 1534 2762 καὶ

853 2769 872 2807 ὃ
883 2774 998 2817 πῃοῦ
1008 2773 1048 2817 ν]
1068 2776 1124 2807 De
1133 2775 1314 2817 Stephani
1328 2776 1535 2807 commento

854 2819 947 2851 nihil
972 2822 1106 2852 attinet
1122 2820 1263 2860 dicere3
1289 2820 1328 2851 in
1343 2820 1391 2852 iis
1409 2823 1536 2852 autem
