1722 2964
495 83 947 131 'PnorAc-ORAS.
968 94 1010 130 P.
1030 95 1098 131 342
1119 93 1201 130 s'r.
1500 89 1580 132 127

150 211 258 291 περὶ1
280 212 420 256 ε’πῶν
447 208 526 256 ἐὰν
544 209 594 255 δὲ
612 205 769 268 βούλῃ,
795 210 877 254 σοῦ
895 206 1152 267 ἀκούσομαι.
1173 205 1221 254 ‘0
1237 226 1321 290 μεν
1338 200 1420 252 οὖν
1444 213 1582 266 Πρω-

150 277 341 338 ταγόρας
364 276 558 332 ἀκούσας
581 295 668 336 μου
691 278 830 322 ταῦτα
855 278 1083 334 λέγοντος,
1117 279 1177 322 Εἰ
1200 273 1256 322 σὺ
1280 273 1450 333 βούλει,
1476 280 1578 333 ἔφη,

151 348 186 392 ὠ
211 344 468 406 Σώκρατες·
516 344 540 391 ὁ
573 345 623 391 δὲ
645 342 868 403 Πρόδικός
899 363 947 390 τε
979 342 1096 390 καῖ’
1076 363 1100 390 ο
1118 342 1289 398 Ἱππίας
1322 344 1581 400 ε’κελευέτην

151 413 287 470 πάνυ,
312 415 388 460 καὶ
411 416 456 460 οἱ
477 411 614 460 ἄλλοι.

254 480 360 541 Cap.
386 480 587 528 XXVIII.
608 478 719 538 'Eque-2¹2
743 484 915 537 τοίνυν,
939 473 998 539 ἦν
1022 477 1064 525 δ’
1095 478 1198 538 ἐγώ,
1231 477 1260 524 ἅ
1283 479 1338 537 γε’
1356 497 1432 538 μοι
1456 482 1583 525 δοκεῖ

151 551 253 609 περὶ
283 552 361 596 τοῦ
401 548 594 611 ᾅσματος
631 546 815 605 τούτου,
857 546 1124 607 πειράσομαι
1163 548 1274 606 ὑμῖν
1313 549 1575 601 διεξελθεῖν.

153 622 404 677 Φιλοσοφία
427 616 512 678 γάρ
537 620 629 664 ε’στι
646 614 917 674 παλαιοτάτη
935 634 983 662 τε
1007 617 1082 661 καὶ
1105 620 1292 674 πλείστη
1315 617 1406 661 τῶν
1424 613 1580 674 Ἑλλή-

150 705 243 732 νων
267 688 317 733 ἐν
340 685 495 746 Κρήτῃ
525 705 574 732 τε
597 685 671 730 καὶ
696 686 746 730 ἐν
769 687 1096 742 Λακεδαίμονι,
1122 685 1195 729 καὶ
1220 684 1428 742 σοφισταὶ
1452 689 1580 729 πλεῖ-

152 768 247 800 στοι
271 757 351 812 γῆς
383 756 478 800 ἐκεῖ
505 758 631 800 εἰσιν.
681 749 778 798 ἄλλ’
815 753 1103 811 ἐξαρνοῦνται
1135 753 1210 797 καὶ
1242 756 1579 810 σχηματίζονται

149 820 341 880 ἀμαθεῖς
366 821 496 879 εἶναι,
522 825 597 867 ἵνα
620 819 679 879 μὴ
705 818 944 878 κατάδηλοι
969 814 1095 878 ὦσιν,
1120 818 1187 865 ὅτι
1211 824 1349 880 σοφίᾳ
1372 822 1463 865 τῶν
1480 817 1579 865 Ἑλ-

149 889 299 948 λήνων
321 894 554 949 περίεισιν,
580 887 729 948 ὥσπερ
753 886 831 942 οὓς
849 886 1150 948 Πρωταγόρας
1176 892 1300 946 ἔλεγε
1323 886 1426 941 τοὺς
1445 901 1570 945 σοφι-

148 956 276 1015 στάς,
308 955 420 1003 ἀλλὰ
454 958 622 1003 δοκῶσι
654 959 714 1018 τῷ
751 954 975 1015 μάχεσθαι
1012 957 1087 1002 καὶ
1118 954 1307 1016 ανδρείᾳ
1339 966 1575 1014 περιεῖναι,

147 1023 408 1084 ἡγούμενοι,
442 1029 483 1072 εἰ
506 1032 758 1083 γνωσθεῖεν
783 1043 818 1070 ω
842 1028 1058 1084 περίεισι,
1091 1022 1259 1077 πάντας
1284 1026 1414 1069 τοῦτο
1438 1021 1579 1082 ἀσκή-

240 1179 331 1223 Cap.
348 1179 519 1213 XXVIII.
538 1191 563 1212 α
582 1177 628 1223 γε’
645 1190 723 1223 μοι
733 1175 905 1234 domu-513]
925 1179 969 1212 V.
989 1171 1015 1211 α’
1032 1177 1073 1222 γε’
1090 1189 1156 1222 μοι
1174 1177 1287 1212 δοκεῖ
1305 1179 1466 1212 mutavit
1481 1177 1579 1211 Bek-

148 1225 260 1258 kerus
277 1226 405 1258 invitis
422 1225 527 1257 libris
545 1225 713 1258 omnibus
729 1227 768 1257 in
785 1236 809 1257 α
831 1237 852 1267 γ
886 1222 970 1267 εμοὶ
988 1190 1115 1258 δοκεῖμ
1144 1224 1250 1265 Quod
1272 1224 1408 1257 nollem
1425 1219 1578 1257 factum.

228 1281 274 1303 118
293 1271 390 1303 8111111
406 1280 607 1313 pronomen
622 1270 660 1302 in
676 1270 734 1302 his
752 1265 912 1303 τόνωσιν
928 1270 1059 1310 habet,
1084 1269 1340 1311 fallunturque
1359 1270 1423 1311 qui
1439 1269 1579 1310 ubique

147 1271 234 1358 ἔμιῆ.
264 1314 374 1348 δοκεῖ
401 1315 634 1348 scribendum
663 1316 902 1348 arbitrantur.
940 1326 975 1349 v.
1007 1316 1037 1347 F
1048 1315 1202 1347 ritsch.
1236 1315 1388 1356 Quaest.
1419 1315 1579 1348 Lueian.

167 1327 245 1393 ⁹¹26
269 1371 325 1402 sq.
344 1362 382 1393 et
399 1359 617 1393 Stallbaum.
638 1359 684 1393 ad
700 1360 806 1403 Apol.
822 1360 923 1395 Soer.
940 1371 977 1403 p.
992 1361 1034 1393 19
1051 1361 1095 1394 E.
1104 1360 1242 1393 Criton.
1259 1370 1294 1402 p.
1310 1361 1355 1393 45
1371 1361 1417 1392 D.
1435 1359 1577 1402 Cratyl.

148 1417 183 1449 p.
201 1407 268 1439 417
284 1406 330 1439 D.
348 1406 416 1439 404
431 1406 474 1439 Ε
492 1405 540 1438 31.

236 1451 279 1485 Β.
298 1450 559 1494 γνωσθεῖεν
575 1442 604 1496 ᾧ
623 1449 852 1493 περίεισι]
874 1450 987 1483 Certa
1004 1451 1098 1484 haec
1118 1453 1175 1484 est
1190 1450 1335 1484 Heusdi
1353 1449 1578 1483 emendatio.

145 1561 331 1642 ςέγιστον
335 1558 565 1641 μέροςδεῖναι
584 1574 612 1596 π
622 1573 638 1596 ε
647 1561 689 1606 ρὶ
708 1557 793 1596 ἐπ
767 1575 794 1596 ω
805 1576 826 1597 ν

152 1603 429 1706 εἶῗνσεύἶνέιζ’
407 1665 430 1686 υ
420 1609 551 1697 ’,1ίὲιῖᾕό
562 1654 629 1687 int.
654 1651 736 1687 εἰπέ
761 1664 824 1697 μοι

145 1693 171 1732 ἅ
199 1709 259 1731 σοι
290 1697 402 1731 δοκεῖ
427 1697 676 1732 διανοεῖσθαι
706 1700 824 1742 Σιμο-

147 1743 288 1842 nabaz.
322 1787 490 1822 XXVIII.
560 1789 825 1839 Φιλοσοφία

146 1830 229 1878 γάρ
271 1827 368 1867 ἔστι
407 1828 703 1877 παλαιοτατη
742 1832 819 1878 -—]

146 1877 396 1912 Contenderat
414 1879 639 1921 Protagoras
660 1890 696 1922 p.
710 1880 775 1912 316
787 1879 821 1911 D

145 1923 395 1966 sophisticen
384 1933 459 1956 13111
473 1924 698 1965 abHomero,
709 1924 823 1958 Simo-

144 1968 243 2010 nide,
262 1968 348 2001 aliis
363 1971 548 2007 veterum,
568 1979 650 2002 esse
667 1969 822 2002 factita-

143 2017 231 2055 tam,
251 2013 313 2047 sed
328 2023 390 2046 eos
403 2024 542 2052 omnes,
559 2016 601 2046 ut
618 2013 824 2057 effugerent

143 2058 391 2092 multitudinis
412 2058 610 2100 invidiam,
642 2059 740 2092 hane
764 2071 822 2093 ar-

143 2106 218 2137 tem
232 2113 335 2137 suam
349 2103 484 2136 callide
498 2103 585 2136 aliis
599 2105 822 2147 nominibus,

145 2159 240 2191 quae
270 2149 388 2191 magis
414 2148 630 2182 viderentur
650 2150 821 2191 honesta,

143 2197 359 2237 praetexere
381 2194 511 2227 solitos
542 2205 635 2228 esse.
690 2196 822 2238 Itaque

144 2239 334 2277 Socrates,
366 2242 407 2271 ut
430 2243 487 2272 est
511 2240 668 2273 callidus
694 2239 820 2283 εἴρων,

142 2285 302 2327 probata
323 2283 394 2316 illa
410 2284 598 2327 sophistae
622 2286 821 2327 sententia,

142 2329 239 2362 idem
257 2329 301 2361 de
320 2327 559 2362 Cretensibus
577 2333 614 2363 et
629 2331 822 2364 Lacedae-

143 2374 276 2408 moniis
300 2373 462 2416 iudicat,
488 2384 575 2416 quos
595 2376 648 2407 ait
665 2379 746 2409 arte
764 2386 819 2409 so-

141 2419 322 2462 phistica,
356 2418 431 2451 iam
460 2420 666 2461 antiquitus
695 2421 740 2453 ab
775 2422 822 2454 iis

142 2467 320 2502 tractata,
346 2464 480 2496 ceteris
500 2464 652 2498 Graecis
668 2466 823 2499 multum

142 2513 351 2552 praestare,
388 2508 453 2541 sed
483 2509 588 2542 illam
618 2510 822 2544 sollertiam

143 2563 245 2587 suam
268 2553 395 2587 sedulo
420 2554 620 2588 occultare.
663 2555 734 2588 Est
757 2567 822 2588 au-

146 2602 218 2632 tem
231 2600 326 2632 haec
342 2599 466 2632 irrisio
478 2603 583 2633 tanto
602 2600 821 2654 e‘gantior,

146 2643 241 2685 qnod
263 2643 583 2678 Lacedaemonios
606 2646 774 2688 inprimis
799 2658 822 2680 a.

144 2688 350 2722 litterarum
398 2689 529 2722 studiis
576 2690 820 2725 alienissimos

144 2733 261 2766 fuisse
284 2737 440 2769 constat.
487 2735 690 2768 Praeterea
707 2737 821 2770 etiam

146 2778 410 2812 observandum
435 2783 492 2813 est
515 2780 616 2814 salsa
645 2791 726 2814 eum
746 2782 820 2815 iro-

144 2823 209 2856 nia
233 2826 379 2858 acutam
399 2824 732 2868 breviloquentiam
755 2828 820 2860 tri-

895 1564 960 1596 bui
976 1563 1167 1598 veteribus
1184 1563 1274 1604 illis,
1293 1573 1386 1605 quos
1405 1561 1577 1596 Socrates

894 1612 1023 1651 vocat,
1047 1609 1242 1651 sophistis3
1273 1609 1327 1641 ita
1351 1609 1449 1641 enim
1470 1611 1576 1641 nota-

894 1656 955 1686 tur
976 1653 1213 1698 μακρολογία
1237 1653 1322 1694 illa,
1356 1663 1467 1695 quam
1487 1653 1579 1686 Pro-

894 1701 1058 1742 tagoras,
1075 1700 1251 1742 Hippias,
1268 1698 1466 1739 Prodicus,
1484 1698 1580 1731 Gor-

894 1745 994 1787 gias,
1020 1744 1103 1784 alii,
1134 1744 1298 1776 studiose
1321 1744 1578 1786 sectabantur,

896 1800 965 1831 quo
994 1789 1147 1822 facilius
1181 1789 1411 1822 audientium
1435 1789 1577 1822 animos

893 1834 1093 1867 delinirent
1132 1834 1278 1876 sibique
1319 1833 1576 1869 conciliarent.

894 1879 1014 1914 Stalzb.
1067 1880 1126 1912 De
1149 1880 1328 1922 genitivis
1352 1877 1427 1912 τῶν
1445 1873 1578 1922 Ελλή-

894 1936 969 1958 νων
995 1927 1032 1957 et
1048 1924 1119 1968 γῆς
1137 1935 1219 1957 811111
1223 1924 1394 1979 πλείστη
1420 1927 1456 1957 et
1471 1924 1578 1958 πλεί·

893 1979 996 2013 στοι,
1019 1981 1093 2002 11011
1112 1980 1193 2002 cum
1216 1964 1298 2003 ἐκεῖ
1313 1969 1577 2003 connectendis

892 2026 928 2049 v.
947 2016 1092 2058 Kriiger
1111 2015 1171 2051 Gr.
1190 2017 1245 2049 47.
1265 2015 1320 2054 28,
1339 2017 1370 2050 7.

938 2060 1306 2103 σχηματίζονται
1337 2063 1439 2093 reete
1461 2060 1577 2093 inter-

891 2105 1442 2158 pretatanimaeusGloss.
1452 2117 1487 2148 Ρ.
1498 2107 1577 2138 245.

892 2150 1194 2193 προσποιοῦνται
1228 2143 1254 2194 ἢ
1282 2160 1570 2184 συνταττονται.

891 2207 924 2229 v.
943 2196 1100 2230 Phaedr.
1121 2207 1156 2240 p.
1175 2197 1300 2231 255A.

936 2241 978 2276 Β.
1021 2235 1177 2295 ω’σπερ
1210 2252 1289 2280 ους
1323 2236 1575 2294 Πρωταγό-

892 2297 973 2329 ρας
1007 2283 1137 2330 ἔλεγε
1171 2297 1279 2325 τους
1313 2281 1571 2330 σοφιστας]

891 2332 1048 2364 Notetur
1072 2333 1248 2364 attractio
1272 2332 1452 2372 subiecti,
1478 2333 1576 2374 quod

893 2377 1097 2420 pronomini
1130 2376 1286 2410 relativo
1320 2377 1573 2410 accommoda-

890 2427 968 2454 tum
998 2425 1065 2456 est.
1113 2422 1261 2455 Etenim
1281 2422 1449 2478 vulgaris
1479 2424 1575 2455 ratio

893 2467 1089 2522 exigebat.
1137 2476 1262 2510 ωσπερ
1308 2463 1348 2500 οἷ
1392 2466 1578 2510 σοφισταί

893 2506 1161 2565 (ἐξαρνοῦνται
1184 2510 1251 2545 καὶ
1267 2522 1318 2564 σχ
1347 2512 1575 2564 ματίζονται

893 2551 1063 2600 ἀμαθεῖς
1082 2557 1196 2599 εἰναι)
1208 2568 1305 2601 ,ους
1320 2525 1575 2600 Ἆροταγόρας

894 2599 1012 2653 ἔλεγε.
1060 2602 1248 2636 Phaedon.
1281 2615 1316 2646 p.
1346 2604 1389 2635 66
1414 2604 1464 2635 E':
1505 2601 1572 2635 καὶ

892 2642 977 2680 τότε
1008 2665 1054 2670 -
1086 2642 1182 2690 ἡμῖν
1215 2645 1321 2682 ἔσται
1354 2639 1399 2681 οὗ
1433 2641 1574 2681 ἐπιθυ-

890 2691 1059 2736 μοῦμεν,
1089 2711 1136 2716 -
1175 2688 1407 2736 φρονήσεως.
1454 2703 1490 2726 v.
1524 2692 1573 2726 ad

890 2737 1045 2780 Apolog.
1064 2749 1098 2782 p.
1116 2740 1159 2771 41
1178 2739 1219 2771 A.
1253 2739 1455 2781 Perperam
1472 2738 1572 2771 Ste-

890 2783 945 2860 gh
957 2793 1065 2861 abnus
1085 2779 1172 2823 τούς
1190 2784 1385 2818 delendum
1401 2785 1571 2827 putabat,

919 2830 980 2861 tall
