1696 3008
558 112 628 147 AD
658 112 1085 151 PROTAGORAM.
1507 113 1533 153 ἵ)

115 226 470 280 appetentissimus,
501 238 580 266 non
603 226 679 265 nisi
699 225 801 266 limis
822 225 945 266 oculis
969 230 1006 265 ct
1026 227 1144 265 invito
1167 227 1297 266 animo
1318 227 1532 266 contueba-

115 289 190 324 tur.
222 284 265 323 In
288 284 471 324 omnibus
490 284 704 335 generatim
722 283 858 323 sordes
877 285 1072 330 avaritiae,
1095 283 1272 324 inutilem
1295 288 1332 324 et
1354 283 1532 324 fallacem

115 341 339 392 disputandi
362 342 552 380 rationem
574 339 781 392 carpebat:
803 341 841 379 in
866 340 1027 392 singulis
1049 340 1256 381 vellicabat
1278 342 1392 381 etiam
1415 354 1532 393 quae-

115 398 215 443 dam,
241 402 279 437 et
298 398 436 437 florem
458 399 584 449 ipsum
606 397 857 448 infringebat.
884 397 979 436 Nam
1001 398 1041 436 in
1062 397 1369 450 Thrasymacho,
1393 403 1434 437 ut
1452 399 1531 438 ani-

113 455 321 494 madvertit
349 455 387 493 S.
412 454 577 494 Basilius
604 467 666 506 ep.
689 453 864 493 CLXVII.
891 450 940 493 τὸ
969 451 1121 505 θρασύ
1153 451 1227 494 καὶ
1259 452 1430 507 ἰταμόν,
1463 468 1532 495 au-

114 512 265 551 daciam
294 516 331 551 et
351 513 611 551 ttmeritatem
643 512 893 563 perstringit,
928 512 969 550 in
999 511 1139 563 Hippia
1176 508 1226 551 τὸ
1256 511 1432 565 κοῦφον
1457 513 1534 565 τῆς

113 567 314 616 διανοίας
343 565 418 608 καὶ
447 568 629 620 χαῦνον,
664 567 788 607 levem
811 569 982 607 animum
1006 574 1042 607 et
1071 570 1299 616 remissum,
1334 571 1373 608 in
1396 569 1532 608 Prota-

112 637 207 676 gora
228 621 279 664 τὸ
308 620 574 690 ἀλαζονικὸν
605 621 679 664 και
696 619 961 677 ὑπέρογκον,
984 627 1245 676 arrogantiam
1270 631 1307 665 et
1320 631 1530 666 tumorem

113 682 188 721 Sed
227 683 331 722 taciti
353 683 469 722 animi
501 682 751 735 cupiditatem
785 687 822 721 et
843 681 1014 721 Platonis
1035 683 1286 721 invidentiam
1321 683 1533 723 doctissimi

112 739 270 791 quidam
291 739 471 779 homines
501 744 750 794 aperuerunt.
806 738 928 784 Plato,
953 740 1085 807 inquit
1096 739 1303 806 Dionysius
1334 739 1530 779 Halicarn.

112 796 158 836 ad
191 796 342 863 Pomp,
373 797 530 847 sciipsit
558 800 693 835 contra
721 796 916 847 sophistas
948 792 1030 835 οὐκ
1061 791 1150 835 απὸ
1171 796 1252 835 τοῦ
1280 796 1531 848 βελτίστου,

111 853 179 893 sed
207 848 296 892 ἀπὸ
326 852 590 906 φιλοτιμίας.
627 852 889 892 Philostratus
910 853 983 905 Ep.
1006 853 1053 892 ad
1084 853 1154 892 Iul.
1173 853 1271 904 Aug.
1301 854 1348 893 de
1370 853 1531 894 Platone

111 910 374 978 sophistisque
395 910 596 978 dlsputans
610 910 713 949 idem
731 914 857 954 notat
879 909 1001 956 Plato,
1024 911 1161 962 inquit,
1186 910 1430 963 φιλοτίμως
1448 908 1532 963 μὲν

111 963 222 1038 πρὸς
242 962 403 1014 αὐτοὺς
424 961 552 1019 εἶχεν,
588 963 739 1033 ἐπειδὴ
773 965 1015 1034 διεφοίτων
1035 964 1275 1019 θέλγοντες
1294 981 1455 1020 μικρας
1485 980 1532 1007 τε

111 1020 186 1064 καὶ
221 1023 396 1076 μείζους
433 1021 603 1089 πόλεις,
644 1019 721 1062 τὸν
747 1019 942 1075 Ὀρφέως
979 1021 1054 1063 καὶ
1094 1022 1310 1076 Θαμύρου
1348 1021 1529 1078 τρόπον.

109 1081 214 1121 Haec
231 1080 310 1120 ille.
333 1081 462 1120 Potuit
483 1082 539 1119 vir
559 1080 698 1120 litteris
719 1081 1006 1120 eruditissimus
1027 1082 1142 1120 etiam
1154 1081 1375 1126 Aristidem,
1396 1086 1530 1121 aucto-

110 1150 195 1177 rem
216 1137 322 1178 haud
347 1138 599 1183 mediocrem,
618 1136 826 1190 appellare,
851 1138 916 1188 qui
937 1136 1010 1176 vol.
1034 1137 1147 1189 III.p.
1171 1141 1252 1182 519
1274 1139 1336 1188 (ed
1351 1138 1530 1178 Dindors.

110 1194 184 1234 vol.
206 1194 253 1234 ΙΙ.
273 1206 311 1261 p.
324 1194 462 1246 408)0
443 1195 611 1233 oraviter
633 1198 670 1233 et
691 1193 833 1233 aemhe
856 1195 893 1232 in
910 1193 1112 1233 Platonem
1137 1194 1234 1234 haec
1255 1196 1429 1235 coniicit:
1452 1191 1532 1235 τὸν

111 1247 332 1304 σοφιστὴν
362 1249 490 1290 δοκει
513 1247 596 1302 μέν
626 1262 718 1298 πως
747 1250 944 1300 κακίζειν
962 1247 1042 1297 αεί,
1076 1247 1150 1290 και
1181 1247 1205 1291 ’ὅ
1233 1265 1285 1304 γε
1314 1249 1368 1304 δὴ
1399 1249 1532 1304 μάλι-

112 1317 193 1348 στα
225 1304 476 1355 ἐπαναστὰς
504 1307 566 1362 τῷ
597 1303 780 1373 ὀνόματι
811 1304 1006 1347 Πλάτων
1038 1302 1158 1348 εἶναί
1182 1321 1257 1360 μοι
1287 1307 1424 1348 δοκεῖ.

223 1366 364 1406 Nostra
381 1371 509 1405 autem
526 1366 715 1404 memoria
738 1362 928 1416 Grote¹²)‚
954 1377 1086 1404 rerum
1104 1365 1344 1406 Graecarum
1361 1367 1530 1418 scriptor

111 1423 368 1468 doctissimus,
391 1422 591 1462 Platonem
615 1422 662 1461 ab
692 1434 736 1461 ea
759 1420 894 1473 culpa,
926 1423 1036 1461 cuius
1058 1421 1105 1461 ab
1128 1421 1204 1460 illis
1224 1423 1316 1462 viris
1338 1424 1528 1474 arguitur,

109 1493 234 1534 prope
255 1479 392 1519 abesse
427 1484 554 1525 ratus,
577 1491 697 1531 quum
719 1478 979 1530 sophistarum
998 1479 1259 1530 patrocinium
1281 1481 1529 1532 suscepisset,

111 1551 196 1578 eam
218 1548 373 1577 causam
394 1547 537 1587 magno
557 1536 704 1586 ingenii
726 1540 763 1574 et
785 1535 984 1575 doctrinae
1006 1540 1195 1588 apparatu
1221 1537 1308 1587 egit.
1361 1536 1436 1576 Sed
1460 1538 1530 1576 etsi

107 1596 166 1634 vir
188 1594 424 1634 clarissimus
445 1597 552 1632 recte
574 1605 641 1632 eos
656 1594 871 1658 impugnat,
895 1594 959 1644 qui
977 1605 1234 1644 quaecunque
1264 1594 1529 1659 sophistarum

109 1651 215 1692 laudi
241 1650 385 1690 tributa
414 1655 526 1695 sunt,
557 1662 600 1689 ea
622 1650 774 1689 ironice
796 1650 897 1691 dicta
925 1650 1136 1701 accipiant,
1168 1662 1427 1702 quaecunque
1456 1651 1531 1702 ipsi

109 1708 315 1766 loquentes
337 1707 589 1751 inducuntur,
606 1719 649 1746 ea
672 1711 737 1746 aut
758 1719 831 1758 pro
853 1706 967 1745 stulta
988 1705 1221 1757 loquacitate
1255 1706 1439 1753 habeant,
1462 1713 1529 1747 aut

111 1767 150 1805 in
173 1758 480 1803 cavillationibus
510 1768 656 1815 ponant
684 1764 731 1802 ad
761 1763 1048 1803 obsculandam
1071 1764 1272 1802 veritatem
1303 1769 1341 1803 et
1370 1764 1529 1804 audien-

110 1823 205 1861 tium
228 1825 379 1860 mentes
401 1820 650 1878 decipiendas
679 1819 878 1865 adhibitis,
908 1825 1038 1859 tamen
1060 1820 1098 1859 in
1122 1819 1205 1859 aliis
1233 1832 1312 1859 non
1341 1822 1465 1872 magis
1495 1822 1530 1860 ei

110 1877 376 1918 accedendum
410 1881 467 1915 est
487 1889 602 1929 quam
625 1876 822 1916 Cresolli0.

223 1933 364 1974 Multos
400 1945 493 1973 sane
527 1933 720 1984 sophistas
748 1933 858 1973 Plato
894 1933 1037 1974 acerba
1072 1934 1254 1973 irrisione
1290 1934 1528 1986 perstrinxit.

111 1992 303 2032 Nimirum
326 1991 400 2030 arti
422 1990 658 2043 sophisticae
680 1990 978 2043 persequendae
999 1992 1114 2043 pauci
1137 1997 1249 2031 erant
1269 2003 1397 2043 pares,
1417 1991 1529 2031 multi

112 2061 197 2088 eam
219 2047 522 2100 profitebantur;
553 2060 720 2100 quorum
738 2047 932 2087 levitatem
955 2060 1075 2100 quum
1096 2049 1306 2100 corripuit,
1336 2061 1414 2088 non
1443 2061 1529 2087 rem

110 2108 234 2158 ipsam
269 2104 505 2156 reprobavit.
566 2105 765 2156 Nusquam
794 2104 1073 2145 celeberrimos
1110 2104 1194 2144 illos
1226 2110 1263 2144 et
1291 2104 1529 2145 clarissimos

113 2163 209 2202 artis
245 2166 425 2201 auctores
460 2174 503 2201 ea
534 2173 609 2213 qua
639 2160 882 2201 excellebant
910 2161 1024 2201 laude
1058 2163 1232 2214 privavit.
1293 2163 1529 2212 Protagoras

180 2342 235 2386 12)
264 2342 374 2375 Grote
391 2342 462 2376 vol.
481 2343 581 2375 VIII.
600 2354 634 2394 p.
653 2344 720 2376 480
737 2343 989 2395 (Interpretat.
1007 2344 1204 2376 Meiszner.
1222 2343 1296 2377 vol
1314 2343 1376 2375 IV.
1394 2354 1428 2386 p.
1447 2342 1528 2386 580)

110 2390 147 2421 in
164 2389 220 2421 his
231 2388 530 2441 Xenophonteis:
563 2383 763 2431 γράμματα
787 2384 936 2422 πολλα.
957 2415 964 2422 .
989 2388 1158 2431 ποιητῶν
1186 2399 1226 2421 τε
1247 2386 1313 2421 καὶ
1337 2388 1530 2431 σοφιστῶν

111 2434 185 2468 τῶν
200 2427 526 2476 εὐδοκιμωτάτων,
546 2443 640 2475 quae
658 2434 885 2467 Memorabil
904 2434 969 2467 lib.
989 2435 1052 2469 IV
1072 2445 1101 2467 c
1122 2436 1142 2466 2
1166 2434 1246 2466 init.
1274 2434 1412 2476 scripta
1428 2435 1528 2466 inve-

109 2481 270 2521 niuntur,
288 2478 471 2512 vocabulo
489 2478 679 2520 σοφιστῶν
703 2479 904 2522 significari
919 2481 1001 2513 vult
1023 2489 1153 2521 prosae
1178 2480 1355 2511 orationis
1373 2480 1528 2531 scripto-

111 2535 181 2559 res,
208 2525 310 2565 Quae
330 2524 605 2566 interpretatio,
630 2534 738 2565 quam
754 2525 846 2558 Lud.
882 2525 1068 2558 Dindorfio
1092 2525 1283 2567 probatam
1316 2535 1395 2556 esse
1419 2525 1528 2556 mira-

109 2580 200 2611 mur,
218 2570 263 2602 iis
282 2580 377 2611 quae
395 2569 623 2602 Memorabil.
641 2570 670 2601 Ι.
687 2571 719 2612 6,
740 2572 781 2603 14
804 2571 1006 2611 habentur,
1031 2570 1178 2602 minime
1195 2572 1317 2613 potest
1342 2570 1528 2610 constitui,

111 2624 229 2656 neque
252 2615 325 2649 loci
348 2615 556 2647 sententiae
578 2615 784 2658 respondet.
818 2615 1069 2658 Euthydemus
1092 2615 1197 2647 libris
1220 2614 1387 2658 legendis
1412 2613 1458 2645 ad
1476 2614 1528 2645 di-

111 2660 262 2693 cendum
279 2663 316 2693 et
332 2660 378 2692 ad
396 2670 453 2692 res
471 2660 650 2702 gerendas
659 2662 815 2693 animum
825 2662 959 2693 dicitur
975 2671 1197 2703 praeparare
1210 2660 1414 2698 studuisse,
1433 2658 1528 2700 quod

112 2715 183 2746 quo
211 2705 315 2738 modo
344 2706 481 2748 optime
509 2705 630 2746 fieret,
659 2707 902 2749 sophistarum
932 2707 955 2740 i
983 2717 1014 2740 e
1044 2707 1253 2748 sapientiae
1282 2705 1528 2747 professorum

112 2747 242 2793 τέχναι
260 2751 408 2793 aliaque
427 2761 549 2783 eorum
566 2752 703 2794 scripta
719 2752 946 2786 indicabant.
978 2752 1035 2784 Ea.
1056 2752 1170 2794 igitur
1192 2751 1392 2793 praecipue
1415 2749 1527 2782 colle-

112 2797 178 2838 git
202 2795 279 2828 Nee
296 2796 390 2828 ratio
408 2797 545 2828 obcura
563 2799 630 2838 est,
650 2807 712 2829 cur
727 2800 876 2840 praeter
889 2797 1135 2840 sophistamm
1149 2797 1264 2829 libros
1277 2795 1527 2839 maximepoe-

109 2844 230 2873 tarum
249 2842 488 2884 congesserit.
