1696 2976
192 127 247 170 64
737 134 1032 171 PLATONIS

137 257 166 288 Ε
192 246 266 302 τῆς
289 243 455 298 πόλεως
485 243 626 298 οὕτως
647 250 749 304 ἔχει,
772 244 868 292 ἀλλ’
905 251 997 308 ἰδίᾳ
1020 246 1126 306 ἡμῖν
1155 250 1202 293 οἱ
1227 247 1473 306 σοφώτατοι
1504 251 1578 295 καὶ

191 309 358 369 ἄριστοι
389 313 477 357 τῶν
509 314 699 358 πολιτῶν
729 311 892 372 ταύτην
913 313 995 372 τὴν
1018 313 1178 373 ἀρετὴν
1211 312 1267 373 ἢν
1297 320 1475 374 ἔχουσιν
1498 315 1577 374 οὐχ

191 375 281 423 οἶοί
299 397 345 423 τε
368 376 514 431 ἅλλοις
538 379 846 438 παραδιδόναι·
873 383 971 427 ἐπεί
985 385 1216 440 Περικλῆς,
1239 381 1262 426 ὁ
1284 384 1469 428 τουτωνὶ
1491 386 1579 428 τῶν

192 450 436 490 νεανίσκων
466 444 629 505 πατήρ,
660 445 838 500 τούτους
869 445 897 492 ἃ
919 449 1001 506 μὲν
1031 447 1309 494 διδασκάλων
1341 456 1476 508 εἴχετο
1500 468 1578 494 κα-

193 514 276 564 λῶς
303 513 375 556 καὶ
400 505 450 557 εὖ
475 516 758 570 ἐπαίδευσεν,
790 512 817 559 ἃ
842 515 891 560 δὲ
915 513 1043 568 αὐτὸς
1073 515 1207 574 σοφός
1232 518 1350 561 ἐστιν
1373 514 1474 561 οὔτε
1497 514 1599 561 oci’ae-⁶

114 593 178 624 320
190 576 260 631 τὰς
283 578 482 625 παιδεύει
512 577 612 626 οὔτε
642 600 702 642 τῳ
726 579 844 642 ἄλλῳ
874 586 1199 641 παραδίδωσιν,
1230 581 1325 628 ἀλλ’
1354 581 1478 628 αὐτοὶ
1500 600 1579 628 πε-

191 644 373 704 ριιόντες
397 648 597 704 νέμονται
622 645 767 706 ὥσπερ
792 646 965 706 ἄφετοι,
991 648 1068 695 ἐάν
1091 667 1178 695 που
1201 648 1432 708 αὐτόματοι
1455 668 1578 708 περι-

189 711 350 771 τύχωσι
372 716 425 772 τῇ
449 712 592 774 ἀρετῇ.
627 719 668 760 εἰ
689 715 737 760 δὲ
760 714 925 773 βούλει,
950 721 1175 774 Κλεινίαν,
1206 715 1283 762 τὸν
1299 715 1577 774 Ἀλκιβιάδου

278 844 320 876 Ε.
346 855 367 877 κ
377 842 423 877 αὶ
442 836 488 878 εὖ
507 839 589 878 ἐπα
599 844 644 878 ίδ
654 844 799 889 ευσεν]
834 847 1016 880 Aoristum
1035 848 1206 881 exhibent
1223 847 1326 882 Bodl.
1349 848 1431 881 Vat.
1454 848 1575 882 Ambr-

190 888 339 923 Barber.
356 900 420 931 pro
437 890 533 932 vulg.
554 885 767 924 ἐπαίδευεν.

277 955 318 990 Ρ.
335 958 411 990 320.
437 950 576 995 αὐτὸς
598 953 834 1001 παιδεύει]
868 954 1046 992 παιδεύει
1064 959 1200 992 habent
1222 958 1321 994 codd.
1344 969 1478 994 omnes.
1497 958 1575 992 Ste-

188 1000 328 1043 phanus
345 1001 444 1033 dedit
457 996 670 1035 παιδεύειν.

277 1062 354 1102 τὸν
368 1062 471 1101 'AI-n.
491 1078 625 1102 τουτο
636 1067 682 1102 vi
698 1066 748 1112 ν.]
770 1068 842 1102 Sic.
859 1069 962 1104 Bodl.
978 1070 1081 1104 vind.
1099 1070 1196 1106 Flor.
1214 1081 1249 1104 a.
1266 1081 1298 1106 c.
1321 1073 1405 1109 Vat.
1422 1074 1512 1108 Ven.
1530 1073 1573 1110 Ξ.

187 1181 326 1212 tutem
355 1190 446 1212 cum
483 1179 588 1213 aliis
620 1181 847 1214 communi-

189 1234 290 1256 care
306 1228 504 1267 possunt.
534 1225 638 1267 Apol.
656 1225 754 1258 Socr.
765 1228 849 1269 p.40

185 1269 238 1300 D:
253 1265 358 1311 οἶμαι
376 1261 424 1302 ὂῖν
436 1263 489 1322 μὴ
504 1262 562 1302 ὅτι
581 1266 738 1313 ἰδιώτην
751 1265 848 1313 τινά,

187 1307 282 1346 ἀλλὰ
305 1308 372 1347 τὸν
395 1324 518 1367 μεγαν
545 1312 700 1357 βασιλέα
724 1310 850 1358 εὐαρι-

186 1353 358 1401 θμήτους
389 1370 437 1392 αν
474 1353 611 1401 εὑρεῖν.
675 1359 850 1393 Similiter

186 1406 268 1445 post
292 1397 338 1436 οὗ
363 1398 481 1445 μόνον
504 1404 658 1446 simplex
680 1399 773 1438 ἄλλά
796 1406 849 1437 in·

186 1448 319 1488 fertur,
332 1448 363 1479 si
381 1447 534 1480 alterum
550 1449 725 1482 orationis
741 1460 847 1482 mem-

185 1492 287 1524 brum
310 1493 444 1524 maiore
468 1493 506 1525 vi
524 1496 560 1525 et
576 1494 757 1536 gravitate
781 1497 847 1527 est.

185 1536 316 1570 τοίνυν
329 1538 482 1569 estiam
504 1547 627 1578 vero,
643 1548 790 1581 porro,
808 1542 848 1571 ut

184 1581 286 1624 Apol.
297 1592 340 1659 (p.
357 1583 399 1614 33
415 1581 456 1614 Ε.
477 1581 644 1614 Ceterum
660 1577 702 1615 τὸ
718 1578 849 1616 κοινὸν

185 1625 252 1668 τῆς
268 1636 295 1658 π
319 1626 427 1668 λεως,
453 1636 672 1659 commune
689 1628 847 1660 civita-

186 1671 260 1710 tis,
279 1671 550 1714 respublica,
576 1671 684 1704 etiam
710 1671 846 1704 Criton.

185 1725 219 1757 p.
237 1716 280 1748 50
294 1715 337 1747 A.
372 1715 487 1748 Stallb.
511 1725 546 1750 v.
570 1715 682 1759 Kriig.
715 1716 775 1750 Gr.
793 1718 845 1749 67.

187 1761 239 1798 14,
258 1762 294 1800 3;
313 1761 366 1794 69.
383 1761 416 1800 4,
434 1762 465 1793 3.

229 1826 271 1858 Ε.
296 1818 321 1859 ἃ
352 1822 434 1870 μὲν
462 1822 757 1861 διδασκάλων
789 1827 847 1862 εἴ·

185 1869 304 1915 χετο]
355 1875 566 1913 quantum
610 1873 786 1914 quidem
824 1883 846 1906 a

186 1917 498 1959 magistrorum
589 1917 847 1960 disciplina

184 1960 419 2002 pendebat.
436 1961 579 1994 Menon.
597 1973 631 2005 p.
649 1963 691 1995 93
708 1963 758 1995 D:
775 1955 846 1995 ὅσα

185 2000 425 2038 διδασκάλων
441 2000 739 2049 ἅγαθῶνεῖχετο.
757 2006 849 2042 Ibid.

184 2060 217 2128 p.
242 2051 284 2103 9'4
306 2050 374 2104 Bt,
403 2050 589 2105 Περικλῆς
627 2047 714 2090 τούς
751 2047 847 2103 υἴεζς

199 2105 321 2172 πιῖεας
336 2105 409 2150 μεν
418 2089 570 2172 ἐδιδαξὶε
583 2094 850 2174 καῖὶλῖιουέικᾶῖῖ

184 2150 566 2227 ἓξυσῇἴῖἷῗῖέχῖἶς
584 2151 720 2228 ᾆῖταῗ,
738 2152 847 2218 0332-

182 2223 246 2267 νός
263 2228 421 2272 χείρους.

229 2295 269 2329 P.
288 2297 363 2328 320.
404 2288 509 2328 οὔτε
541 2307 596 2338 τῳ
624 2289 741 2340 ἄλλῳ
769 2307 846 2329 πα-

185 2339 458 2383 ραδίδωσιν]
483 2350 629 2382 neque
653 2341 737 2373 ulli
763 2341 846 2373 alii

184 2386 473 2417 instituendos
490 2385 648 2426 tradit,
666 2385 742 2418 sed
759 2386 845 2428 ipsi

185 2429 448 2462 oberrantes
462 2431 845 2471 pascunturquasi

186 2485 207 2506 a
237 2474 439 2506 custodia
472 2474 624 2514 liberi,
661 2475 698 2507 si
726 2474 844 2507 forte

186 2519 367 2550 fortuna
385 2517 555 2550 alicubi
573 2519 614 2550 in
631 2519 844 2552 virtutem

186 2562 401 2595 incidant.
455 2562 574 2597 Scallb.
613 2557 754 2605 ἄφετος
793 2566 849 2596 est

184 2606 354 2640 ‘vinculis
369 2617 440 2639 non
455 2608 687 2640 constrictns’
705 2611 741 2641 et
755 2601 849 2651 ἄφε-

185 2662 247 2690 τος
284 2649 467 2694 νέμεσθαι
504 2651 654 2693 dicitur,
698 2653 760 2694 qni
803 2652 849 2685 ad

185 2706 287 2728 suum
310 2696 497 2729 arbitrium
520 2696 623 2731 vivit.
652 2707 685 2730 v.
712 2697 755 2730 de
772 2707 847 2740 rep.

185 2741 245 2773 Vl.
265 2738 381 2783 p.'498
398 2740 445 2773 G:
471 2733 564 2774 ὅταν
587 2738 630 2773 δὲ
647 2741 849 2775 πολιτικῶν

185 2783 248 2818 καὶ
287 2784 489 2828 στρατειῶν
527 2779 631 2823 ἐκτὸς
662 2786 848 2829 γίγνηται,

186 2825 268 2863 τότε
290 2824 367 2873 ἤδη
390 2825 553 2872 ἀφέτους
576 2828 758 2872 νέμεσθαι
782 2828 846 2863 καὶ

915 1193 940 1225 μ
969 1178 1036 1215 δὲν
1058 1175 1148 1215 ἄλλο
1173 1178 1352 1235 πράττειν
1373 1182 1468 1226 (δεῖ)
1490 1180 1576 1223 τοὺς

916 1237 941 1269 μ
964 1227 1118 1265 λλοντας
1172 1223 1403 1271 ευδαιμόνως
1449 1225 1576 1272 βιώσε-

916 1271 1023 1305 σθαι.
1056 1271 1181 1304 Simile
1204 1272 1350 1305 ductum
1373 1277 1429 1306 est
1450 1274 1496 1306 ab
1520 1284 1577 1306 ar-

916 1316 1046 1349 mentis
1063 1316 1190 1349 solutis
1213 1327 1257 1350 ac
1274 1317 1412 1350 liberis.
1429 1328 1462 1351 v.
1480 1318 1576 1351 Plut.

916 1360 1057 1393 Lucull.
1076 1372 1107 1395 c.
1124 1363 1178 1396 24.
1195 1362 1275 1394 Liv.
1292 1364 1346 1397 24.
1362 1365 1394 1396 3.

960 1405 1195 1448 Κλεινίαν,
1213 1400 1417 1449 nivium]
1436 1406 1576 1440 Cliniae

915 1449 1032 1483 Alcib.
1056 1450 1084 1484 1.
1106 1461 1140 1492 p.
1160 1452 1223 1484 118
1243 1451 1272 1482 E
1307 1451 1352 1484 ab
1379 1452 1459 1494 ipso
1480 1452 1578 1484 Alci-

914 1494 1020 1528 biade
1037 1494 1140 1528 homo
1157 1496 1305 1528 insanus
1322 1491 1576 1539 (μαινόμενος)

913 1542 1077 1572 vocatur.
1123 1539 1212 1572 Eius
1235 1540 1347 1582 igitur
1364 1543 1401 1572 et
1415 1541 1577 1573 Alcibia-

915 1582 970 1615 dis
987 1583 1140 1615 tutelam
1164 1587 1268 1626 pater
1286 1584 1421 1617 Pericli
1446 1588 1482 1617 et
1497 1586 1575 1618 Ari-

914 1627 1043 1669 phroni
1105 1631 1344 1661 commiserat.
1406 1629 1576 1662 Pluribus

915 1671 1058 1714 quidem
1075 1672 1165 1705 locis
1188 1683 1279 1705 unus
1295 1673 1457 1706 Pericles
1479 1677 1578 1707 tutor

916 1726 1038 1750 eorum
1062 1717 1175 1750 fuisse
1198 1717 1372 1759 traditur,
1395 1722 1436 1751 ut
1457 1718 1575 1751 Alcib.

914 1761 942 1793 1.
961 1772 994 1804 p.
1015 1763 1078 1794 104
1099 1761 1140 1794 B.
1172 1761 1337 1804 Xenoph.
1365 1763 1470 1796 Mem.
1487 1764 1523 1803 Ι,
1544 1764 1577 1795 2.

913 1807 968 1838 40.
1002 1806 1112 1845 Isocr.
1131 1817 1182 1839 or.
1201 1808 1253 1841 16.
1276 1807 1331 1839 28.
1372 1806 1443 1841 Sed
1459 1817 1576 1850 neque

914 1850 1319 1938 ΐέἑὲῗέἻέιῗὲῗιὲἕῖῗ
1341 1852 1579 1930 ζὲἰὶιὲἕᾶἓῖ

915 1938 963 1981 (v.
980 1939 1023 1972 de
1041 1940 1130 1983 Leg.
1139 1942 1205 1973 924
1214 1941 1269 1982 A),
1289 1943 1326 1974 et
1341 1941 1576 1983 Ariphronem

915 1987 952 2017 et
973 1985 1088 2026 ipsum
1114 1985 1258 2018 illorum
1286 1988 1439 2019 tutorem
1462 1986 1576 2019 fuisse

915 2032 1042 2061 narrat
1059 2028 1155 2063 Plut.
1172 2030 1290 2063 Alcib.
1316 2040 1347 2063 c.
1365 2032 1402 2062 1:
1423 2030 1489 2063 τοῦ
1503 2024 1576 2063 Ἀλ-

915 2068 1093 2116 κιβιοὶδου
1110 2074 1298 2126 Περικλῆς
1306 2072 1370 2107 καὶ
1384 2069 1574 2117 Ἀρίφρων,

914 2112 1162 2160 προσήκοντες
1183 2129 1280 2151 κατα
1301 2116 1407 2161 γένος
1428 2114 1577 2162 ἐπετρό-

914 2172 1042 2195 πευον.
1074 2163 1130 2195 De
1144 2163 1576 2206 ipsapropinquitatenec

913 2206 1020 2239 Plato
1043 2217 1111 2239 nec
1131 2207 1331 2250 Xenophon
1353 2218 1421 2241 nec
1436 2209 1576 2241 Isocra·

914 2254 971 2283 tes
994 2251 1105 2283 ullam
1135 2252 1276 2284 faciunt
1297 2254 1530 2292 mentionem;
1554 2264 1576 2285 a

911 2296 1170 2338 posterioribus
1184 2297 1344 2335 Pericles
1357 2297 1459 2330 modo
1475 2297 1578 2329 vitri—

915 2351 996 2381 cus,
1026 2340 1129 2374 modo
1154 2341 1354 2374 avunculus
1376 2340 1576 2374 Alcibiadis

912 2384 1054 2423 dicitur,
1077 2395 1112 2421 v,
1130 2385 1273 2421 Cornel.
1290 2386 1379 2428 Nep.
1397 2385 1475 2418 Alc.
1494 2395 1525 2419 c.
1545 2388 1575 2420 1.

912 2430 993 2462 val.
1011 2429 1183 2464 Max.H1.
1203 2432 1217 2462 1
1238 2433 1309 2463 ext.
1324 2432 1353 2463 1.
1370 2429 1451 2462 Aul.
1480 2430 1574 2464 Gen.

915 2476 967 2515 15,
987 2476 1038 2514 17,
1056 2477 1092 2507 et
1107 2475 1255 2506 Aristid.
1273 2474 1336 2507 111.
1360 2484 1394 2517 p.
1412 2475 1477 2507 542
1510 2474 1575 2506 So-

913 2523 1050 2551 cratem
1072 2518 1164 2551 dicit
1185 2519 1320 2551 Pericli
1342 2518 1574 2551 maledixisse

917 2563 1011 2606 apud
1026 2563 1263 2604 Alcibiadem,
1285 2555 1314 2608 ᾦ
1330 2558 1439 2601 θεῖός
1455 2573 1494 2596 τε
1509 2561 1574 2596 καὶ

918 2602 1114 2659 ἐπίτροπος
1142 2605 1208 2640 καὶ
1229 2601 1316 2641 ἀντὶ
1345 2606 1411 2640 τοῦ
1434 2603 1574 2651 πατρὸς

914 2664 974 2695 ην.
1012 2652 1052 2684 Id
1075 2652 1177 2685 modo
1196 2655 1349 2689 constat,
1374 2651 1574 2685 Alcibiadis

915 2700 1064 2729 matrem
1087 2695 1332 2730 Dinomachen
1359 2696 1468 2729 filiam
1498 2697 1574 2729 Me-

915 2741 1044 2783 gaclia,
1054 2740 1274 2784 etMegaclis
1283 2751 1438 2774 sororem
1446 2742 1573 2783 Agar-i-

915 2790 995 2818 sten
1016 2785 1167 2818 Periclis
1189 2790 1339 2818 matrem
1364 2786 1495 2825 fuisse,
1526 2786 1573 2819 cf.

915 2830 1011 2863 Plut.
1035 2830 1060 2862 l.
1085 2830 1108 2862 l.
1134 2833 1171 2863 et
1186 2829 1357 2863 Herodot.
1375 2830 1435 2863 VI.
1454 2832 1529 2864 133.
