1696 2976
154 134 180 175 8
679 132 1018 168 PRAEFATIO

155 249 298 300 quippe
318 250 497 298 putantes
524 244 764 296 reipublicae
792 243 1067 296 gubernandae
1095 243 1303 284 sollertiam
1332 257 1408 284 non
1436 257 1551 296 posse

156 304 319 344 aliorum
351 303 568 353 comparari
601 301 776 340 doctrina
810 306 848 340 et
867 302 1119 340 institutione.
1178 301 1301 352 Atque
1335 300 1434 339 hanc
1461 313 1550 340 sen-

157 356 312 400 tentiam
334 358 428 397 illud
450 370 603 408 quoque
623 356 772 396 videtur
800 357 1054 402 confirmare,
1083 356 1186 407 quod
1214 355 1282 395 tilii
1310 368 1549 396 summorum

155 418 328 454 virorum
359 421 395 452 et
415 414 454 451 in
483 411 680 463 republica
709 412 1031 457 clarissimorum,
1063 413 1236 463 quamvis
1265 411 1551 462 diligentissime

157 472 300 511 fuerint
320 470 470 509 educati
491 474 528 508 et
548 469 719 512 instituti,
743 474 869 507 tamen
890 469 1085 507 rarissime
1114 468 1162 507 ad
1192 472 1375 518 paternae
1403 468 1552 507 virtutis

155 526 288 566 laudes
308 526 547 577 perveniunt,
570 526 645 563 imo
666 536 946 575 saepenumero
975 524 1023 562 ab
1055 535 1099 563 ea
1119 522 1329 575 plurimum
1352 524 1550 563 recedunt.

156 584 225 622 His
246 582 430 633 expositis
451 581 630 620 Socrates
651 586 763 630 rogat
778 580 1043 630 Protagoram,
1065 586 1120 625 ut,
1142 581 1172 618 si
1195 580 1286 630 quid
1302 579 1453 622 habeat,
1475 591 1552 630 quo

155 639 276 690 possit
310 638 410 676 hanc
445 636 722 675 dubitationem
757 637 883 674 animo
919 647 988 674 suo
1021 636 1211 680 eximere,
1247 635 1284 674 id
1304 634 1394 675 velit
1421 647 1551 674 secum

156 695 456 734 communicare.
498 693 538 731 Ρ.
562 694 642 735 319
662 693 692 730 Α
712 715 764 721 -
789 695 868 734 320
890 691 932 730 Β.

267 750 509 798 Protagoras
531 747 712 798 precibus
741 749 822 786 eius
843 747 1128 792 satisfacturus,
1158 759 1267 786 more
1295 747 1552 798 sophistarum

154 806 309 857 longam
330 805 480 843 orditur
511 805 734 842 orationem.
800 803 906 849 Quae
927 815 1003 855 quo
1024 804 1145 853 magis
1167 804 1290 854 capiat
1310 802 1554 854 deleniatque

158 861 393 901 audientium
417 861 575 904 animos,
599 859 798 898 exordium
819 859 925 898 ducit
945 870 965 897 a
988 858 1138 898 fabulae
1159 860 1381 898 narratione
1402 858 1448 897 ad
1469 870 1553 897 rem

155 922 399 969 praesentem
416 917 505 954 satis
520 914 646 965 lepide
663 915 909 965 excogitatae.
950 914 1076 959 Quum
1092 920 1256 965 tempus,
1275 915 1409 964 inquit,
1429 915 1554 953 venis-

156 979 232 1018 set,
268 984 343 1024 quo
379 971 516 1010 ordine
549 971 716 1009 fatorum
752 971 853 1009 varia
885 969 1107 1009 animalium
1146 982 1287 1020 genera
1324 982 1370 1008 ex
1405 968 1555 1008 telluris

156 1029 304 1080 gremio
324 1029 363 1066 in
391 1026 483 1065 solis
509 1026 634 1065 lucem
665 1025 876 1076 prodirent,
898 1026 1129 1065 Prometheo
1159 1032 1197 1065 et
1225 1025 1451 1076 Epimetheo
1482 1025 1556 1064 hoc

159 1084 332 1123 muneris
353 1095 373 1120 a
392 1082 463 1120 diis
479 1082 701 1120 mandatum
722 1087 790 1125 est,
812 1087 854 1120 ut
874 1081 1035 1132 singulis
1049 1083 1149 1121 vires
1170 1081 1447 1132 facultatesque
1466 1092 1555 1120 suas

157 1140 385 1179 tribuerent.
435 1138 531 1177 Rem
551 1138 784 1177 Prometheo
806 1137 963 1176 absente
983 1138 1141 1188 suscipit
1160 1136 1420 1188 Epimetheus,
1442 1142 1555 1188 atque

154 1198 206 1235 ita
228 1195 478 1239 administrat,
499 1199 542 1232 ut
561 1193 642 1232 aliis
663 1193 796 1237 robur,
819 1192 901 1232 aliis
922 1194 1201 1242 pernicitatem,
1223 1192 1306 1231 aliis
1327 1192 1396 1231 alia
1418 1191 1557 1243 largia-

156 1258 239 1296 tur,
277 1250 488 1302 prudenter
523 1250 559 1288 id
595 1261 758 1294 curans,
789 1261 838 1287 ne
867 1248 968 1300 quod
998 1260 1120 1299 genus
1141 1250 1299 1288 interire
1319 1254 1385 1287 aut
1404 1247 1452 1287 ab
1473 1247 1557 1288 aliis

157 1307 277 1347 deleri
304 1307 435 1356 possit.
497 1305 571 1344 Sed
602 1306 709 1344 ecce!
750 1310 904 1355 peracta
935 1316 1139 1344 munerum
1172 1303 1440 1343 distributione
1461 1303 1556 1343 nihil

156 1363 347 1414 reliquum
370 1362 482 1406 videt,
506 1374 581 1412 qno
602 1373 725 1412 genus
745 1361 945 1399 hominum
967 1366 1090 1399 ornet.
1139 1360 1237 1399 Dum
1265 1361 1378 1412 inops
1406 1359 1556 1399 consilii

155 1419 301 1464 haeret,
324 1418 413 1468 quid
442 1418 659 1457 faciendum
681 1417 739 1461 sit,
770 1417 922 1455 advenit
949 1416 1205 1455 Prometheus
1232 1417 1371 1456 virium
1398 1414 1558 1455 faculta-

153 1481 313 1525 tumque
334 1473 642 1512 distributionem
663 1473 921 1523 inspecturus.
981 1472 1092 1511 Hunc
1119 1484 1211 1512 vero
1232 1473 1346 1512 sortis
1366 1471 1557 1511 humanae

155 1529 265 1570 valde
293 1529 493 1580 poenituit.
559 1529 690 1580 Itaque
719 1540 768 1567 ne
797 1539 920 1579 genus
947 1528 1146 1566 hominum
1169 1527 1315 1566 nudum
1346 1533 1383 1566 et
1411 1528 1557 1566 inerme

154 1586 458 1636 relinqueretur,
498 1586 636 1623 artium
667 1584 963 1623 factitandarum
991 1584 1217 1634 sapientiam
1245 1595 1320 1622 una
1350 1595 1438 1622 cum
1466 1584 1555 1633 igne

155 1640 326 1680 Vulcano
348 1646 385 1679 et
404 1640 597 1679 Minervae
618 1640 803 1690 surripuit
824 1652 984 1690 eamque
1013 1639 1234 1678 hominibus
1254 1639 1450 1690 impertiit.
1492 1639 1556 1678 Sic

157 1698 307 1737 divinae
328 1697 442 1735 sortis
464 1698 673 1747 participes
694 1696 782 1734 facti
803 1695 952 1745 diisque
974 1696 1125 1745 cognati
1147 1701 1184 1734 et
1204 1695 1297 1734 deos
1318 1706 1402 1734 esse
1422 1693 1556 1734 crede·

156 1754 250 1792 bant
270 1764 433 1803 arasque
455 1765 499 1790 ac
521 1752 680 1790 deorum
702 1751 905 1790 simulacra
928 1750 1223 1796 constituebant,
1254 1755 1292 1789 et
1311 1762 1445 1789 vocem
1465 1751 1556 1789 arti-

157 1808 337 1848 culabant
365 1813 403 1847 et
431 1807 609 1846 alimenta
638 1807 711 1846 sibi
738 1806 984 1846 inveniebant
1022 1812 1058 1845 et
1085 1808 1310 1846 vestimenta
1353 1805 1555 1858 parabant,

156 1865 243 1909 sed,
273 1876 393 1915 quum
415 1865 575 1902 civitatis
604 1862 842 1902 ordinandae
871 1862 1221 1914 gubernandaeque
1249 1867 1331 1901 arte
1359 1863 1556 1901 etiamtum

157 1926 335 1959 carerent
357 1920 521 1970 ideoque
542 1919 705 1970 dispersi
727 1918 957 1962 habitarent,
980 1918 1188 1957 bestiarum
1210 1918 1369 1969 impetui
1388 1919 1557 1968 impares

156 1977 298 2014 misere
335 1975 382 2013 ab
414 1976 458 2013 iis
489 1974 656 2014 dilaniati
687 1975 899 2025 perierunt.
959 1974 1091 2025 Itaque
1117 1974 1239 2012 mutui
1278 1972 1405 2012 auxilii
1435 1974 1556 2024 gratia

158 2030 414 2070 condiderunt
437 2032 639 2069 societates
659 2035 773 2081 atque
785 2029 914 2074 urbes,
937 2042 1013 2081 quo
1035 2029 1203 2068 ferarum
1220 2034 1399 2068 arcerent
1418 2028 1556 2068 crude-

155 2087 313 2126 litatem.
364 2088 411 2125 Αι
432 2087 534 2124 enim
557 2086 652 2124 haec
673 2098 735 2125 res
757 2085 898 2124 nullam
929 2086 975 2123 iis
996 2085 1121 2124 attulit
1146 2084 1321 2124 salutem.
1372 2084 1467 2124 Nam
1496 2085 1555 2123 vix

156 2143 344 2185 coierunt.
367 2154 485 2193 quum
507 2142 696 2181 intestinis
718 2140 827 2179 bellis
848 2140 974 2180 subito
1001 2142 1146 2179 coortis
1165 2152 1303 2180 rursus
1323 2140 1557 2191 dissipantur

157 2211 201 2237 ac
230 2198 356 2237 denuo
384 2190 568 2247 pristinae
596 2197 772 2236 fortunae
802 2195 1015 2235 crudelitati
1043 2196 1289 2235 obiiciuntur.
1347 2195 1446 2235 Tum
1466 2207 1558 2235 vero

156 2254 285 2293 lovem
315 2254 435 2303 tangit
463 2254 617 2303 generis
645 2252 802 2292 humani
831 2252 1107 2291 misericordia.
1165 2251 1222 2291 Ne
1250 2253 1367 2303 igitur
1386 2251 1558 2291 funditus

155 2309 249 2348 illud
271 2308 478 2354 deleretur,
518 2309 752 2348 Mercurium
782 2308 820 2345 in
835 2313 961 2347 terras
981 2308 1143 2352 demisit,
1166 2309 1232 2359 qui
1247 2308 1339 2346 feris
1359 2307 1556 2346 hominum

157 2364 380 2416 pectoribus
399 2366 582 2404 iustitiam
603 2370 640 2404 et
660 2363 848 2415 pudorem
877 2365 1062 2403 iniiceret.
1113 2364 1211 2403 Hinc
1237 2375 1340 2407 vero,
1360 2364 1411 2402 ita
1432 2363 1558 2414 pergit

156 2421 401 2470 Protagoras,
422 2420 514 2459 hinc
542 2421 684 2459 sactum
706 2424 781 2462 est.
813 2425 855 2458 ut
883 2419 1059 2458 homines
1086 2425 1196 2458 antea
1225 2419 1387 2469 dispersi
1415 2417 1556 2457 conde·

156 2482 244 2516 rent
276 2474 395 2515 urbes
427 2482 463 2515 et
490 2477 683 2521 civitates,
719 2474 916 2526 civilisque
953 2476 1143 2514 societatis
1172 2473 1333 2514 vinculis
1362 2474 1556 2512 coniuncti

156 2533 283 2572 vivere
317 2532 542 2583 inciperent.
603 2532 644 2571 P.
668 2535 747 2576 320
776 2531 804 2571 C
831 2554 885 2558 —-
928 2534 1009 2573 322
1030 2531 1072 2571 D.
1131 2531 1211 2570 Hac
1244 2534 1371 2570 autem
1405 2530 1556 2568 ratione

158 2589 339 2639 quoniam
360 2599 495 2627 omnes
516 2588 661 2638 pariter
682 2587 843 2626 iustitiae
873 2593 910 2625 et
930 2587 1090 2637 pudoris
1109 2586 1318 2637 participes
1345 2585 1433 2623 facti
1453 2589 1554 2629 sunt,

158 2643 375 2682 mirandum
396 2655 474 2682 non
496 2649 563 2689 est,
595 2644 695 2694 quod
725 2644 762 2681 in
782 2642 1024 2693 publicarum
1055 2654 1186 2681 rerum
1215 2639 1556 2680 deliberationibus

158 2700 275 2738 cuivis
305 2700 517 2739 sententiae
549 2711 639 2738 suae
677 2698 831 2750 publice
873 2698 1057 2737 dicendae
1083 2702 1253 2749 potestas
1282 2696 1406 2736 datur.
1479 2695 1555 2734 Sed

158 2766 276 2807 quum
299 2766 434 2795 omnes
452 2755 615 2795 iustitiae
645 2760 681 2794 ct
702 2755 862 2805 pudoris
881 2765 1043 2792 munere
1065 2754 1260 2796 fruantur,
1283 2757 1410 2791 tamen
1430 2750 1555 2790 homi·

158 2822 229 2850 nes
249 2811 427 2850 virtutem
444 2823 521 2850 non
544 2823 632 2851 casn
651 2817 687 2849 et
704 2812 855 2849 fortuna
876 2809 949 2850 sibi
966 2811 1202 2859 contingere,
1223 2807 1289 2847 sed
1307 2808 1553 2851 institutione,
