1696 2918
617 528 1081 572 PRAEFATIO

818 633 884 665 AD

475 725 1219 782 PROTAGORAM.

222 956 273 996 Ut
295 955 397 1006 apud
417 955 633 1006 Diogenem
654 954 784 993 Laert
805 953 869 999 lIl,
893 957 959 998 59,
982 954 1034 992 ita
1054 954 1094 991 in
1124 952 1305 992 omnibus
1330 952 1442 993 libris
1466 956 1564 994 scri-

139 1013 215 1063 ptis
234 1017 272 1052 et
295 1013 333 1051 in
355 1010 554 1051 veteribus
576 1011 813 1050 editionibus
835 1010 952 1049 huius
983 1009 1126 1060 dialogi
1151 1011 1356 1061 inscriptio
1377 1014 1471 1050 haec
1496 1025 1563 1051 ex-

139 1068 318 1108 hibetur:
361 1065 667 1133 Πρωταγόρας
694 1061 724 1119 ἠ
757 1066 993 1118 Σοφισταί.
1035 1067 1160 1132 Quem
1184 1066 1382 1117 duplicem
1403 1067 1560 1108 titulum

139 1137 376 1190 quamquam
405 1137 486 1164 nou
513 1126 596 1175 ipse
627 1123 736 1163 Plato
762 1123 863 1163 libro
902 1124 1204 1175 praescripsisse
1232 1124 1427 1174 putandus
1463 1124 1564 1178 est¹)‚

138 1188 270 1222 tamen
291 1195 338 1222 eo
359 1183 444 1233 ipso
465 1192 685 1226 monemur,
715 1181 869 1232 utqui
897 1181 1162 1232 sophistae
1191 1181 1315 1231 apud
1347 1182 1565 1222 Graecos

139 1239 265 1278 dicti
295 1240 416 1284 sint,
446 1238 616 1278 breviter
641 1237 892 1289 explicemus.
944 1236 1038 1277 Fuit
1066 1237 1170 1276 enim
1191 1236 1286 1276 illud
1316 1250 1459 1278 nomen
1482 1239 1565 1279 aliis

138 1295 386 1348 temporibus
413 1295 752 1340 honestissimum,
784 1293 867 1333 aliis
887 1294 985 1333 adeo
1016 1294 1264 1339 invidiosum,
1297 1300 1338 1334 ut
1360 1295 1490 1341 multi,
1515 1308 1564 1335 ne

138 1352 343 1392 hominum
363 1357 639 1404 premerentur
657 1351 761 1396 odio,
789 1350 895 1390 illam
916 1350 1220 1403 appellationem
1242 1358 1562 1402 aspernarentur.

139 1412 265 1462 Atque
285 1410 444 1461 antiquo
474 1414 652 1460 tempore
674 1408 871 1459 sophistae
903 1420 1039 1447 omnes
1061 1407 1247 1460 appellati
1268 1414 1378 1453 sunt,
1413 1410 1480 1460 qui
1505 1409 1565 1448 vel

138 1467 284 1518 ingenii
306 1465 573 1516 magnitudine
609 1477 823 1517 rerumque
860 1476 935 1504 usu
965 1463 1025 1503 vel
1055 1463 1260 1516 disciplina
1291 1464 1419 1518 aliqua
1448 1478 1564 1518 prae-

139 1524 252 1575 cipua
273 1528 429 1575 praeter
450 1527 603 1562 ceteros
622 1534 761 1573 sapere
780 1522 849 1561 visi
870 1526 980 1567 sunt,
1011 1527 1054 1560 ut
1076 1522 1178 1560 inter
1200 1521 1415 1573 sophistam
1441 1528 1479 1562 et
1498 1536 1559 1562 sa-

138 1581 311 1631 pientem
331 1578 429 1619 nihil
443 1580 662 1619 interesset.
695 1578 743 1617 Et
765 1580 891 1630 patuit
908 1577 1003 1618 illud
1019 1590 1165 1617 nomen
1181 1590 1305 1629 aeque
1322 1578 1398 1619 late
1421 1592 1466 1619 ac
1495 1592 1565 1618 no-

138 1648 230 1677 men
241 1635 414 1690 σοφίας,
436 1636 718 1680 undeducitur,
731 1648 807 1687 quo
827 1635 1028 1681 vocabulo,
1041 1635 1160 1674 Suida
1182 1640 1278 1674 teste
1288 1634 1331 1687 ²),
1352 1635 1566 1687 quamlibet

139 1693 396 1746 disciplinam,
421 1699 460 1733 et
475 1698 600 1732 artem
612 1692 907 1743 etprudentiam
925 1698 1041 1744 atque
1057 1692 1261 1731 scientiam
1279 1692 1563 1743 significabant.

139 1749 274 1801 ltaque
302 1762 381 1789 non
414 1749 530 1789 modo
562 1754 702 1801 poetae
724 1761 860 1789 omnes
892 1750 1017 1800 etqui
1045 1761 1181 1788 rerum
1210 1749 1507 1800 investigatione
1528 1756 1565 1790 et

140 1808 366 1858 cognitione
392 1805 706 1851 delectabantur,
743 1806 813 1846 sed
841 1806 868 1844 ii
898 1806 1026 1850 etiam,
1058 1806 1123 1856 qui
1155 1805 1443 1856 rempublicam
1470 1819 1564 1858 pru-

140 1863 247 1903 denti
270 1863 580 1904 moderabantur
610 1861 796 1907 consilio,
833 1862 1034 1914 sophistae
1064 1867 1102 1901 et
1122 1862 1244 1901 habiti
1272 1868 1311 1902 et
1334 1863 1428 1903 dicti
1456 1870 1562 1904 sunt.

140 1919 363 1961 Herodotus
392 1920 549 1973 quidem
570 1924 609 1960 et
630 1919 826 1965 Solonem,
854 1931 969 1970 quem
1004 1932 1050 1958 ex
1071 1918 1372 1959 Atheniensibus
1392 1922 1565 1972 primum

140 1978 355 2029 sophistam
387 1977 623 2030 appellatum
645 1989 730 2016 esse
750 1974 980 2028 Isocrates3)
1009 1976 1185 2022 tradidit,
1222 1981 1259 2015 et
1290 1982 1461 2023 ceteros,
1499 1979 1565 2029 qui

142 2035 304 2086 proprie
325 2034 401 2074 dici
423 2033 548 2075 solent
570 2034 778 2085 sapientes,
798 2033 995 2085 sophistae
1020 2034 1179 2073 nomine
1200 2035 1438 2085 nuncupavit
1458 2034 1525 2074 lib.
1547 2035 1564 2074 Ι

143 2103 176 2130 c.
197 2093 264 2134 29.
286 2091 343 2131 Eo
366 2092 468 2131 enim
487 2091 575 2131 loco
595 2090 793 2143 Lydorum
816 2089 958 2141 opibus
979 2101 1051 2140 per
1067 2089 1258 2130 Croesum
1281 2093 1404 2132 auctis
1422 2092 1565 2132 Sardes

142 2149 381 2188 concessisse
402 2150 454 2188 ait
474 2160 595 2202 quum
625 2147 722 2188 alios
743 2159 884 2187 omnes
906 2147 1122 2199 sophistas,
1157 2148 1225 2200 qui
1247 2160 1293 2187 eo
1325 2155 1504 2200 tempore
1526 2150 1563 2188 in

231 2319 264 2361 1)
290 2319 444 2352 Procius
474 2319 512 2351 in
535 2318 710 2351 Politiam
739 2329 774 2360 p.
792 2319 859 2351 350
888 2317 973 2350 edit.
1002 2317 1098 2349 Plat.
1129 2317 1247 2349 Basil.
1273 2318 1310 2352 Ι·
1343 2317 1559 2374 (δείξαντες

139 2363 311 2444 magns
329 2356 946 2442 ἐπιγραφῇςὲέἔέἕρχέἐῖαῗαέὲἴ
968 2360 1230 2441 tiaras?
1253 2360 1433 2451 κὲξθάπῗρ
1451 2362 1565 2401 “²²⁰“

140 2420 913 2497 {ffizdsssslssoeffffn1l.⁷ffi‘l>gen.ffaertJILffl
933 2457 970 2485 et
986 2419 1170 2485 Stullbpaum
1185 2408 1564 2498 &rilegqvglcffiffiffl

138 2500 458 2601 Poligpnigwffiss.
477 2544 614 2584 κοινῶς
630 2539 811 2578 ἁπάντων
833 2538 1025 2588 μα’θησιν,
1048 2541 1115 2576 καὶ
1140 2539 1210 2587 τὴν
1227 2543 1384 2591 τέχνην,
1408 2547 1475 2581 καὶ
1494 2544 1565 2592 τὴν

141 2586 330 2635 φρόνησιν
344 2590 411 2625 καὶ
429 2586 652 2641 ἐπιστήμην,
671 2585 738 2624 τὸν
755 2589 862 2624 νοῦν.

225 2636 264 2689 3)
291 2637 352 2672 Or
370 2637 450 2690 XV,
468 2639 550 2670 313:
570 2646 658 2674 τους
674 2633 943 2688 καλουμένους
952 2629 1138 2686 σοφιστάς
1141 2629 1379 2686 ἐθαυμαζον
1390 2636 1457 2672 καὶ
1474 2635 1565 2679 τοὺς

140 2677 327 2721 συνόντας
345 2676 477 2721 αυτοῖς
495 2677 679 2737 ἐζήλουν.
700 2677 887 2715 ,Σόλωνα
904 2676 974 2722 μὲν
1000 2675 1083 2723 γάρ,
1109 2675 1178 2713 τὸν
1201 2682 1351 2734 πρῶτον
1368 2683 1442 2718 τῶν
1457 2687 1564 2719 πολι-

139 2722 404 2810 ἷιεὸᾱνςλεοὶξέέῒτα
433 2722 504 2771 τὴν
528 2722 749 2769 ἐπωνυμίαν
775 2722 939 2769 ταύτην,
972 2720 1188 2769 προστάτην
1214 2722 1385 2770 ἠξίωσαν
1413 2729 1480 2773 τῆς
1495 2726 1564 2764 πό-

185 2838 292 2866 un·
317 2839 422 2864 ruozi·
1271 2836 1292 2874 1
