1696 3008
171 166 198 207 2
698 168 1034 207 PRAEFATIO

172 279 333 319 Graecia
355 279 530 324 fuissent,
563 283 643 317 tum
672 289 763 318 vero
783 277 963 319 Solonem
985 276 1302 331 Atheniensem.⁴)
1352 279 1395 319 ln
1424 278 1558 319 eodem

171 347 334 375 numero
355 335 457 386 apud
482 334 646 374 eundem
667 335 894 385 scriptorem
915 333 980 374 lib.
1002 334 1048 374 lV
1066 348 1099 374 c.
1125 337 1177 378 95
1197 334 1432 386 Pythagoras
1451 336 1560 387 poni·

171 397 233 430 tur
254 404 300 430 ex
321 392 479 441 eiusque
508 390 707 441 disciplina
728 390 915 430 Zamolxis
931 403 1081 429 morum
1102 390 1333 442 probitatem
1367 395 1404 430 et
1422 391 1560 430 sancti-

170 451 286 486 tatem
306 446 487 486 habuisse
508 445 780 498 perhibetur5).
799 446 946 493 Quibus
963 447 1051 485 viris
1068 450 1215 497 poetae,
1233 450 1275 486 ut
1290 446 1378 492 dixi,
1400 452 1561 498 possunt

171 503 277 546 addi,
308 503 373 553 qui
398 514 419 541 a
448 502 576 542 multis
604 502 810 553 sophistico
842 503 997 541 nomine
1026 502 1227 551 significati
1256 509 1366 546 sunt,
1403 501 1517 541 veluti
1539 514 1560 542 a

170 558 336 597 Pindaro
362 558 495 598 Isthm
527 557 598 597 Od
624 557 683 597 IV.
714 571 747 597 v.
777 562 829 601 32
858 563 894 597 et
923 571 942 597 a
971 558 1125 597 Cratino
1154 558 1192 596 in
1224 557 1485 602 Archilochis,
1518 562 1561 597 ut

170 614 346 653 Clemens
371 613 477 654 Alex.
508 614 647 653 Strom.
677 614 693 653 1
722 626 759 665 p.
788 616 870 656 280
900 614 1032 653 docet:
1069 614 1349 664 Κρατῖνος..
1381 610 1562 665 ποιητὰς

169 666 405 718 καταλέξας
433 669 517 722 ἔφη
550 661 658 708 Οἶον
679 670 904 721 σοφιστῶν
924 669 1097 738 σμῆνος
1124 663 1430 721 ανεδιφήσατε,
1459 670 1559 708 conf

169 726 359 777 Diogenes
398 726 524 765 laert.
551 726 727 764 Prooem.
761 728 832 767 12:
877 723 934 763 Oc
958 722 1089 777 σοφοὶ
1120 721 1193 764 καὶ
1229 734 1280 764 σο
1320 721 1434 764 ισταὶ
1464 722 1559 764 ἐκα-

132 802 135 804 -
169 781 352 832 λοῦντο,
394 779 466 820 καὶ
496 776 550 820 οὐ
588 778 747 834 μόνον,
785 777 897 819 αλλα
938 778 1010 820 καὶ
1050 778 1097 819 οῖ
1127 793 1303 848 ποιηται
1341 780 1559 832 σοφισταί,

169 833 288 877 καθα
318 833 390 877 καὶ
420 837 638 889 Κρατῖνος
668 834 719 876 ἐν
744 833 975 890 Ἀρχιλόχῳ
1005 833 1107 883 τοὺς
1145 833 1246 888 περὶ
1263 833 1460 889 ΡΌμηρον
1488 832 1561 875 καὶ

162 888 389 932 Ἡσίοδον
401 889 595 932 ἐπαινῶν
626 890 762 939 οὕτως
789 892 926 931 καλεῖ.
967 892 1056 931 Illos
1078 898 1205 932 autem
1230 892 1406 932 homiues
1427 904 1561 932 omnes

171 948 221 988 ob
244 950 281 988 id
303 950 441 1001 ipsum,
471 950 557 1000 quia
578 950 615 987 in
637 949 872 998 gravissimis
894 947 1012 987 rebus
1040 949 1204 987 maxima
1227 948 1453 988 videbantur
1477 959 1560 987 esse

168 1005 431 1054 intelligentia,
450 1005 641 1055 sophistas
666 1003 876 1055 appellatos
897 1016 992 1050 esse,
1013 1016 1092 1043 non
1108 1010 1150 1043 ut
1171 1017 1215 1043 eo
1237 1005 1392 1043 nomine
1424 1003 1560 1042 irride·

169 1065 317 1105 rentur,
340 1060 378 1099 id
396 1065 433 1099 et
451 1072 520 1110 per
541 1072 582 1100 se
604 1060 846 1099 manile-stum
864 1065 931 1105 est,
956 1065 992 1099 et
1012 1059 1211 1099 Themistii
1232 1060 1449 1099 testimonio
1469 1071 1559 1098 con·

170 1121 255 1161 stat,
282 1117 390 1155 cuius
407 1115 522 1155 verba
545 1128 602 1155 or.
627 1115 759 1155 XXlll.
786 1127 823 1166 p.
845 1118 926 1159 286
949 1115 1046 1156 baec
1065 1120 1173 1155 sunt:
1202 1112 1267 1155 ὅτι
1297 1113 1432 1155 πάλαι
1458 1110 1561 1154 τοῦ-

169 1185 283 1224 νομα
311 1172 441 1211 τοῦτο
472 1167 495 1211 ὁ
524 1167 735 1223 σοφιστὴς
763 1168 927 1222 σεμνόν
947 1184 993 1210 τε
1021 1162 1080 1222 ἦν
1100 1168 1173 1210 καὶ
1192 1168 1261 1210 ἐπ’
1293 1168 1468 1219 ἀξιώσει
1488 1167 1561 1210 καὶ

170 1225 234 1268 ὅτι
265 1225 453 1268 Σόλωνα
483 1224 700 1295 σοφιστὴν
740 1223 967 1293 ω’νόμαζον
1004 1224 1051 1266 oC
1084 1224 1181 1266 τότε
1226 1223 1480 1294 ἅνθρωποι
1487 1223 1561 1266 καὶ

168 1281 462 1350 Πυθαγόραν,
485 1280 784 1335 ἀπειροκάλου
802 1277 860 1322 ἄν
878 1284 943 1335 εἴη
966 1281 1295 1337 κωμῳδοποιων
1314 1278 1428 1335 ὑμᾶς
1455 1276 1560 1322 ὑπο-

167 1337 432 1392 μιμνήσκειν
460 1338 533 1379 καὶ
560 1337 865 1405 ξυγγραφέων.

252 1396 422 1436 Verum
412 1408 444 1434 ιε
465 1396 630 1435 nominis
652 1395 775 1434 honos
802 1395 903 1434 haud
931 1395 996 1434 diu
1024 1396 1164 1435 mansit
1183 1395 1374 1446 variisque
1399 1394 1447 1435 de
1469 1407 1559 1434 cau-

169 1453 220 1491 sis
236 1451 300 1491 illa
324 1451 528 1504 appellatio
548 1453 588 1490 in
611 1452 789 1490 invidiam
811 1452 1142 1502 offensionemque
1165 1451 1366 1490 hominum
1386 1451 1559 1490 incurrit.

167 1507 400 1548 Themistius
420 1508 444 1547 l.
464 1507 489 1547 l.
511 1507 550 1546 id
573 1507 715 1546 sactum
735 1519 819 1547 esse
844 1507 947 1552 dicit,
978 1519 1024 1546 ex
1046 1519 1123 1558 quo
1145 1507 1375 1558 Protagoras
1397 1511 1435 1546 et
1464 1507 1558 1546 Pro-

169 1564 277 1603 dicus
300 1569 338 1603 et
357 1563 520 1613 Gorgias
542 1562 607 1602 illo
628 1564 783 1603 nomine
811 1568 1007 1614 assumpto
1034 1564 1261 1614 sapientiam
1288 1562 1460 1602 venalem
1485 1562 1559 1602 cir-

169 1619 438 1659 cumtulissent
456 1631 527 1659 nec
549 1620 624 1658 nisi
639 1630 779 1669 magno
801 1619 925 1670 pretio
948 1618 1031 1658 aliis
1054 1618 1310 1658 tradidissent.
1350 1619 1457 1664 Quae
1473 1629 1559 1657 sen·

166 1677 285 1715 tentia
302 1687 534 1726 quamquam
553 1687 630 1714 non
658 1688 703 1715 ex
724 1676 828 1714 omni
844 1680 954 1726 parte
978 1686 1064 1714 vera
1085 1679 1143 1714 est
1166 1686 1291 1725 neque
1309 1686 1330 1713 a
1349 1673 1558 1724 Protagora

168 1737 232 1770 aut
250 1732 391 1781 Gorgia
414 1737 479 1771 aut
494 1731 659 1771 Prodico
681 1743 794 1771 causa
814 1730 914 1770 illius
933 1732 970 1770 in
993 1730 1182 1782 sophistas
1202 1730 1279 1770 odii
1296 1734 1353 1770 est
1370 1729 1557 1774 ducenda,

166 1791 294 1826 tamen
322 1788 360 1826 id
382 1793 530 1827 certum
557 1792 625 1831 est,
654 1787 768 1826 huius
789 1786 965 1826 vocabuli
989 1788 1060 1826 rim
1089 1786 1241 1826 illorum
1262 1790 1385 1826 aetate
1404 1797 1482 1824 non
1503 1783 1558 1824 le—

165 1844 262 1882 viter
283 1855 366 1883 esse
387 1848 584 1882 mutatam.
609 1843 667 1882 Ad
690 1842 782 1882 illud
808 1849 969 1894 tempus,
998 1848 1040 1881 ut
1059 1843 1237 1887 vidimus,
1268 1841 1463 1893 sophistae
1489 1853 1557 1880 no-

166 1899 299 1938 minati
320 1904 420 1945 sunt,
442 1900 662 1951 quicunque
683 1911 729 1939 ex
749 1900 928 1938 universo
947 1911 1089 1949 genere
1109 1898 1279 1938 humano
1299 1898 1346 1937 ad
1369 1900 1557 1937 summam

167 1953 444 1994 humanitatem
470 1956 690 2006 pervenisse
718 1955 959 1995 videbantur.
1013 1954 1089 1994 Sed
1117 1966 1235 2007 quum
1272 1953 1431 2004 siugulis
1462 1953 1558 1992 vitae

166 2010 372 2061 generibus
395 2023 463 2051 sua
485 2023 529 2050 ac
552 2012 710 2063 propria
738 2012 892 2050 nomina
917 2012 1068 2050 inventa
1098 2014 1244 2055 essent,
1272 2014 1315 2049 ut
1342 2010 1379 2054 ii,
1418 2009 1482 2060 qui
1520 2009 1558 2047 in

165 2066 247 2118 ipsa
274 2078 407 2106 rerum
429 2067 752 2119 contemplatione
771 2067 938 2107 studium
966 2065 1217 2111 collocabant,
1245 2065 1461 2117 Pythagora
1490 2076 1557 2106 au·

165 2126 273 2162 ctore
299 2121 519 2174 philosophi
551 2122 858 2174 appellarentur,
902 2123 1006 2174 iique
1038 2123 1102 2173 qui
1139 2122 1179 2160 in
1209 2120 1406 2172 republica
1437 2119 1557 2160 admi-

165 2179 362 2218 nistranda
390 2177 640 2222 excellebant,
672 2178 835 2229 politici,
864 2184 944 2217 tum
974 2179 1056 2216 lieri
1084 2189 1161 2217 non
1192 2177 1316 2228 potuit
1348 2177 1437 2228 quin
1465 2175 1556 2215 illud

165 2233 394 2273 vocabulum
423 2233 496 2273 alia
516 2233 794 2285 significatione
814 2246 858 2272 ac
879 2234 1038 2284 pristina
1060 2237 1315 2284 usurparetur
1337 2239 1386 2276 et,
1416 2237 1459 2272 ut
1476 2231 1557 2282 ple·-

136 2323 139 2325 .
164 2301 330 2341 rumque
349 2290 408 2335 fit,
439 2291 477 2329 in
508 2290 677 2330 deterius
696 2290 948 2341 acciperetur.
989 2288 1162 2328 Dilucide
1185 2289 1222 2328 id
1251 2289 1289 2327 in
1318 2286 1559 2340 philosophis

166 2347 359 2390 cernitur;
378 2358 475 2397 quos
497 2349 563 2398 qui
588 2346 756 2385 Socratis
779 2349 902 2385 aetate
923 2344 1115 2395 sophistas
1134 2343 1286 2384 dicebat
1309 2355 1404 2388 esse,
1426 2343 1558 2394 iniquo

164 2402 198 2439 is
217 2402 344 2440 animo
374 2401 511 2452 probri
541 2414 585 2442 ac
613 2401 871 2441 contumeliae
901 2413 1014 2441 causa
1038 2414 1082 2440 ea
1103 2399 1357 2453 appellatione
1375 2409 1468 2438 usus
1487 2404 1556 2443 est,

165 2461 209 2496 nt
229 2469 294 2497 eos
326 2457 510 2508 sapientia
539 2471 608 2498 sua
630 2459 857 2497 veteratorie
886 2456 991 2496 abuti
1020 2457 1263 2508 significaret.
1317 2454 1372 2494 Eo
1394 2452 1556 2493 consilio

164 2512 441 2565 Aristophanes
469 2514 668 2554 Socratem
697 2515 857 2566 eiusque
885 2513 1110 2558 familiares,
1138 2512 1268 2564 Lysias
1294 2509 1493 2551 Platonem
1522 2514 1559 2549 et

253 2693 289 2735 4)
318 2718 325 2726 .
344 2718 352 2727 .
377 2686 620 2726 ἀπικνέονται
650 2686 686 2732 ἐς
714 2686 858 2736 Σάρδις
885 2684 1123 2734 ἀκμαζούσας
1140 2683 1297 2742 πλουτῳ
1320 2680 1425 2722 ἄλλοι
1455 2696 1494 2721 τε
1522 2683 1561 2721 οἱ

164 2748 304 2777 παντες
321 2732 361 2771 ἔκ
385 2749 406 2771 τ
435 2748 452 2776 ς
469 2732 648 2776 Ελλαδος
672 2736 870 2790 σοφισταί)
895 2734 931 2770 οἳ
955 2735 1090 2769 τοῦτον
1110 2729 1176 2769 τὸν
1196 2729 1331 2779 χρόνον
1354 2728 1559 2776 ἔτυγχανον

166 2777 317 2822 ἐόντες.
363 2749 430 2815 naq
445 2777 494 2825 δὴ
511 2780 577 2815 καὶ
595 2777 726 2816 Σόλων
741 2776 838 2835 ἄνῂρ
851 2761 1063 2833 Αθηναῖος.

254 2828 288 2867 5)
317 2793 530 2870 Ζάμολξιν.
550 2820 723 2879 ,Ἕλλησί
734 2837 773 2861 τε
787 2820 1020 2878 optavianum
1034 2822 1099 2858 καὶ
1110 2818 1299 2867 Ελληνων
1313 2832 1359 2857 ου
1377 2821 1427 2867 τῷ
1440 2815 1558 2855 “³⁶02-

166 2868 328 2915 νεστοὶτῳ
345 2871 503 2915 σοφιστῇ
523 2868 732 2916 Πυθαγόρῃ
748 2866 1104 2906 κατασκευάσασθαι
1123 2863 1198 2902 κτὲ.
