1690 2892
381 175 625 215 GORGIAS.
652 175 697 214 P.
730 177 823 213 504.
856 177 948 213 505.
979 174 1039 213 ed.
1070 173 1128 213 St.
1345 173 1424 212 271

73 300 121 339 γε
148 286 226 327 τὸν
252 285 422 327 δίκαιον
460 285 604 339 λόγον,
639 283 711 326 καὶ
740 281 940 334 ἐ’λαττον,·
976 281 1063 325 ἔστι
1087 288 1223 325 ταῦτα
1230 300 1247 332 ,·
1289 283 1426 324 ΚΑΛ.
1458 283 1541 326 505

61 348 223 393 ”Εστω.
280 352 375 392 ΣΩ..
410 351 475 392 Οὐ
502 352 598 404 γάρ,
628 345 769 401 οἶμαι,
807 352 1016 391 λυσιτελεῖ
1051 348 1156 402 μετὰ
1189 348 1430 403 μοχθηρίας

74 418 267 472 σώματος
295 419 372 471 ζῆν
400 416 643 471 ἀνθρώπῳ·
673 416 840 469 ἀνάγκη
869 415 951 469 γὰρ
983 414 1096 457 οὕτω
1127 413 1199 456 καὶ
1238 415 1315 468 ζῆν
1354 429 1428 468 μο-

73 485 259 536 χθηρῶς.
296 480 325 536 ἢ
362 482 440 536 οὐχ
468 481 603 531 οὕτως
654 482 793 523 ΚΑΛ.
835 481 940 522 Ναί.
997 481 1100 523 ΣΩ.
1146 479 1322 521 Οὐκοῦν
1358 482 1430 520 καὶ

72 547 148 597 τὰς
177 547 407 602 ἐπιθυμίας
427 547 765 601 ἀποπιμπλάναι,
796 542 892 588 οἷον
913 548 1125 588 πεινῶντα
1147 548 1304 602 φαγεῖν
1324 541 1430 586 ὅσον

75 615 273 667 βούλεται
318 610 347 667 ἢ
385 614 578 664 διψῶντα
615 616 752 663 πιεῖν,
801 612 1054 665 ὑγιαίνοντα
1095 611 1173 666 μὲν
1221 610 1348 652 ἐῶσιν
1389 610 1433 652 οἱ

75 679 213 733 ἰατροὶ
241 680 298 728 ὥς
326 678 378 720 τὰ
406 679 569 727 πολλοί
597 679 818 732 κάμνοντα
846 676 916 730 δέ,
946 678 1004 727 ὡς
1031 676 1132 727 ε’πος
1161 677 1319 723 εἰπεῖν
1360 677 1431 718 οὐ·

74 742 209 788 δέποτ’
241 745 368 787 ἐῶσιν
396 743 689 798 ἐμπίπλασθαι
709 744 772 786 ὡν
799 743 1023 798 ἐπιθυμεῖ;
1053 746 1285 797 συγχωρεῖς
1302 743 1430 784 τοῦτό

73 826 120 865 γε
158 810 230 853 καὶ
269 813 347 860 66,-
395 812 534 851 ΚΑΛ
562 806 748 864 ”.Εγωγε
805 811 911 853 ΣΩ.
951 808 1058 862 Περὶ
1096 808 1142 850 δὲ
1181 810 1352 863 ψυχήν,
1400 802 1434 849 ὦ
1463 807 1502 849 Β

73 879 241 930 ἄριστε,
283 874 363 931 οὐχ
402 876 426 917 ὁ
468 873 598 925 αὐτὸς
635 877 813 928 τρόπος,·
854 874 933 924 ἕως
971 873 1050 929 μὲν
1088 874 1143 915 ἂν
1179 873 1349 928 πονηρὰ
1388 871 1430 927 ᾗ,
1556 888 1561 894 “

75 943 257 997 ἀνόητός
284 956 328 983 τε
357 938 467 984 οὖσα
495 940 566 984 καὶ
595 942 830 990 ἀκόλαστος
868 940 940 983 καὶ
967 941 1116 989 ἄδικος
1143 940 1214 982 καὶ
1243 941 1430 989 ἀνόσιος,

74 1009 230 1063 εἴργειν
281 1003 419 1062 αὐτὴν
458 1008 525 1049 δεῖ
559 1010 646 1049 τῶν
693 1006 936 1061 ἐπιθυμιῶν
975 1006 1048 1048 καὶ
1086 1005 1144 1060 μὴ
1194 1005 1432 1087 ἐπιτρέπειν

74 1075 161 1115 ἀλλ’
201 1076 306 1115 ἄττα
331 1077 472 1115 ποιεῖν
509 1069 538 1128 ἦ
570 1068 642 1127 ἀφ’
674 1073 736 1114 ὡν
774 1074 953 1126 βελτίων
981 1070 1117 1122 ἐ’σται;
1159 1073 1268 1126 φῃς,
1296 1068 1326 1125 ἢ
1353 1074 1431 1121 οὔ,-

78 1141 215 1181 ΚΑΛ.
258 1139 387 1194 Φημί.
454 1141 554 1182 ΣΩ.
598 1138 723 1180 Οὕτω
763 1140 844 1192 γάρ
885 1153 972 1180 που
1017 1133 1125 1192 αὐτῇ
1164 1140 1344 1191 ἄμεινον
1380 1143 1432 1191 τῇ

74 1211 217 1259 ψυχῇς
248 1206 386 1246 ΚΑΛ.
430 1206 558 1246 Πάνυ
585 1219 644 1258 γε.
701 1206 804 1246 Σῼ.
850 1199 1028 1246 Οὐκοῦν
1055 1203 1104 1244 τὸ
1133 1203 1290 1256 εἴργειν
1319 1202 1433 1244 ἐστὶν

75 1267 146 1323 ἀφ’
178 1270 240 1312 ὡν
270 1269 472 1325 ἐπιθυμεῖ
497 1271 711 1321 κολάζειν;
746 1271 882 1313 ΚΑΛ,
911 1270 1012 1311 Ναί.
1071 1271 1175 1311 ΣΩ.
1221 1268 1280 1311 Τὸ
1309 1269 1432 1310 κολά-

76 1338 224 1387 ζεσθαι
250 1339 335 1389 α”ρα
362 1343 413 1391 τῇ
443 1341 562 1391 ψυχῇ
590 1337 769 1390 ἄμεινόν
797 1334 912 1378 ἐστιν
938 1332 967 1390 ἦ
993 1336 1022 1390 ἡ
1042 1336 1264 1385 ἀκολασία,
1294 1331 1433 1387 ὥςπερ

74 1528 168 1560 einer
190 1527 358 1560 Himicht.
406 1528 590 1560 Praeterea
620 1526 843 1560 Heindorfius
875 1528 966 1560 coni.
1000 1524 1270 1571 ἢτούναντίον,
1303 1523 1324 1570 ἢ
1348 1526 1432 1560 κατά

74 1585 114 1617 γε
138 1585 163 1605 τ.
189 1572 218 1605 δ.
244 1574 269 1605 λ.
295 1573 352 1606 καὶ
377 1573 523 1606 ἔλαττον.
578 1574 667 1606 Mire
690 1574 850 1606 Ficinus:
886 1573 1001 1615 quod
1032 1585 1116 1605 non
1150 1574 1209 1606 sit
1237 1574 1432 1616 profutu-

74 1629 181 1658 rum,
217 1619 296 1651 hoc
326 1622 412 1659 est,
449 1618 548 1661 plus
580 1619 651 1651 vel
681 1620 826 1651 minus
861 1619 932 1651 vel
970 1619 1266 1660 eontrarium,
1308 1630 1431 1662 quam

75 1665 196 1697 iusta
219 1664 359 1697 dictat
381 1665 507 1697 ratio.

142 1710 181 1742 P.
204 1708 281 1743 505.
329 1722 380 1742 01
390 1722 439 1742 τω
464 1709 537 1742 καὶ
564 1711 645 1764 §ffw
669 1709 918 1766 μοχθηρῶς]
945 1711 986 1742 V.
1012 1708 1102 1742 οὕτω
1127 1711 1193 1754 ζῆν
1217 1710 1273 1742 καὶ
1298 1712 1430 1754 μοχθη-

78 1758 157 1796 ρῶς.
204 1755 328 1788 Clark.
357 1756 436 1787 Par.
466 1756 521 1788 W.
555 1753 646 1787 οὕτω
678 1755 734 1788 καὶ
768 1756 835 1798 ζῆν
865 1756 922 1787 καὶ
953 1757 1075 1798 μυχθι,
1106 1757 1165 1788 sed
1197 1756 1343 1788 alterum
1374 1758 1430 1788 καὶ

74 1801 213 1843 punctis
236 1804 402 1834 notatum.
426 1801 613 1844 Receptam
636 1801 819 1833 lectionem
843 1800 982 1834 firmant
1004 1802 1081 1834 Vnt.
1106 1801 1212 1834 Coisl
1234 1802 1322 1834 Ven.
1350 1813 1374 1834 ,-
1354 1802 1430 1834 ’“’.Σ

75 1846 178 1878 Vind.
202 1846 233 1878 1.
257 1845 288 1879 2.
312 1845 345 1879 6.
368 1846 459 1878 Flor.
484 1857 518 1878 x.
543 1846 640 1878 Bodl.
664 1848 806 1879 Meerm.
830 1847 1013 1879 Iamblich.

149 1889 320 1924 Οὐκοῦν
352 1892 423 1923 καὶ
456 1890 529 1926 τὰς
561 1890 643 1935 ἐτι]
675 1893 731 1924 καὶ
765 1892 897 1924 addunt
920 1893 1008 1925 Ven.
1034 1892 1115 1924 ΣΞ.
1139 1892 1243 1925 Vind.
1275 1892 1307 1927 2.
1338 1893 1431 1928 Flor.

75 1936 108 1969 d.
130 1948 175 1969 m.
199 1948 235 1970 x.
257 1938 349 1980 Aug.
361 1936 458 1970 Bodl.
470 1938 611 1978 Mearm.
624 1941 658 1970 et
670 1937 804 1980 Iambl.‚
826 1938 919 1971 unde
942 1948 1022 1970 oum
1042 1938 1204 1971 Bekkero
1227 1939 1431 1982 recepimus.

75 2094 137 2127 ubi
160 2094 202 2127 de
224 2095 372 2128 formula
383 2093 504 2139 ὀλίγον
527 2096 585 2128 καὶ
610 2094 718 2130 οὐδέν
832 2098 872 2130 P.

919 2096 996 2131 505.
1042 2095 1063 2129 ὅ
1076 2109 1155 2130 σον
1200 2096 1429 2141 βούλεται]

76 2141 206 2173 dictum
229 2144 292 2174 est.
316 2142 499 2174 Sententia
519 2144 627 2175 totius
650 2143 718 2175 loci

787 2143 941 2186 Intelligi
955 2143 1038 2176 lieet
1057 2155 1117 2182 τις,
1142 2154 1211 2186 quo
1228 2149 1344 2177 tamen
1361 2155 1430 2176 non

76 2186 162 2218 haec
201 2191 270 2219 est:
308 2187 410 2229 quid
445 2188 557 2220 enim
595 2187 719 2230 prod-

78 2236 146 2263 est
197 2234 380 2275 corpori
431 2237 616 2276 aegroto
677 2238 719 2266 et

77 2277 190 2309 male
210 2278 375 2310 affecto
394 2279 602 2320 praebere
618 2279 719 2312 mul-

77 2327 145 2355 tos
176 2322 299 2355 cibos
331 2324 530 2365 quamvis
566 2325 718 2357 iucun—

77 2367 291 2400 dissimos
344 2373 419 2401 aut
462 2374 593 2412 potus
645 2374 720 2403 aut

78 2413 207 2445 aliud
261 2414 457 2455 quidvis,
517 2415 626 2456 quod
679 2417 719 2448 ei

78 2458 340 2501 quandoque
364 2469 451 2491 non
475 2459 575 2501 plus
598 2461 720 2493 utili-

78 2504 185 2536 tatis
232 2505 399 2537 afferet
445 2515 568 2546 quam
623 2516 720 2539 con-

78 2550 264 2582 trarium
320 2550 367 2591 (h.
414 2560 442 2581 e.
498 2560 625 2592 quam
680 2552 719 2584 ei

79 2595 249 2627 omnino
273 2595 388 2627 nihil
412 2594 657 2637 praebere),
682 2598 719 2629 si

79 2639 251 2680 quidem
295 2651 383 2672 rem
427 2645 552 2673 recte
590 2643 720 2674 aesti-

79 2695 183 2725 mas,
227 2686 308 2718 imo
361 2685 492 2718 etiam
546 2687 719 2720 minus?

78 2729 151 2762 Alii
173 2729 284 2763 aliter.

787 2199 884 2231 opus,
908 2199 1013 2231 quum
1035 2189 1236 2222 indefinitae
1265 2200 1432 2232 personae

787 2234 993 2278 significatio
1025 2235 1094 2267 iam
1118 2236 1335 2268 contineatur
1359 2245 1432 2267 ver-

787 2281 840 2312 bis
865 2283 1037 2313 πειναῖντα
1064 2285 1200 2323 φαγεῖν.

831 2348 870 2380 Β.
895 2348 965 2380 καὶ
990 2346 1042 2391 μὴ
1066 2346 1325 2389 ἐπιτρέπειν
1350 2345 1431 2380 ἄλλ’

787 2391 886 2425 ἅττα
919 2393 972 2437 π.]
1011 2404 1151 2435 neque
1188 2393 1228 2425 ei
1259 2394 1434 2436 permit-

786 2443 898 2479 tere,
930 2445 975 2471 ut
1000 2438 1124 2471 aliud
1149 2438 1253 2481 quid
1277 2439 1433 2479 faeiat,

786 2485 875 2516 nisi
900 2485 1061 2526 quibus
1086 2484 1173 2516 fiat
1195 2483 1365 2517 melior.

839 2548 1015 2584 Οὐκοῦν
1049 2548 1091 2583 τὸ
1125 2551 1434 2594 εἴργειν-κο-

788 2595 835 2629 ld
846 2598 867 2637 ζ
873 2608 890 2628 ε
899 2610 908 2628 ι
921 2609 939 2628 ι
947 2596 972 2640 ;]
998 2597 1224 2639 Hyperbaton
1239 2597 1430 2629 notandum

787 2643 846 2674 hic
877 2647 946 2681 est3
995 2642 1076 2674 ordo
1115 2642 1298 2675 verborum
1338 2643 1430 2674 enim

788 2688 846 2720 hic
870 2692 940 2719 est:
972 2685 1115 2720 Οὐκοῦν
1139 2686 1175 2721 τὸ
1200 2700 1229 2720 ει
1238 2699 1337 2730 oyem
1360 2685 1427 2728 ἀφ’

788 2734 841 2765 ὠν
865 2731 1034 2773 ἐπιθυμεῖ
1054 2733 1124 2766 ἐστι
1148 2731 1327 2775 κολάζειιτ
