1748 2944
364 226 442 260 220
914 225 1118 264 PLATON
1122 227 1171 265 IS

295 331 334 374 Ε
364 332 552 384 φοιτήσω
592 331 705 382 παρὰ
742 338 832 373 σοῦ.
901 334 1032 374 ΚΑΛ,
1082 333 1330 386 Εἰρωνεύει,
1381 329 1414 375 ὦ
1452 336 1685 387 Σώκρατες.

363 396 464 437 ΣΩ.
498 396 561 435 Οὐ
588 395 646 449 μὰ
672 396 748 436 τὸν
778 399 940 450 Ζῆθον,
970 391 1004 438 ὦ
1035 398 1297 447 Καλλίκλεις,
1335 390 1368 451 ᾧ
1395 398 1449 439 σὺ
1474 395 1686 453 χρώμενος

362 459 494 500 πολλὰ
533 464 617 501 νῦν
654 458 705 513 δὴ
736 460 963 511 εἰρωνεύου
990 462 1094 514 πρός
1122 476 1182 515 με.
1211 457 1296 502 ἀλλ’
1325 461 1389 503 ’ύθι
1416 461 1530 510 εἰπέ,
1568 464 1685 513 τίνας

361 522 492 576 λέγεις
518 524 623 573 τοὺς
641 524 829 576 βελτίους
850 521 979 575 εἶναι,·
1010 527 1143 567 ΚΑΛ.
1179 525 1289 575 Τοὺς
1315 526 1513 579 ἀμείνους
1542 526 1683 581 ἔγωγε.

363 590 463 629 Σῼ.
503 583 634 643 “Ορᾷς
660 591 763 642 ἄρα,
811 586 875 631 ὅτι
904 590 957 630 σὺ
985 590 1111 639 αὐτὸς
1137 590 1324 644 ὀνόματα
1351 589 1505 643 λέγεις,
1544 592 1686 645 δηλοῖς

361 651 406 693 δὲ
443 649 580 694 οὐδέν.
623 651 703 695 οὐκ
740 653 867 707 ἐρεῖς,
907 650 1008 702 τοὺς
1047 655 1238 707 βελτίους
1277 653 1347 696 καὶ
1373 655 1586 707 κρείττους
1613 656 1684 696 πό-

361 731 483 769 τερον
500 717 601 765 τοὺς
621 719 965 772 φρονιμωτέρους
983 717 1127 772 λέγεις..
1155 719 1182 772 ἢ
1203 722 1358 768 ἄλλους
1383 721 1521 769 τινάςς
1552 721 1685 761 ΚΑΛ.

357 777 478 823 Ἀλλὰ
515 782 585 823 ναὶ
624 782 682 835 μὰ
711 784 795 823 Δία
831 784 1009 831 τούτους
1045 782 1152 836 λέγω
1179 783 1249 825 καὶ
1276 784 1442 836 σφόδρα
1469 798 1527 837 γε.
1582 785 1683 825 ΣΩ.

250 850 332 892 490
364 847 573 895 Πολλάκις
591 849 673 899 ἄρα
694 843 752 896 εἷς
772 850 948 900 φρονῶν
974 848 1139 901 μυρίων
1166 848 1223 902 μὴ
1251 849 1531 901 φρονούντων
1557 850 1685 900 κρείτ·

360 925 444 952 των
483 909 565 952 ἐστὶ
601 912 706 953 κατὰ
742 913 819 952 τὸν
856 913 933 953 σὸν
968 913 1120 965 λόγον,
1158 911 1226 953 καὶ
1262 916 1417 955 τοῦτον
1443 915 1585 966 ἄρχειν
1608 914 1685 960 δεῖ,

425 1046 574 1082 Ε.οὐ
608 1046 660 1088 μὰ
694 1052 767 1082 tim
798 1048 968 1093 Ζῆθον]
1008 1047 1060 1082 Οὐ
1089 1049 1205 1082 deerat
1226 1050 1340 1093 vulgo.
1386 1051 1529 1083 Restitui
1553 1060 1572 1083 e
1594 1050 1685 1083 1⁴10r.

361 1093 392 1126 d.
403 1118 412 1134 ,
446 1094 511 1147 qui
536 1095 570 1126 in
602 1104 707 1137 marg.
738 1094 788 1127 sie
811 1094 974 1146 seriptum
997 1093 1153 1135 exhibet,
1184 1096 1347 1137 probante
1370 1096 1467 1128 Astio
1491 1095 1575 1128 Lex.
1599 1096 1683 1130 Plat.

360 1149 386 1170 s.
409 1148 441 1169 v.
465 1135 520 1176 μα’.
579 1139 679 1181 Legit
712 1136 754 1171 οὐ
783 1139 884 1171 etiam
914 1139 1144 1182 Hermogenes
1173 1139 1209 1171 in
1239 1140 1369 1172 Reiskii
1400 1140 1531 1174 Orator.
1564 1141 1683 1174 Graec.

360 1184 400 1215 T.
416 1183 509 1215 VIII.
557 1182 664 1217 .927.
689 1194 721 1214 v.
745 1194 823 1215 ann.

425 1228 463 1260 P.
487 1226 564 1261 490.
610 1228 674 1260 καὶ
707 1225 755 1260 οὐ
789 1225 968 1271 ῥήματα]
1000 1228 1057 1261 Sic
1086 1229 1160 1263 Par.
1184 1228 1224 1260 V.
1261 1228 1350 1261 Flor.
1374 1229 1397 1260 f.
1424 1239 1449 1261 s.
1483 1233 1516 1260 et
1544 1230 1686 1262 fortasse

359 1272 460 1313 pauci
491 1272 551 1305 alii
582 1272 718 1314 quidam
743 1283 820 1305 cum
845 1272 959 1315 Steph.
1007 1273 1118 1305 Ceteri
1142 1283 1258 1305 omnes
1285 1270 1421 1316 ῥήματι,
1454 1273 1544 1315 quod
1567 1272 1687 1315 probat

358 1316 564 1350 Winckelm.
595 1317 637 1350 ad
669 1317 871 1360 Euthydem.
901 1328 932 1360 p.
963 1316 1017 1350 52.
1048 1322 1082 1350 et
1111 1318 1296 1350 Hermann.
1319 1328 1519 1360 comparans
1542 1318 1683 1352 Theaet.

359 1461 401 1482 ex
426 1449 522 1482 codd.
546 1462 594 1484 τις
620 1451 822 1482 restitutum.
868 1450 921 1492 Ap
923 1450 991 1483 tius
1058 1450 1235 1494 legebatur
1259 1449 1320 1482 Μὰ
1345 1448 1403 1482 niv
1429 1451 1564 1493 Ζῆθον.
1598 1450 1685 1483 Νιιιι

359 1494 546 1527 contuleris
577 1496 679 1550 Gorg.
710 1506 742 1537 p.
771 1493 847 1528 448.
878 1461 925 1527 Bp:
962 1497 994 1527 τί
1057 1499 1096 1527 ut
1125 1506 1243 1527 verum
1272 1496 1335 1535 sit,
1375 1495 1464 1537 quod
1494 1495 1687 1528 observavit

359 1537 403 1571 ἂν
433 1537 540 1571 αυτὸν
573 1537 798 1581 ὠιομάζομεν
833 1539 990 1573 δικαίωςι

358 1585 412 1616 De
442 1581 988 1637 Repub1.1.p.340.E:10231⁷

360 1629 449 1660 ἔστιν
484 1628 501 1661 ὃ
539 1626 841 1671 προςαγορεύομιει
873 1626 988 1660 αὐτόν.

360 1673 426 1706 Sed
457 1673 554 1706 nulla
585 1683 669 1715 opus
700 1684 773 1706 esse
803 1673 990 1706 mutatione

359 1728 419 1760 per
445 1728 481 1749 se
506 1718 718 1761 intelligitur.
763 1718 845 1750 Mox
870 1717 990 1758 προδί-

361 1761 465 1795 δασκε
499 1762 627 1795 dictum
658 1767 696 1794 ut
725 1762 926 1804 Euthydem.
958 1773 989 1804 p.

358 1805 434 1840 302.
459 1807 504 1840 C.
541 1805 691 1850 εὐφήμει
723 1818 756 1839 ιε
789 1806 912 1850 καὶμὴ
933 1818 988 1848 χα-

359 1853 486 1939 λεπῶςΡ
514 1863 554 1891 με
601 1851 821 1907 προδίδασκε
886 1852 989 1894 Hipp.

359 1897 444 1929 Mai.
491 1895 596 1929 ..291
622 1897 669 1929 B·
694 1895 753 1935 ἐμὲ
777 1891 844 1929 οὖν
869 1896 988 1937 προδι-

361 1907 486 1973 δασκεΡ
481 1942 535 1973 καὶ
552 1939 639 1984 ἐμὴν
661 1939 760 1983 χάριι
783 1939 988 1981 ἀποκρινου,

359 1985 482 2027 quibus
512 1986 596 2019 locis
627 1986 732 2018 nolim
765 1996 841 2018 cum
866 1986 991 2018 Hein-

359 2030 502 2063 dorfio
542 2041 601 2073 pro
640 2031 787 2073 simplici
816 2029 992 2063 διδάσκειν

358 2076 522 2118 accipere.
583 2075 654 2107 Imo
703 2079 754 2107 est
798 2075 988 2107 docendo

358 2120 618 2162 provehere,
664 2119 851 2151 ulterius
898 2120 990 2152 edo-

359 2175 469 2205 cere,
485 2174 611 2206 porro
627 2164 796 2204 docere
812 2174 989 2207 pergere

359 2209 526 2242 docere.
551 2208 627 2241 Vid.
647 2209 748 2251 Hipp.
766 2209 885 2250 Mai.p
888 2207 988 2241 ,291

359 2255 397 2286 Β.
421 2253 536 2296 Euthy
538 2253 610 2296 d.p
613 2252 708 2286 .302.
726 2253 763 2285 C.
788 2219 988 2306 Sepphocl.

359 2299 456 2331 Aiac.
487 2309 518 2331 v.
549 2297 631 2332 163:
665 2295 732 2330 ἀλλ’
765 2294 807 2330 οὐ
839 2296 989 2330 δυιατὸν

362 2342 440 2376 τοίς
478 2341 645 2386 ἀνοήτους
687 2341 816 2374 τούτων
851 2340 988 2386 γνώμας

360 2386 623 2485 ς’ροέινδιῗγῖιῗψπ
627 2387 806 2472 egglizla‘igbv
812 2385 1075 2474 ὃῗῗέρέζιαιῖρ

359 2474 454 2513 κακά,
485 2477 507 2508 ἰ.
531 2487 559 2508 e.
583 2476 816 2529 paullatim
840 2475 988 2508 didici.

358 2520 485 2574 Lepide
515 2531 594 2553 vero
619 2520 752 2553 additur
773 2517 818 2563 μὴ
840 2517 987 2561 ἀποφοι·

358 2565 987 2652 <²12⁰“iisssffliff‘avfflfflufflmffiffi

358 2654 527 2687 dentibus.

403 2700 442 2732 E.
507 2696 564 2732 Οὐ
607 2696 658 2739 μὰ
698 2696 771 2731 τὸν
812 2698 985 2743 Ζῆθον]

359 2744 454 2777 Ferri
491 2754 560 2777 non
597 2747 730 2787 poterat
764 2743 853 2786 quod
882 2743 987 2788 vulgo

1057 1541 1389 1572 Bornemannns
1443 1539 1486 1572 ad
1531 1540 1686 1582 Xenoph.

1058 1585 1217 1637 Sympos.
1248 1594 1281 1638 p.
1311 1583 1403 1623 107,
1438 1584 1600 1617 formulas
1637 1586 1687 1616 in-

1058 1629 1154 1660 randi
1177 1626 1221 1668 μὰ
1244 1627 1305 1661 ιὸι
1330 1630 1409 1666 Δία,
1433 1627 1478 1668 μὰ
1503 1626 1685 1666 τὸνθεόν,

1057 1670 1101 1712 μᾶ
1141 1670 1200 1705 ιὸι
1238 1670 1404 1710 Ἀπόλλω,
1451 1673 1555 1713 alias,
1596 1653 1686 1716 apud

1056 1718 1178 1760 probos
1215 1717 1349 1760 quidem
1388 1718 1567 1760 scriptores
1600 1728 1686 1750 nun-

1058 1772 1159 1804 quam
1200 1761 1407 1802 affirmandi,
1455 1762 1514 1795 sed
1555 1772 1687 1805 semper

1057 1806 1204 1850 negandi
1217 1807 1252 1839 vi
1270 1806 1440 1849 praeditas
1463 1817 1549 1847 esse,
1572 1811 1684 1839 tamen

1057 1862 1115 1885 eae
1154 1862 1213 1894 per
1252 1862 1288 1884 se
1318 1851 1411 1884 solae
1441 1862 1508 1884 non
1549 1857 1686 1895 negant,

1057 1896 1116 1929 sed
1139 1896 1277 1929 accedat
1308 1906 1447 1928 necesse
1476 1901 1527 1928 est
1548 1896 1685 1929 aliunde

1056 1942 1249 1984 negationis
1294 1941 1345 1973 vis
1391 1945 1426 1973 et
1471 1941 1684 1983 significatio.

1058 1986 1176 2028 Itaque
1212 1989 1271 2018 aut
1299 1985 1422 2018 diserte
1451 1985 1605 2017 addenda
1634 1990 1687 2017 est

1056 2031 1203 2074 negandi
1237 2030 1421 2072 particula,
1462 2035 1537 2070 aut,
1580 2030 1609 2062 si
1643 2040 1685 2062 ea

1057 2076 1239 2115 omittitur,
1268 2074 1411 2107 formula
1440 2075 1555 2106 referri
1586 2073 1686 2106 debet

1056 2119 1110 2152 vel
1156 2119 1199 2151 ad
1241 2118 1497 2171 praecedentem
1535 2119 1684 2161 aliquam

1056 2163 1349 2207 interrogationem
1389 2174 1464 2195 cum
1505 2164 1686 2206 negatione

1056 2209 1273 2241 coniunctam
1311 2208 1366 2240 vel
1403 2207 1445 2240 ad
1484 2209 1684 2241 sententiam

1055 2252 1332 2295 subsequentem,
1370 2263 1456 2294 quae
1495 2259 1556 2285 aut
1582 2253 1684 2295 parti-

1055 2298 1167 2331 culam
1204 2297 1437 2330 adversantem
1471 2296 1596 2330 habeat
1625 2302 1685 2328 aut

1055 2341 1203 2386 negandi
1241 2342 1276 2373 vi
1316 2342 1469 2385 praedita
1509 2342 1569 2380 ait3
1614 2340 1683 2373 vid.
1742 2386 1745 2388 μ

1055 2388 1217 2430 Reisig.
1240 2386 1437 2419 Coniectan.
1460 2365 1681 2428 inAristoph.

1079 2431 1186 2465 .106.
1231 2432 1284 2463 Ex
1316 2430 1440 2473 quibus
1469 2440 1571 2472 quum
1596 2430 1682 2462 nihil

1054 2443 1110 2509 hic
1133 2476 1242 2509 locum
1267 2475 1409 2516 babeat,
1442 2473 1590 2507 dubitari
1614 2485 1683 2507 non

1053 2521 1195 2574 poterit,
1237 2520 1319 2562 quin
1354 2517 1396 2552 ου
1429 2522 1517 2552 recte
1549 2518 1684 2551 addide-

1054 2566 1169 2598 rimus.
1220 2565 1339 2607 Neque
1369 2563 1403 2596 id
1434 2564 1574 2596 fecimus
1608 2564 1682 2596 sine

1054 2609 1214 2642 librorum
1230 2609 1437 2642 auctoritate.
1458 2626 1501 2633 —
1523 2607 1635 2641 Verba
1657 2603 1685 2652 ᾧ

1056 2653 1099 2687 σὺ
1111 2652 1286 2697 χρώμενος
1300 2665 1328 2686 ιι.
1343 2665 1368 2686 ι.
1380 2653 1408 2685 2.
1420 2653 1545 2686 referas
1556 2653 1599 2686 ad
1612 2643 1686 2693 illa,

1053 2709 1141 2742 quae
1162 2710 1194 2742 p.
1213 2697 1290 2734 485.
1303 2699 1345 2731 Ε.
1368 2697 1578 2741 legebantur.
1617 2698 1687 2730 De—

1053 2743 1132 2777 inde
1163 2741 1250 2785 πρός
1281 2754 1323 2783 με
1349 2741 1446 2784 libri,
1475 2742 1543 2776 nisi
1572 2741 1683 2780 fallor,
