1676 2938
475 207 718 249 GORGIAS.
749 209 793 247 P.
826 211 919 246 524.
950 208 1009 247 ed.
1042 208 1098 248 St.
1382 209 1460 245 335

103 323 210 361 λοιν.
241 318 413 361 ἐπειδὰν
440 318 485 360 δὲ
513 319 779 372 διαλυθῆτον
807 320 892 370 ἄρα
919 317 990 359 ἀπ’
1021 317 1236 373 ἀλλήλοιν,
1271 316 1325 357 οὐ
1353 314 1465 357 πολὺ

103 378 233 440 ἧττον
262 383 465 439 ἑκάτερον
494 384 646 426 αὐτοῖν
683 380 766 438 ἔχει
802 374 895 438 τὴν
922 381 1008 434 ἕξιν
1046 381 1126 437 τὴν
1155 381 1291 424 αὑτοῦ
1329 380 1465 436 ἥνπερ

105 450 178 493 καὶ
205 450 273 493 ὅτε
303 449 371 506 ἔζη
411 450 435 492 ὁ
471 453 725 503 ἄνθρωπος,
764 449 812 491 τό
849 464 892 491 τε
935 454 1057 503 σῶμα
1095 447 1176 503 τὴν
1212 448 1348 502 φύσιν
1385 445 1465 501 τὴν

108 517 243 559 αὑτοῦ
279 516 350 559 καὶ
386 516 439 558 τὰ
476 515 783 569 θεραπεύματα
820 514 891 556 καὶ
931 514 983 556 τὰ
1010 516 1269 570 παθήματα,
1312 510 1467 567 ἔνδηλα

108 583 259 624 πάντα.
299 577 396 624 οἷον
437 581 478 623 εἴ
501 596 618 630 τινος
655 578 764 634 μέγα
803 575 859 634 ἦν
885 581 935 622 τὸ
963 582 1085 634 σῶμα
1115 581 1240 631 φύσει
1268 579 1296 633 ἢ
1325 585 1466 633 τροφῇ
1499 582 1536 626 C

108 647 135 702 ἢ
164 648 387 702 ἀμφότερα
424 649 606 698 ζῶντος,
646 646 806 687 τούτου
855 645 926 687 καὶ
970 645 1142 687 ἐπειδὰν
1187 645 1394 700 ἀποθάνῃ
1444 645 1467 686 ὁ

108 713 259 766 νεκρὸς
296 713 448 767 μέγας·
486 712 559 754 καὶ
595 712 631 754 εἰ
667 712 825 767 παχύς,
865 711 1002 766 παχὺς
1035 711 1107 754 καὶ
1147 711 1465 760 ἀποθανόντος,

108 778 180 820 καὶ
207 774 338 820 τᾶλλα
376 777 524 828 οὕτως.
564 777 637 820 καὶ
674 778 709 819 εἰ
738 774 792 819 αὖ
823 776 1047 832 ἐπετήδευε
1075 784 1238 831 κομᾶν,
1279 778 1468 832 κομήτης

108 845 267 885 τούτου
306 844 376 886 καὶ
405 845 429 886 ὁ
456 844 619 897 νεκρός.
659 845 881 898 μαστιγίας
920 839 976 885 αὖ
1006 843 1046 884 εἴ
1079 858 1142 892 τις
1170 839 1225 897 ἦν
1264 841 1334 884 καὶ
1372 843 1467 897 ἴχνη

110 906 193 964 εἶχε
220 912 308 952 τῶν
334 913 510 965 πληγῶν
538 909 669 959 οὐλὰς
708 908 755 952 ἐν
792 911 852 965 τῷ
880 910 1042 964 σώματι
1069 909 1096 963 ἢ
1138 909 1225 951 ὑπὸ
1247 908 1467 963 μαστίγων

178 1097 217 1129 B.
243 1095 422 1128 τοιόνδε
448 1108 480 1128 τι
505 1094 761 1139 λογίζομαι]
786 1095 948 1128 Accessit
971 1107 999 1127 τι
1023 1106 1067 1128 ex
1091 1094 1189 1128 codd.
1203 1095 1274 1128 fere
1298 1096 1468 1128 omnibus.

182 1184 225 1219 τό
250 1198 290 1219 τε
316 1191 432 1227 σῶμα
458 1184 533 1229 τὴν
560 1185 630 1241 φ.]
635 1185 813 1218 Heusdius
838 1186 1058 1219 scribendum
1081 1171 1227 1228 putabat
1251 1184 1290 1219 τό
1314 1198 1348 1219 τε
1374 1190 1471 1227 σωμα

113 1232 168 1264 καὶ
195 1230 214 1275 ἡ
240 1231 331 1275 ψυχὴ
362 1230 425 1275 τὴν
456 1230 508 1272 φι’
512 1242 567 1264 σιι
599 1230 660 1275 τὴι
684 1229 802 1264 αὑτοῦ.
862 1232 971 1264 Cuius
1002 1232 1164 1264 lectionis
1194 1233 1382 1275 vestigium
1413 1243 1471 1264 ex—

116 1282 205 1310 stare
229 1277 372 1320 putabat
394 1277 488 1320 apud
510 1277 716 1319 Eusebium,
740 1277 802 1310 ubi
825 1283 902 1320 post
927 1276 963 1310 τό
988 1289 1023 1310 τε
1047 1281 1144 1317 σῶμα
1167 1278 1320 1310 additum
1345 1278 1472 1322 legitur

113 1325 180 1355 καί.
228 1323 296 1356 Sed
319 1334 388 1356 non
413 1333 500 1366 opus
523 1324 714 1356 mutatione
735 1322 820 1356 ulla.
844 1334 877 1356 v·
902 1323 1003 1356 infra.

115 1503 202 1525 rum.
227 1491 447 1546 Charmid.p
483 1489 559 1524 153.
580 1492 629 1523 D·
657 1491 694 1524 εἴ
714 1504 760 1524 τι·
829 1502 872 1534 pe
911 1495 1098 1524 occurrunt
1134 1492 1364 1534 explicatione
1402 1503 1472 1525 non

121 1549 178 1571 νες
203 1536 243 1569 ἐν
266 1549 311 1569 αι
316 1549 384 1572 τοις
405 1536 631 1578 διαφέροντες
655 1535 675 1579 ἢ
702 1547 759 1570 σο-

119 1585 184 1626 φίᾳ
217 1580 237 1626 ἢ
266 1581 376 1616 κάλλει
407 1580 428 1626 ἢ
456 1580 639 1624 ἀμφότερα
669 1581 760 1626 ἐγγε-

116 1626 258 1672 γοιότες
282 1624 365 1666 εἶεν,
388 1628 451 1660 11111
473 1638 506 1661 v.
530 1628 760 1661 Heindorf.

117 1674 224 1706 Plura.
254 1673 408 1707 dedimus
441 1673 485 1706 ad
516 1673 665 1730 Apolog.
701 1674 761 1706 So-

118 1724 198 1752 crat.
237 1730 270 1762 p.
304 1717 358 1754 22.
389 1719 430 1751 Ε.
462 1738 506 1743 -
542 1731 560 1751 ο
599 1717 760 1761 νεκρός

119 1775 211 1797 1111110
229 1768 281 1797 est
305 1764 505 1805 cadaver,
529 1774 612 1805 non,
633 1769 673 1797 ut
687 1775 762 1807 per·

119 1821 235 1853 peram
259 1810 444 1852 explicant,
474 1810 628 1842 umbra
658 1822 761 1843 mor-

119 1857 187 1887 tui
236 1866 262 1887 s.
306 1865 464 1888 manes.
518 1855 760 1898 Euripides

121 1900 247 1933 Troad.
271 1911 303 1932 v.
330 1899 391 1932 91:
426 1901 558 1932 πολλῶν
578 1899 764 1934 θανόντων

125 1943 286 1986 σώμαθ’
312 1946 458 1987 ἕξουσιν
482 1949 661 1987 νεκρῶν.
695 1947 763 1979 De-

121 1991 202 2024 inde
233 1991 276 2023 ad
308 1991 377 2023 καὶ
408 1990 453 2024 εἰ
482 1989 619 2033 παχύς
651 1992 763 2024 intell.

122 2034 141 2069 ὁ
174 2035 379 2069 ἀποθανών.
432 2037 485 2069 Ita
516 2037 652 2069 videbis
682 2048 763 2070 eon-

122 2083 219 2115 tinuo
250 2082 450 2124 neutiquam
483 2092 569 2124 opus
599 2093 694 2123 esse,
724 2087 765 2116 ut

121 2128 179 2159 hic
215 2138 276 2170 pro
313 2126 421 2170 παχύς
457 2128 627 2160 scribatur
663 2126 763 2170 παχύ,

123 2172 215 2214 quod
237 2183 347 2216 nuper
369 2183 542 2206 nonnemo
565 2184 628 2206 suo
652 2175 763 2207 Marte

123 2218 263 2250 Platoni
307 2219 505 2261 impertivit.
576 2219 763 2252 Enimvero

125 2265 189 2296 iste
220 2274 290 2296 non
326 2263 569 2297 animadvertit
599 2266 763 2298 continuo

125 2309 262 2341 inferri:
287 2308 344 2340 καὶ
369 2308 404 2341 εἰ
425 2303 472 2341 αὖ
495 2308 681 2352 ἐπετήδευε
705 2323 763 2343 κο-

113 2358 194 2394 ,μᾶν
218 2366 247 2388 κ.
273 2365 297 2385 1.
321 2355 350 2385 λ.
375 2354 503 2386 Verum
525 2356 636 2399 magis
659 2357 763 2389 etiam

125 2400 186 2431 ille
241 2398 410 2431 desaeviit
467 2400 586 2433 eiectis
648 2401 763 2434 verbis

123 2445 180 2477 καὶ
204 2442 455 2478 ἀποθανόντος.
477 2462 522 2469 -
545 2446 613 2478 και
638 2441 765 2479 τᾶλλα

127 2488 281 2528 οὕτως,
307 2500 355 2522 sc
380 2490 455 2546 ἔχει.
478 2501 511 2522 v.
534 2501 567 2533 p.
590 2490 668 2526 509.
693 2492 732 2525 C.

169 2535 283 2589 1καὶ”
264 2531 471 2577 ιχνηεῖχε
489 2539 572 2568 τῶν
590 2538 766 2580 πληγῶν

128 2578 280 2623 οὐλάς]
335 2580 390 2612 Ad
430 2581 516 2613 haee
553 2581 766 2615 Heindor-

128 2626 159 2656 f
149 2637 162 2657 1
170 2636 193 2657 11
202 2636 236 2658 s:
263 2625 446 2666 „Dubito'n
469 2626 591 2668 inquit,
602 2627 766 2666 ,verbum

129 2667 232 2704 οὐλάς
256 2682 300 2703 an
325 2682 346 2703 a
367 2671 558 2714 glossatore
576 2673 765 2714 profectum

130 2716 183 2747 sit.
218 2716 271 2748 Ita
295 2713 334 2748 τὰ
357 2717 435 2758 ἴχιη
459 2727 527 2749 των
550 2717 765 2757 τραυμάτων,

130 2764 200 2792 τῶν
228 2761 378 2804 πληγῶν,
403 2765 472 2794 τῶν
492 2760 672 2795 κονδύλων
694 2774 767 2796 sae-

828 1536 956 1569 addita.
1005 1548 1038 1570 v.
1083 1538 1378 1570 Hemsterhus.
1429 1538 1472 1571 ad

831 1583 973 1616 Lucian.
997 1583 1091 1617 Dial.
1116 1584 1216 1616 Mort.
1240 1584 1368 1616 XXVI.
1383 1585 1413 1624 ἓ.
1429 1583 1474 1624 1.,

828 1628 891 1661 ubi
908 1629 1064 1661 Platonis
1088 1629 1183 1662 hunc
1206 1629 1322 1662 locum
1346 1630 1472 1671 attulit,

830 1674 871 1706 de
900 1674 1021 1707 fraude
1053 1678 1167 1706 tamen
1200 1675 1290 1707 nihil
1321 1676 1474 1718 suspica-

828 1720 916 1752 tus.”
939 1720 993 1752 Ad
1016 1719 1104 1753 haec
1118 1721 1295 1762 praeclare
1315 1721 1400 1753 Sch
1413 1731 1475 1753 ae-

830 1766 952 1797 ferus
976 1765 1094 1798 Melet.
1120 1767 1193 1798 crit.
1216 1776 1250 1808 p.
1275 1765 1361 1799 101:
1387 1767 1461 1806 ,Mi

830 1810 903 1852 hi”,
927 1811 1058 1853 inquit,
1092 1821 1213 1851 „secus
1237 1811 1385 1852 videtur,
1408 1822 1474 1844 1100

830 1856 1347 1898 mirorHemsterhusium‚
1366 1867 1474 1899 quum

831 1901 926 1934 hunc
949 1901 1105 1934 Platonis
1138 1902 1251 1935 locum
1283 1903 1320 1934 in
1352 1903 1475 1935 Lucia—

831 1948 906 1979 neis
946 1947 1099 1988 afferret,
1145 1947 1187 1980 de
1231 1948 1351 1980 fraude
1385 1948 1475 1980 nihil

831 1993 1045 2035 suspicatum
1070 2003 1156 2025 esse.
1205 1994 1358 2026 Primum
1383 1995 1475 2026 enim

831 2048 994 2081 compara
1022 2038 1110 2070 mihi
1140 2039 1272 2078 locum,
1305 2040 1366 2081 qui
1394 2050 1476 2072 111οΧ

832 2085 1005 2126 sequitur:
1046 2083 1205 2117 κατεῖδεν
1236 2082 1346 2117 οὐδὲν
1383 2082 1476 2128 ὑγιὲς

833 2127 875 2162 ὂν
900 2133 958 2172 τῆς
982 2133 1110 2173 ψυχῆς,
1144 2127 1227 2163 ἀλλὰ
1259 2129 1476 2170 διαμεμαστι-

831 2174 993 2218 γωμένην
1016 2176 1072 2207 καὶ
1103 2173 1219 2208 οὐλῶν
1248 2174 1378 2219 μεστὴν
1409 2177 1475 2208 κτλ.

833 2220 900 2253 Η10
961 2220 1059 2253 locus
1125 2232 1169 2253 ex
1229 2221 1292 2254 illo
1352 2222 1478 2264 priore,

832 2276 932 2308 quem
967 2266 1194 2320 philosophus
1234 2267 1479 2299 illustrationis

833 2322 914 2354 ergo
943 2312 1139 2354 praemisit,
1180 2316 1251 2344 tam
1289 2316 1391 2355 aptus
1421 2323 1479 2344 110-

832 2367 968 2399 xusque
993 2361 1056 2398 est,
1080 2361 1130 2398 ut,
1154 2368 1260 2398 quum
1284 2358 1342 2389 hic
1366 2354 1479 2390 οὔλων

832 2402 948 2445 legas,
986 2402 1062 2434 11110
1098 2399 1204 2436 οὐλάς
1235 2402 1479 2446 significantis-

833 2448 919 2480 sime
957 2448 1107 2490 positum
1146 2447 1297 2480 fatearis.
1344 2448 1479 2481 Deinde

834 2490 939 2527 οὐλάς
962 2493 1108 2525 verbum
1138 2497 1190 2526 est
1222 2494 1273 2526 ita
1305 2504 1480 2537 compara-

833 2542 923 2578 tum,
960 2542 999 2570 ut
1031 2539 1067 2570 in
1101 2549 1174 2571 una
1207 2539 1395 2582 eademque
1430 2539 1479 2571 di-

835 2584 949 2616 ctione
972 2585 1072 2616 iuxta
1089 2584 1168 2627 ἴχνη
1186 2588 1255 2617 τῶν
1270 2584 1410 2628 πληγῶν
1428 2595 1480 2617 sa-

834 2629 880 2661 tis
910 2628 1086 2661 commode
1117 2633 1206 2662 stare
1236 2631 1355 2672 possit.
1401 2630 1479 2662 Ete-

835 2674 907 2705 nim
923 2685 1034 2716 neque
1049 2685 1168 2708 omnes
1190 2673 1289 2708 οὐλαὶ
1307 2679 1389 2708 sunt
1406 2686 1480 2708 eae-

835 2718 912 2751 dem
949 2719 1129 2752 verberum
1168 2722 1332 2764 vestigia,
1368 2731 1480 2763 neque

835 2765 979 2797 verbera
1001 2775 1136 2808 semper
1158 2769 1229 2798 tam
1253 2766 1414 2799 atrociter
1430 2766 1482 2798 in—
