1702 2924
458 177 702 218 GORGIAS.
732 177 777 216 P.
807 179 901 215 454.
933 178 993 216 ed.
1024 177 1080 216 St.
1365 178 1442 214 105

94 290 226 343 δῆλον
261 284 390 339 εἶναι,
431 286 514 342 ἐγὼ
550 287 588 329 δ’
628 285 903 340 ἐπανερωτῶ·
945 282 1049 340 ὅπερ
1085 284 1168 340 γὰρ
1195 282 1327 339 λέγω,
1367 291 1445 327 τοῦ

95 352 188 408 ἑξῆς
215 351 340 396 ἕνεκα
366 353 645 406 περαίνεσθαι
672 353 749 393 τὸν
775 351 908 405 λόγον
936 351 1093 406 ἐρωτῶ,
1123 351 1177 392 οὐ
1204 357 1286 393 σοῦ
1307 348 1444 402 ἕνεκα,

92 419 180 460 ἀλλ’
211 420 283 461 ἵνα
311 418 368 473 μὴ
396 418 635 472 ἐθιζώμεθα
668 417 962 465 ὑπονοοῦντες
997 416 1286 470 προαρπάζειν
1323 416 1445 469 ἀλλή-

90 487 179 526 λων
207 483 257 526 τὰ
283 485 515 538 λεγόμενα,
554 482 661 525 ἀλλὰ
692 481 747 524 σὺ
774 481 826 524 τὰ
855 485 1019 523 σαυτοῦ
1047 481 1154 523 κατὰ
1181 480 1260 536 τὴν
1286 480 1445 523 ὑπόθε-

93 559 162 592 σιν
191 546 308 599 ὅπως
334 549 388 591 ἂν
418 549 554 603 βούλῃ
581 548 795 603 περαίνῃς.
853 549 980 589 ΓΟΡ.
1013 546 1098 588 Καὶ
1125 547 1270 601 ὀρθῶς
1298 546 1345 601 γε’,
1374 562 1447 601 μοι

93 615 231 664 δοκεῖς
257 618 409 666 ποιεῖν,
439 609 473 656 ὦ
501 614 740 666 Σώκρατες.
798 614 901 654 ΣΩ.
929 608 1028 654 ’Ἴθι
1055 611 1108 666 δὴ
1136 612 1208 654 καὶ
1235 612 1332 654 τόδε
1361 611 1445 654 ἐπι-

95 681 364 734 σκεψώμεθα.
421 682 562 728 καλεῖς
618 694 659 720 τι
709 677 1001 733 μεμαθηκέναι
1008 696 1025 728 ,·
1108 680 1235 720 ΓΟΡ.
1300 679 1445 719 Kal-03.

91 747 188 787 ΣΩ..
266 746 317 787 Τί
375 743 441 795 δέ;
505 742 849 793 πεπιστευκέναι,·
923 745 1051 786 ΓΟΡ.
1096 739 1275 797 ’Έγωγε
1343 745 1444 785 ΣΩ.

93 811 288 864 Πότερον
326 806 408 852 οὖν
435 810 593 852 ταύτὸν
632 810 754 852 δοκεῖ
789 818 858 851 σοι
886 805 997 851 εἶναι
1038 809 1334 864 μεμαθηκέναι
1375 809 1446 851 καὶ
1474 802 1516 844 D

91 875 424 927 πεπιστευκέναι,
452 874 525 917 καὶ
552 875 738 930 μάθησις
766 874 837 916 καὶ
865 875 1017 924 πίστις,
1045 875 1072 929 ἢ
1100 877 1202 917 ἄλλο
1224 891 1286 925 τις
1319 877 1361 916 Γ
1361 876 1444 916 ΟΡ.

96 942 252 996 Οἴομαι
288 941 366 996 μὲν
404 939 555 995 ἔγωγε,
603 935 637 982 ὦ
674 940 924 994 Σώκρατες,
963 942 1079 982 ἄλλο.
1145 942 1247 982 ΣΩ.
1292 942 1447 989 Καλῶς

90 1006 172 1061 γὰρ
201 1007 300 1049 οἴει·
337 1007 494 1062 γνώσει
521 1005 566 1048 δὲ
595 1005 782 1049 ἐνθένδε.
813 1007 849 1048 εἰ
875 1007 958 1060 γάρ
985 1007 1049 1055 τίς
1076 1016 1120 1047 σε
1151 1004 1313 1059 ἔροιτο,
1350 997 1444 1058 ³A9'

88 1186 154 1209 nec
177 1178 292 1208 tamen
314 1175 392 1209 ideo
416 1174 633 1207 abiiciendus
657 1178 726 1215 est,
757 1174 957 1217 praesertim
987 1184 1092 1216 quum
1116 1184 1196 1207 eum
1219 1173 1319 1207 codd.
1342 1173 1446 1216 longe

91 1221 231 1264 plurimi
254 1224 288 1254 et
310 1220 599 1264 praestantissimi
622 1221 749 1263 quique
773 1220 854 1252 libri
877 1223 1046 1252 tueantur.

159 1290 230 1320 ἵνα
253 1287 304 1332 μὴ
329 1287 576 1331 θαυμάζῃς]
602 1285 798 1329 θαυμάζοις
823 1286 938 1319 Clark.
964 1287 1071 1319 Coisl.
1095 1287 1173 1319 Par.
1197 1287 1300 1320 BCI.
1325 1290 1359 1319 et
1384 1287 1447 1319 alii

91 1334 206 1375 pauci.
230 1334 330 1366 male.
376 1334 507 1366 Vitium
532 1338 643 1366 ortum
667 1344 711 1365 ex
734 1333 903 1365 itacismo.
961 1332 1053 1365 Dein
1077 1336 1158 1365 vett.
1182 1332 1277 1365 editt.
1301 1331 1367 1365 ἐὰν
1390 1333 1445 1365 καὶ

91 1377 218 1422 ὀλίγον.
264 1378 333 1411 Sed
362 1379 418 1411 καὶ
447 1389 539 1411 unus
563 1379 641 1411 Par.
664 1379 691 1411 I.
722 1379 811 1411 tueri
833 1378 987 1419 videtur,
1018 1379 1123 1410 ceteri
1154 1378 1242 1410 illud
1272 1379 1444 1422 ignorant,

90 1428 128 1457 ut
151 1425 312 1457 miremur
334 1425 509 1456 exstitisse
532 1434 642 1467 nuper
666 1425 726 1466 qui
750 1423 861 1456 denuo
885 1427 1096 1456 revocarent.

158 1492 202 1524 D.
231 1491 388 1531 Οἴομαι
412 1491 493 1531 μὲν
517 1490 666 1534 ἔγωγε]
698 1486 800 1531 Οἶμαι
824 1492 901 1524 Par.
928 1491 952 1523 1.

93 1639 249 1671 citatiore
281 1638 394 1671 dicas:
425 1638 546 1671 Damit
576 1638 625 1671 du
656 1638 735 1671 dich

93 1684 174 1716 aber
196 1684 289 1716 nicht
310 1690 394 1716 etum
416 1683 604 1725 manderet,
638 1694 735 1716 wenn

803 1638 846 1670 ad
869 1649 902 1681 p.
926 1636 1004 1672 452.
1028 1639 1086 1679 Ε.,
1119 1638 1149 1670 si
1173 1638 1259 1670 forte
1291 1637 1446 1670 offendas

802 1685 839 1716 in
863 1694 915 1724 eo,
939 1683 1031 1726 quod
1054 1687 1133 1727 post
1156 1687 1216 1716 τοῦ
1236 1683 1317 1726 ἑξῆς
1342 1684 1446 1716 ἕνεκα

90 1729 144 1762 ich
167 1729 244 1762 diclz
268 1729 356 1761 auch
379 1729 460 1762 bald
486 1729 638 1762 nachlzer
659 1729 734 1762 wie-

92 1774 154 1807 der
169 1785 227 1806 um
249 1785 285 1807 εο
301 1780 401 1807 etwas
416 1774 533 1817 fraqe,
557 1785 627 1806 was
642 1775 734 1807 deut-

92 1819 157 1852 lech
170 1831 212 1851 zu
229 1819 301 1852 sein
317 1819 454 1860 scheint,
477 1820 551 1852 und
564 1820 618 1852 ich
627 1820 735 1862 fraqe

94 1864 178 1897 doch
202 1864 284 1897 noch
310 1865 447 1897 danach
457 1883 510 1897 —.
535 1865 650 1908 Dema,
674 1865 735 1897 wie

91 1914 216 1952 qesayt,
240 1910 294 1942 ich
308 1910 416 1952 fraqe
432 1909 653 1952 derqleichen,
676 1921 735 1942 um

93 1954 154 1987 der
180 1954 347 1997 Ordnunq
378 1954 468 1987 nach
497 1955 552 1987 die
577 1954 671 1987 Rede
693 1966 735 1987 zu.

93 1999 192 2032 Ende
221 2010 263 2031 zu
293 1999 452 2041 brinye‘n,
490 1999 581 2032 nicht
611 1999 732 2032 deinet-

92 2055 202 2087 weqen
225 2049 289 2077 etc.
323 2045 429 2077 Vides
452 2050 624 2087 postrema
647 2045 734 2078 haec

93 2090 265 2123 continere
302 2091 423 2132 utique
462 2090 622 2133 apodosis
660 2101 734 2123 sen-

94 2136 247 2176 tentiam,
271 2135 332 2168 sed
354 2146 374 2167 a
391 2136 501 2168 forma
515 2139 550 2168 et
563 2140 734 2168 structura

94 2180 168 2212 eius
192 2180 408 2223 aliquantum
432 2181 636 2224 discrepare.
681 2182 733 2214 Cf.

93 2226 243 2258 Matth.
268 2225 326 2258 Gr.
345 2226 423 2258 mai.
447 2236 479 2268 p.
497 2225 595 2259 1257.
619 2227 734 2259 Habet

94 2275 208 2302 autem
255 2271 341 2302 haec
388 2272 496 2303 oratio
542 2273 733 2304 ubertatem

93 2315 266 2358 quandam
310 2326 331 2347 a
368 2316 530 2349 familiari
576 2327 732 2350 sermone

94 2361 234 2393 minime
266 2360 426 2392 alienam.
472 2363 611 2394 Poterat
641 2363 733 2395 enim

93 2406 295 2449 simpliciter
325 2405 394 2447 dici
426 2406 504 2461 hoc,
515 2407 632 2439 modo:
669 2406 734 2440 ἐὰν

93 2469 138 2475 -
161 2450 318 2483 τοιοῦτόν
352 2453 386 2483 τί
415 2461 452 2483 σε
483 2451 675 2494 ανέρωμαι,
713 2451 732 2485 ὅ

95 2495 196 2528 δοκεῖ
225 2495 331 2539 δῆλον
360 2492 468 2534 εἶναι,
506 2507 617 2539 neque
647 2509 733 2540 opus

94 2545 166 2573 erat
201 2541 267 2573 hoc
301 2541 551 2581 additamento,
593 2541 660 2586 ἐγώ
702 2541 730 2575 δ’

93 2585 311 2627 ἐπανερωτῶ.
357 2586 486 2619 Eadem
521 2586 733 2621 abundantia

92 2630 275 2663 verborum
304 2633 340 2664 in
372 2633 416 2664 iis
448 2632 614 2673 cernitur,
644 2644 732 2675 quae

93 2676 248 2718 proxime
281 2681 488 2719 sequuntur,
527 2677 733 2719 quibuscum

93 2731 270 2765 compares
299 2722 382 2765 illa,
417 2733 504 2765 quae
537 2723 732 2756 notavimus

804 1730 1037 1770 περαίνεσθαι
1082 1727 1144 1761 τὸν
1181 1727 1287 1772 λόγον
1327 1739 1445 1761 rursus

805 1775 950 1807 infertur
974 1772 1042 1806 ἀλλ’
1077 1775 1134 1806 ι’ἰά
1164 1772 1210 1817 μὴ
1241 1772 1446 1815 ἐθιζώμεθα

805 1832 832 1852 κ.
859 1832 883 1851 τ.
909 1816 1318 1853 λ.-ὖπονοοῦντεε
1345 1830 1444 1861 προ-

804 1863 1033 1906 αρπάζειν.
1081 1866 1186 1897 Recte
1232 1864 1446 1896 Heindor-

803 1911 907 1942 fius:
951 1908 1120 1943 ὑπονοῶν
1152 1908 1373 1951 προαρπάζει
1408 1906 1447 1942 τὰ

803 1953 970 1998 λεγόμενα
992 1958 1054 1987 τοῦ
1069 1954 1192 1996 ἑτέρου
1217 1956 1311 1997 qui,
1336 1965 1446 1998 quae

803 2000 853 2033 ab
909 2000 1054 2033 altero
1109 2000 1340 2042 dicuntur,
1394 2011 1446 2033 ex

803 2056 918 2078 mera
941 2047 1200 2079 coniectura
1232 2049 1274 2078 et
1308 2046 1446 2088 suspi-

803 2092 933 2123 cione
987 2092 1305 2133 interpretans
1360 2101 1445 2124 non

803 2141 1046 2179 exspectat,
1071 2137 1166 2169 dum
1191 2136 1305 2169 alter
1328 2147 1446 2170 accu-

802 2186 892 2214 rate
944 2183 1119 2224 riteque
1172 2183 1445 2215 sententiam

802 2238 917 2260 suam
975 2227 1295 2270 explicaverit.
1363 2228 1448 2260 Post

801 2270 885 2305 ἀλλὰ
918 2283 936 2304 e
968 2273 1202 2316 superioribus
1233 2273 1346 2306 solum
1388 2274 1446 2305 ἵνα

801 2322 946 2360 repetas.

825 2404 955 2440 Ο.’Ἱθί
981 2404 1033 2450 δὴ
1057 2409 1125 2439 καὶ
1151 2406 1249 2441 τόδε
1274 2407 1442 2441 ἐπισκε-

802 2450 918 2496 ψώμ]
954 2452 1102 2486 Schol.
1135 2450 1291 2496 ’Ἀρχεται
1327 2453 1442 2487 ἐντεῦ-

801 2500 871 2531 θεν
897 2495 958 2541 τὴν
993 2496 1107 2530 πειθὼ
1129 2496 1283 2540 ’διαιρεῖν
1319 2499 1371 2533 εἴς
1410 2511 1443 2531 τε

802 2541 864 2587 τὴν
887 2541 1107 2587 πιστευτικὴν
1134 2545 1191 2576 καὶ
1222 2543 1275 2578 εἰς
1307 2541 1368 2586 τὴν
1393 2543 1443 2576 δι-

802 2588 1020 2644 δασκαλικήν.
1063 2589 1132 2621 ἔστι
1163 2588 1202 2622 δὲ
1235 2590 1443 2630 προςθεῖιάι

802 2635 858 2666 καὶ
884 2634 946 2677 τὴν
963 2631 1032 2667 απὸ
1050 2637 1118 2667 τῶν
1134 2638 1264 2667 κοινῶν
1282 2634 1442 2671 ἐννοιῶν,

801 2676 882 2712 οἷον
908 2677 957 2712 Τὰ
982 2683 1028 2724 τῷ
1051 2678 1145 2725 αὐτῷ
1177 2680 1236 2712 ἴσα
1260 2679 1316 2712 καὶ
1341 2676 1442 2723 ἀλλή-

800 2725 870 2758 λοις
895 2725 965 2758 ἴσα.
