1682 2944
237 202 316 236 280
781 196 1039 236 PLATONIS

127 307 207 348 508
237 303 428 358 συνέχειν
447 303 516 346 καὶ
543 303 689 353 φιλίαν
716 302 787 344 καὶ
812 304 1064 357 κοσμιότητα
1091 301 1163 344 καὶ
1189 303 1474 356 σωφροσύνην
1500 302 1569 344 καὶ

238 368 499 421 δικαιότητα,
538 366 608 409 καὶ
647 367 695 408 τὸ
733 363 836 409 ὅλον
871 373 996 409 τοῦτο
1034 367 1103 408 διὰ
1139 373 1272 408 ταῦτα
1309 366 1472 417 κόσμον
1498 381 1567 407 κα-

238 436 400 480 λοῦσιν,
437 426 470 472 ὦ
497 429 643 484 ἑταῖρε,
682 431 761 473 οὐκ
788 431 1010 485 ἀκοσμίαν,
1048 429 1147 473 οὐδὲ
1174 429 1418 472 ἀκολασίαν.
1444 429 1498 471 σὺ
1524 430 1568 471 δέ

237 512 310 549 μοι
346 497 483 544 δοκεῖς
522 496 575 536 οὐ
614 494 829 549 προςέχειν
864 495 941 537 τὸν
978 502 1087 538 νοῦν
1114 495 1304 544 τούτοις,
1340 492 1410 536 καὶ
1437 500 1568 535 ταῦτα

238 560 373 612 σοφὸς
409 561 491 607 ὢν..
531 559 636 600 ἀλλὰ
663 558 813 613 λέληθέ
842 569 912 609 σε,
950 556 1015 601 ὅτι
1040 559 1069 614 ἡ
1096 559 1237 613 ἰσότης
1261 558 1290 612 ἦ
1316 558 1568 612 γεωμετρικὴ

238 624 306 665 καὶ
349 622 396 664 έν
432 626 551 672 θεοῖς
585 621 656 664 καὶ
693 622 739 664 ἓν
776 623 1024 675 ἀνθρώποις
1059 621 1167 678 μέγα
1204 623 1393 664 δύναται.
1433 622 1487 664 σὺ
1523 621 1568 664 δὲ

237 687 480 738 πλεονεξίαν
526 687 604 728 οἴει
650 687 740 728 δεῖν
779 689 944 730 ἀσκεῖν·
987 687 1238 741 γεωμετρίας
1275 686 1357 740 γὰρ
1394 687 1567 741 ἀμελεῖς.

240 748 355 793 Εἶεν.
384 751 411 805 ἢ
434 749 686 804 ἐξελεγκτέος
712 749 765 805 δὴ
795 745 920 800 οὗτος
947 751 971 793 ὁ
996 752 1121 805 λόγος
1147 752 1250 806 ἡμῖν
1277 749 1402 799 ἐστιν,
1432 750 1489 800 ὡς
1516 751 1569 792 ού

171 817 208 858 Β
239 817 510 869 δικαιοσύνης
532 815 603 857 καὶ
625 817 906 870 σωφροσύνης
933 818 1072 870 κτήσει
1099 816 1344 870 εὐδαίμονες
1369 815 1412 857 οἱ
1436 815 1570 857 εὐδαί-

237 894 376 933 μονες,
403 880 552 928 κακίας
573 879 617 920 δὲ
636 881 847 922 *ἄθλιοι*
875 880 918 922 οἱ
942 883 1110 922 ἄθλιοι·
1139 880 1166 933 ἢ
1195 880 1231 921 εἰ
1258 873 1383 928 οὗτος
1409 879 1571 933 ἀληθής

239 943 344 994 ε’στι,
389 942 611 993 σκεπτέον,
650 944 690 984 τί
716 943 766 984 τὰ
794 945 1096 997 συμβαίνοντα.
1123 943 1175 986 τὰ
1202 944 1392 997 πρόσθεν
1418 941 1570 992 ἐκεῖνα,

240 1003 273 1049 ὦ
302 1008 565 1058 Καλλίκλεις,
605 1009 828 1061 συμβαίνει
854 1008 1006 1056 πάντα,
1044 1004 1104 1060 ἐφ’
1136 1003 1200 1056 οἷς
1226 1008 1280 1049 σύ
1307 1022 1357 1062 με
1384 1010 1507 1062 ἤρου,
1536 1007 1571 1048 εἰ

304 1161 341 1193 Ρ.
365 1159 442 1194 508.
482 1161 520 1193 Β.
560 1158 708 1193 ἄθλιοι
733 1160 775 1193 οἱ
796 1158 966 1203 ἄθλιοι]
990 1161 1090 1192 Prius
1113 1158 1229 1192 ἄθλιοι
1251 1160 1403 1193 additum
1427 1160 1468 1192 de
1491 1170 1571 1193 con-

237 1207 367 1238 iectura
384 1205 584 1238 Heindorfii.
630 1206 786 1237 Baiterus
810 1205 927 1238 ordine
949 1206 1085 1237 inverso
1109 1204 1146 1237 οἱ
1167 1203 1281 1238 ἄθλιοι
1303 1203 1418 1237 ἄθλιοι
1439 1205 1570 1245 maluit,

237 1251 317 1292 quia
345 1251 393 1282 ita
423 1250 635 1292 corruptelae
666 1260 788 1282 caussa
818 1250 955 1282 facilius
984 1249 1207 1292 intelligatur.
1252 1249 1291 1281 Id
1322 1250 1423 1282 etiam
1454 1250 1570 1282 Hem.

237 1299 401 1336 sequutus
432 1299 492 1326 est.
547 1294 614 1327 Sed
643 1294 869 1327 membrorum
900 1295 1114 1327 concinnitas
1143 1294 1285 1327 alteram
1315 1294 1481 1327 rationem
1511 1304 1569 1336 po·

237 1340 364 1371 stulare
388 1339 530 1371 videtur.

306 1385 345 1415 τί
367 1381 410 1415 τὰ
438 1382 757 1426 συμβαίνοντα]
783 1383 839 1416 Sic
863 1383 978 1416 Clark.
1002 1383 1079 1414 Vat.
1103 1383 1189 1415 Ven.
1209 1381 1248 1414 Σ.
1273 1381 1375 1414 vind.
1394 1381 1425 1415 l.
1442 1381 1474 1415 2.
1490 1382 1522 1415 6.
1539 1380 1568 1415 7.

237 1429 312 1460 Par.
345 1428 481 1460 BCEF
491 1428 611 1460 IVW.
642 1427 848 1468 Florentini,
885 1427 982 1460 Bodl.
1017 1428 1105 1470 Aug
1141 1428 1280 1460 Meerm.
1314 1432 1348 1459 et
1380 1437 1430 1469 pr.
1465 1427 1570 1459 Coisl.

237 1473 309 1514 Leg
311 1471 431 1504 ebatur
455 1470 537 1504 τινά.

287 1483 343 1549 gC.
389 1515 469 1558 ἄρα
494 1515 564 1548 δεῖ
584 1512 654 1549 εἶν
661 1515 719 1559 αι]
753 1517 793 1549 V.
820 1516 894 1549 δεῖν
917 1512 1025 1554 εἶναι,
1050 1520 1169 1548 contra
1193 1515 1430 1548 auctoritatem
1455 1514 1571 1547 Clark.

237 1671 365 1704 Eadem
388 1672 492 1703 habet
518 1671 871 1725 Olympiodorus,

237 1717 297 1758 qui
320 1715 428 1748 addit.
458 1714 483 1767 ἦ
511 1714 578 1759 γὰρ
604 1717 699 1756 φιλία
713 1715 810 1770 πρὸς
834 1720 871 1758 τῇ

237 1764 296 1803 μιᾷ
326 1764 395 1792 τῶν
419 1759 558 1793 πάντων
581 1759 678 1793 ἐστὶν
701 1757 805 1802 ἀρχῇ,
839 1761 876 1793 ει

237 1817 275 1848 γε
300 1804 373 1837 ἐκεῖ
394 1805 518 1839 ἓνωσις
541 1809 709 1861 πανταχοῦ
732 1805 787 1837 καὶ
811 1802 871 1837 ού-

239 1850 350 1888 δαμοῦ
389 1849 565 1890 διάκρισις.
606 1847 625 1882 ό
659 1844 726 1882 ουν
753 1847 871 1884 ἄδικος

240 1894 339 1926 παντὶ
378 1892 505 1935 ἐχθρός
547 1893 617 1926 ἐστι
657 1895 712 1926 καὶ
748 1892 869 1927 οὐδενὶ

239 1943 410 1970 now-waes.
463 1939 517 1971 De
552 1938 768 1981 Empedoclis
805 1939 872 1971 hac

238 1983 417 2023 sententia,
441 1984 523 2015 satis
546 1983 609 2016 illa
632 1983 813 2024 celebrata,
839 1994 871 2015 v.

238 2028 261 2060 S
272 2032 314 2059 tu
322 2028 403 2059 rzii
417 2027 649 2060 doctissimum
665 2039 762 2071 opus,
782 2027 872 2070 quod

238 2072 438 2114 inscriptum
485 2076 537 2105 est
580 2073 873 2115 Empedocles

238 2117 583 2159 Agrigentinus,
622 2117 663 2150 ¹1¹.
693 2117 719 2149 1.
750 2127 783 2159 p.
805 2116 873 2150 214

238 2179 282 2186 —
295 2159 372 2194 256.
433 2161 502 2194 Cur
546 2161 770 2204 Empedocles
814 2172 872 2204 po-

238 2206 406 2238 tissimum
441 2206 661 2248 respiciatur,
699 2216 801 2248 supra
829 2205 873 2238 ad

238 2261 271 2292 p.
293 2248 369 2283 493.
393 2251 435 2282 A.
466 2250 629 2283 indicavi.
673 2251 756 2284 Erat
782 2250 872 2283 enim

240 2294 386 2337 Gorgias
424 2295 498 2337 ipse
535 2295 638 2328 huius
671 2294 873 2338 disciplinae

238 2338 405 2371 addictus.
442 2358 487 2364 --
529 2340 612 2372 Voc.
648 2338 873 2382 δικαιόιης

239 2384 405 2426 reperitur
427 2385 527 2416 etiam
552 2385 769 2427 Protagonp
771 2382 871 2418 ..331

239 2429 278 2460 B.
308 2428 498 2470 Xenoph.
519 2429 643 2471 Cyrop.
669 2429 762 2469 VIII,
785 2427 818 2469 8,
841 2427 875 2462 '1-

239 2490 284 2496 -
313 2472 438 2504 Rerum
469 2474 722 2507 universitatem
744 2473 873 2528 primus

240 2517 366 2549 dicitur
400 2517 612 2559 Pythagoras
648 2521 707 2551 τοῦ
742 2515 872 2558 κόσμου

240 2563 376 2594 nomine
416 2561 624 2604 appellasse,
668 2562 709 2596 de
740 2573 808 2605 qua
837 2572 873 2595 re

239 2606 338 2682 vidg7
356 2616 443 2648 quac
481 2607 679 2649 scripsimus
709 2608 752 2640 ad
783 2607 872 2641 Tim.

284 2695 319 2726 P.
345 2694 421 2728 508.
469 2692 490 2738 ἦ
525 2692 677 2737 ἰσότης
715 2693 736 2739 ἦ
770 2707 872 2739 γεω-

939 1682 961 1710 μ
971 1682 988 1703 ε
999 1683 1014 1703 τ
1028 1682 1046 1712 ρ
1058 1682 1069 1703 ι
1080 1682 1099 1703 κ
1113 1668 1134 1714 η’
1150 1670 1206 1714 —J
1227 1670 1360 1704 Schola
1377 1668 1464 1704 τοῦτ’
1480 1671 1571 1703 ἔστιν

938 1713 959 1758 ἦ
984 1714 1194 1770 δικαιοσύνη.
1223 1714 1348 1758 ταύτην
1370 1715 1411 1748 δὲ
1434 1712 1494 1757 τὴν
1516 1726 1572 1758 γε·

940 1758 1130 1814 ωμετρικὴν
1141 1757 1331 1814 ἀναλογίαν
1347 1757 1435 1794 Διὸς
1456 1762 1573 1800 κρίσιν

940 1805 980 1837 ἑν
1004 1803 1137 1844 Νόμοις
1161 1803 1340 1843 ἐκάλεσεν,
1371 1802 1418 1838 ὥς
1442 1802 1484 1838 δι’
1509 1801 1571 1836 αύ-

940 1852 998 1893 ιῆς
1028 1852 1096 1903 'miv
1129 1847 1271 1882 πάντων
1302 1847 1461 1890 κεκριμέι
1463 1860 1515 1881 ων
1538 1859 1572 1881 ιε

939 1893 995 1926 καὶ
1010 1891 1223 1935 ὡρισμένων.
1246 1893 1502 1936 Comparaudus
1520 1898 1573 1925 est

937 1939 1034 1971 locus
1057 1938 1163 1981 Legg.
1185 1938 1290 1981 V1.p
1293 1936 1391 1971 ..756
1414 1938 1454 1971 Ε.
1478 1948 1572 1979 seqq.

1020 1994 1042 2015 a
1062 1982 1254 2016 Routhio
1277 1982 1459 2016 indicatus.
1494 1983 1573 2014 Dis·

1019 2028 1088 2060 itur
1117 2026 1169 2059 ibi
1200 2025 1318 2069 ἰσότης
1348 2027 1571 2067 arithmetica,

939 2083 1026 2114 quac
1056 2081 1198 2104 numero
1210 2095 1219 2113 ,
1252 2071 1402 2114 pondere
1424 2076 1459 2104 et
1479 2081 1571 2104 mon-

939 2127 1029 2157 sura,
1051 2115 1197 2158 denique
1213 2121 1353 2149 externa
1365 2115 1572 2158 aequalitate

939 2161 1143 2200 continetur,
1159 2159 1202 2193 ab
1216 2158 1345 2203 ἰσότητι
1355 2160 1573 2204 geometrica,

939 2215 1027 2248 quae
1050 2205 1142 2248 quod
1165 2205 1330 2247 cuiusque
1352 2205 1469 2238 virtuti
1491 2214 1571 2238 con-

939 2251 1050 2291 venit,
1082 2250 1119 2282 id
1147 2250 1180 2283 ei
1208 2249 1329 2282 tribuit
1355 2249 1499 2291 ideoque
1521 2250 1572 2281 in·

939 2299 1071 2327 vernam
1113 2304 1295 2336 veramque
1332 2294 1571 2336 aequalitatem

939 2343 1061 2372 tuetur.
1107 2339 1227 2381 Itaque
1256 2339 1426 2371 semontis
1453 2337 1571 2371 verbo·

938 2394 1013 2417 rum
1030 2384 1116 2422 haec
1140 2387 1208 2416 est:
1231 2382 1367 2416 latuit
1387 2387 1428 2415 te
1450 2392 1570 2415 suum

940 2429 1096 2470 cuique
1120 2438 1217 2461 osse
1235 2426 1510 2460 tribuendum
1529 2431 1571 2460 et

940 2472 991 2506 ab
1025 2473 1140 2506 omni
1169 2472 1293 2505 lucri
1322 2470 1571 2514 cupiditate

939 2516 1252 2550 abstinendum
1298 2526 1405 2549 esse.
1466 2515 1572 2548 Plura

939 2561 1068 2594 dabunt
1097 2561 1358 2595 Valckenar.
1388 2558 1432 2592 ad
1454 2561 1570 2602 Eurip.

939 2606 1118 2639 Phoeniss.
1131 2616 1163 2639 ν.
1177 2605 1255 2639 541.
1277 2605 1337 2638 He
1346 2605 1358 2636 i
1368 2615 1391 2637 ιι
1401 2604 1423 2636 d
1432 2615 1453 2637 ο
1461 2605 1508 2637 rs.
1527 2604 1571 2637 ad

939 2651 973 2684 h.
996 2650 1019 2686 1.
1051 2651 1204 2683 Astius
1233 2648 1278 2683 ad
1303 2649 1410 2692 Legg.
1438 2659 1470 2691 p.
1494 2647 1571 2682 289.

939 2694 1035 2728 Adde
1070 2693 1364 2728 camerarium
1394 2693 1572 2726 Common-
