1722 2964
694 101 965 139 LATINUS.

425 235 471 276 Ο.

490 295 495 309 l

89 319 229 352 Oeno&
261 317 407 349 duorum
433 322 600 358 pagorum
625 311 715 344 attic.
738 319 800 342 no-

133 373 211 396 men
229 363 266 395 P.
286 363 351 395 310
369 360 405 392 C.

86 409 232 442 Oleum
265 406 420 449 corporis
459 403 612 447 partibus
651 400 800 433 externis

130 454 270 491 bonurn,
306 451 524 483 interioribus
557 447 746 491 pessimum
762 445 799 477 P.

131 500 197 532 337
215 498 254 530 B.
279 515 323 520 —-
347 497 442 528 cibos
461 502 493 527 et
510 493 656 537 opsonia
673 491 803 524 condit.

131 545 198 577 337
223 543 258 575 C.

87 589 337 631 Optativus:
371 587 445 618 sinc
477 578 528 618 ἄν
549 585 585 616 in
614 585 803 624 interroga-

133 635 226 666 tione
243 634 378 675 positus
397 632 435 664 G.
453 631 520 663 492
529 629 568 662 B.
587 647 631 651 —
648 629 683 659 in
701 628 803 658 inter-

133 679 314 721 rogatione
332 683 412 719 post
428 685 591 719 praesens
610 674 745 716 positus
763 671 802 703 G.

132 726 199 758 448
217 723 256 757 E.
282 741 325 745 —-
350 729 430 765 post
452 721 672 753 indicativum
690 717 802 749 illatus

135 770 171 801 P.
191 770 256 802 329
275 768 314 803 Β.
338 785 381 790 --
408 772 489 809 post
511 765 640 797 relativ.
667 772 804 805 praece-

133 815 233 846 dente
258 822 411 855 tempore
435 811 605 854 praesenti
622 810 659 840 P.
677 809 743 840 327
760 806 801 841 D.

133 877 177 882 —
202 867 282 901 post
305 857 523 890 indicativum
547 855 640 906 apud
664 847 723 886 ὅτι
741 862 804 895 po-

134 905 221 936 situs
239 905 275 935 P.
294 904 360 936 335
377 904 419 935 A.
443 919 486 924 —-
510 901 584 932 sine
601 910 650 932 αν
667 900 702 930 in
718 898 805 930 rela-

134 950 203 981 tiva
220 948 386 980 sententia
404 946 442 980 G.
457 947 521 979 521
532 944 569 978 C.
588 963 626 967 —
649 950 729 986 post
745 937 805 976 ὅτι

133 993 356 1036 praecedente
387 998 540 1034 tempore
571 990 743 1032 praesenti
766 988 805 1020 G.

134 1039 199 1070 512
219 1039 259 1069 A.
293 1055 337 1059 —-
374 1044 454 1078 post
487 1034 553 1068 ἵνα
586 1034 808 1076 praecedente

135 1090 289 1124 tempore
307 1081 479 1124 praesenti
496 1080 533 1112 G.
543 1081 608 1112 461
620 1079 655 1112 G.
671 1097 714 1101 ——
731 1088 807 1110 cum

137 1120 187 1160 ἄν
205 1128 339 1158 iunctus
356 1127 394 1158 in
409 1125 578 1158 sententia
589 1124 809 1167 hypothetica

136 1181 218 1215 post
234 1182 398 1215 praesens
417 1172 454 1204 P.
473 1172 540 1204 354
556 1171 598 1205 D,

91 1218 258 1250 Oratio:
282 1224 372 1249 recta
390 1217 463 1248 sine
481 1216 621 1258 praevio
641 1215 752 1246 indice
768 1213 807 1246 G.

135 1263 202 1295 514
219 1262 258 1296 D.
284 1280 327 1285 —
351 1268 440 1294 recta
464 1268 544 1304 post
570 1261 744 1300 obliquam
768 1259 808 1290 il-

136 1307 204 1339 lata
222 1307 260 1339 G.
283 1309 347 1340 512
367 1306 391 1339 C
409 1314 441 1338 et
465 1307 501 1338 P.
520 1308 587 1339 338
602 1306 640 1338 B.
659 1324 702 1328 —
719 1310 810 1336 recta

140 1362 209 1384 non
234 1353 425 1395 praemisso
456 1352 596 1384 articulo
627 1351 667 1384 G.
684 1351 750 1382 461
770 1349 808 1382 Ε.

136 1416 180 1420 ——
200 1398 336 1438 obliqua
353 1398 475 1429 transit
497 1398 531 1428 in
549 1404 674 1428 rectam
692 1396 728 1428 P.
745 1396 810 1436 322

141 1442 166 1474 C
183 1453 234 1482 sq.

94 1487 383 1530 Orphicoruni
407 1488 574 1519 sententia
597 1487 639 1518 de
669 1494 812 1528 corpore

139 1533 244 1564 animi
262 1532 419 1574 sepulcro
439 1532 476 1565 G.
495 1533 562 1565 493
579 1533 621 1563 A.

435 1634 476 1672 Ρ.

95 1711 381 1742 Paedotribae
398 1710 435 1742 P.
454 1711 519 1742 326
538 1710 576 1742 B.

94 1755 275 1787 Paralus
295 1756 329 1788 P.
351 1756 418 1787 314
435 1755 474 1789 Ε.

96 1801 285 1842 Particip
299 1801 398 1832 ium:
441 1793 494 1833 ὦν
527 1800 721 1842 praedicato
757 1811 813 1832 ac—

145 1845 401 1877 commodatum
419 1845 456 1878 G.
466 1846 534 1878 463
550 1846 577 1877 E
597 1852 629 1877 et
645 1845 681 1877 P.
700 1845 813 1878 3540.

142 1893 209 1924 359
226 1891 266 1922 D.
300 1908 344 1912 —
378 1898 458 1933 post
482 1887 595 1924 ἕνεκα
621 1885 759 1923 τούτου
776 1891 812 1923 Ρ.

144 1936 210 1968 348
226 1935 268 1970 D.
285 1953 329 1958 —
352 1943 433 1978 post
451 1929 550 1969 οὕτω
568 1946 629 1979 per
646 1946 814 1978 epexege-

144 1982 197 2013 sin
214 1982 366 2023 positum
391 1981 430 2013 G.
447 1982 516 2014 478
534 1981 558 2013 C
583 1990 614 2013 et
631 1982 698 2014 513
715 1981 752 2014 E.
771 2000 815 2004 —

145 2027 180 2057 in
198 2027 427 2068 responsione
445 2027 480 2058 P.
501 2027 566 2059 352
584 2026 623 2059 D.
643 2026 683 2060 G.
702 2028 766 2060 511
778 2026 814 2058 C.

145 2087 186 2092 —-
211 2071 352 2112 pluralis
376 2073 507 2103 numeri
531 2082 607 2103 cum
626 2072 719 2103 duali
736 2082 816 2103 con-

145 2116 311 2147 sociatum
335 2116 374 2148 G.
396 2118 462 2150 481
481 2117 520 2149 D.
546 2118 583 2150 P.
609 2119 675 2150 313
699 2117 740 2150 D.
773 2135 816 2140 —

146 2161 294 2192 continet
334 2162 505 2194 notionem
546 2163 743 2204 primariam
777 2162 815 2195 G.

145 2206 212 2238 483
230 2205 269 2237 E.
286 2206 354 2239 484
366 2206 408 2241 D.
425 2225 468 2230 —
486 2208 607 2239 aoristi
625 2218 701 2239 cum
719 2218 817 2250 prae-

150 2251 237 2282 senti
256 2257 287 2282 et
304 2251 454 2293 perfecto
472 2253 625 2285 iunctum
642 2253 679 2285 P.
699 2254 816 2286 310A.

148 2312 192 2317 -——
226 2296 485 2339 participiorum
517 2298 742 2330 accumulatio
778 2298 817 2331 G.

153 2340 222 2372 464
239 2339 274 2372 C.
292 2341 359 2373 471
373 2341 411 2374 Β.

104 2384 244 2416 Patris
278 2386 428 2418 conditio
462 2388 555 2429 apud
586 2387 734 2421 Graecos
766 2390 819 2420 in-

151 2429 255 2469 digna
271 2429 308 2462 P.
327 2432 393 2463 313
411 2432 452 2463 A.
476 2450 520 2454 —
551 2439 687 2474 patrum
711 2434 819 2466 bono-

150 2482 225 2504 rum
243 2474 322 2506 mali
339 2475 400 2507 filii
415 2476 451 2507 P.
470 2478 537 2509 326
554 2477 593 2508 Ε.

105 2518 340 2550 Pausanias
359 2519 397 2551 P.
414 2522 480 2554 315
496 2521 538 2553 D.

106 2563 334 2595 Periander
366 2565 400 2596 in
439 2572 568 2608 septem
608 2568 819 2610 sapientibus

152 2617 220 2640 non
240 2615 434 2641 numeratur
451 2611 486 2643 P.
504 2613 571 2644 343
589 2613 630 2644 A.

109 2652 316 2686 Pericles:
351 2662 443 2686 aetas
468 2656 541 2688 eius
565 2656 603 2688 G.
622 2659 689 2691 455
705 2658 747 2693 D.
778 2677 822 2683 —

155 2697 228 2729 eius
243 2698 304 2730 filii
324 2710 467 2739 nequam
484 2701 521 2733 P.
539 2703 606 2734 320
623 2703 662 2734 Α.
687 2721 731 2726 —
748 2705 823 2747 ipse

152 2749 292 2776 taxatur
309 2744 347 2776 G.
365 2746 431 2777 515
448 2745 483 2778 C.

109 2787 316 2821 Persona:
347 2791 445 2822 tertia
468 2791 542 2823 sine
565 2803 622 2830 τις
645 2794 758 2835 posita
781 2795 820 2828 G.

153 2833 220 2865 456
242 2832 282 2868 D.
304 2835 370 2868 457
394 2835 422 2867 E
456 2837 523 2869 468
547 2838 590 2872 A.
613 2838 680 2871 487
702 2838 744 2872 D.
777 2858 821 2864 —

178 2897 288 2921 PLAT.
312 2899 421 2926 PnoT.

1502 99 1584 142 193

914 216 1013 249 tertia
1044 215 1164 260 plural.
1175 240 1186 258 ‚
1219 215 1277 247 ubi
1309 210 1349 248 οἷ
1381 207 1585 256 ἅνθρωποι

915 261 1078 304 supplent
1094 261 1132 294 G.
1148 262 1215 294 457
1234 260 1271 293 C.
1289 279 1334 283 —
1356 261 1414 293 ubi
1438 255 1533 294 αὐτό
1555 271 1585 296 S.

915 301 958 340 τὸ
991 307 1148 351 πρᾶγμα
1180 306 1284 339 intell.
1316 306 1353 338 P.
1378 308 1445 340 330
1469 306 1508 338 B.
1542 324 1586 329 —

915 353 1008 385 verbi
1025 354 1175 385 variatur
1191 351 1231 386 G.
1249 351 1315 384 514
1331 351 1370 383 E.

870 398 1147 431 Pherecratis
1172 390 1314 441 ’Ἄγριοι
1346 397 1383 429 Ρ.
1407 398 1474 430 327
1497 395 1526 428 D
1556 402 1589 428 et

919 443 1034 478 Praef.
1055 455 1089 486 p.
1107 445 1162 476 23.

870 489 1050 521 Phidias
1068 489 1288 521 Atheniensis
1307 488 1343 520 P.
1361 489 1426 520 311
1445 487 1482 521 C.

871 534 1061 566 Philolai
1085 535 1254 575 quaedam
1271 534 1438 566 sententia
1454 533 1498 565 de
1513 542 1590 565 cor-

918 589 1002 621 pore
1019 581 1126 612 animi
1144 580 1300 622 sepulcro
1319 578 1357 611 G.
1374 580 1442 611 493
1456 579 1498 610 A.

873 624 1022 657 Philos
1036 626 1136 669 ophi
1173 630 1359 667 carpuntur
1397 623 1437 657 G.
1461 625 1530 657 485
1561 622 1590 654 D

922 680 998 710 sqq.

873 715 1163 759 Philosophia
1187 716 1303 748 leviter
1326 714 1527 758 attingenda
1550 713 1590 747 G.

919 762 987 793 484
1006 760 1031 793 G
1048 772 1102 802 sq.

875 805 1159 848 Phrynondas
1178 807 1213 839 P.
1233 807 1300 839 327
1317 806 1358 841 D.

874 851 1088 883 Pindarus
1107 852 1144 884 G.
1163 853 1232 884 484
1248 851 1287 884 B.
1310 852 1348 882 P.
1367 851 1434 883 337
1451 850 1487 883 C.

874 896 1070 929 Pittacus
1093 896 1130 929 P.
1149 898 1216 930 339
1234 896 1270 930 G.
1293 915 1337 919 —
1370 897 1443 929 eius
1466 896 1595 928 dictum

921 942 1095 981 quoddam
1113 943 1148 975 P.
1168 944 1234 975 343
1251 942 1291 976 B.

875 985 1000 1018 Plato
1019 987 1193 1029 sophistas
1218 997 1287 1019 non
1310 994 1413 1019 vexat
1429 987 1468 1019 P.
1486 987 1596 1030 praef.

922 1033 1048 1073 p.4sq.
1067 1050 1110 1054 —
1127 1031 1400 1065 Domesticorum
1417 1038 1450 1064 et
1463 1033 1598 1075 patriae

923 1078 1068 1110 iniurias
1088 1077 1245 1110 Ferendas
1271 1084 1303 1110 et
1319 1077 1494 1110 beneficiis
1511 1088 1596 1120 pen-

925 1123 1051 1155 sandas
1070 1130 1185 1155 censet
1208 1123 1246 1156 P.
1265 1124 1331 1156 346
1349 1122 1387 1156 Β.
1411 1141 1455 1146 --
1478 1130 1597 1166 poeta-

924 1178 1000 1200 rum
1024 1168 1127 1200 verba
1156 1175 1318 1209 tanquam
1348 1179 1411 1200 sua
1438 1169 1537 1211 ponit
1557 1168 1594 1201 P.

924 1214 991 1246 310
1007 1213 1049 1246 D.
1073 1231 1117 1236 -—
1141 1221 1270 1246 certum
1288 1214 1459 1254 quendam
1475 1214 1598 1246 verbo—

923 1269 1000 1290 rum
1015 1259 1170 1291 ordinem
1189 1269 1257 1291 non
1275 1260 1430 1300 sequitur
1446 1259 1482 1292 P.
1493 1259 1599 1292 314A

879 1301 1066 1336 Pluralis
1089 1305 1201 1343 verbi,
1226 1305 1284 1336 ubi
1309 1315 1396 1336 unus
1415 1304 1599 1347 compella-

928 1357 981 1381 tur
998 1349 1034 1381 P.
1053 1351 1118 1382 311
1137 1349 1177 1381 D.

879 1391 1368 1438 Plusquamperfectum:
1416 1405 1508 1438 pers.
1541 1395 1598 1429 III.

927 1442 1020 1482 sing.
1039 1441 1073 1471 in
1090 1451 1115 1483 η
1133 1447 1230 1472 term.
1249 1441 1285 1472 P.
1304 1442 1371 1474 335
1388 1440 1428 1474 D.
1447 1458 1492 1463 —
1509 1439 1598 1483 plur.

930 1487 963 1517 in
984 1494 1074 1519 εσοιν
1092 1493 1188 1520 term.
1206 1486 1245 1518 G.
1264 1487 1330 1518 515
1348 1486 1386 1518 E.

880 1534 904 1564 P
916 1541 1048 1564 oenae
1069 1531 1122 1563 vis
1140 1531 1234 1573 apud
1251 1531 1398 1563 Graecos
1416 1540 1543 1573 magna
1559 1530 1597 1562 P.

929 1576 998 1609 324
1013 1577 1055 1607 A.

881 1622 1028 1655 Polus:
1055 1620 1205 1661 loquitur
1222 1621 1352 1652 ironice
1369 1620 1406 1653 G.
1424 1621 1491 1653 448
1506 1620 1547 1652 A.
1563 1618 1599 1654 C.

927 1668 994 1699 473
1011 1665 1051 1699 B.
1078 1683 1122 1690 ——·
1144 1667 1397 1708 Anaxagoreus
1416 1665 1455 1701 G.
1472 1666 1540 1698 465
1557 1665 1598 1697 D.

884 1710 1138 1752 Polycletus
1162 1711 1314 1753 Argivus
1333 1710 1371 1745 P.
1389 1711 1454 1744 311
1474 1710 1510 1743 C.

883 1755 1185 1790 Praedicatum
1209 1766 1252 1787 ex
1270 1756 1421 1788 subiecto
1439 1756 1544 1788 intell.
1562 1755 1600 1787 P.

884 1847 1178 1888 Praepositio:
1212 1847 1248 1878 in
1275 1847 1503 1889 responsione
1532 1856 1603 1879 non

930 1892 1075 1934 repetita
1093 1892 1132 1926 G.
1149 1893 1216 1924 449
1226 1892 1263 1923 E.
1282 1892 1318 1924 P.
1334 1893 1402 1925 355
1412 1892 1446 1926 C.
1464 1910 1508 1915 —
1525 1898 1604 1925 ante

930 1937 1071 1969 relativa
1094 1947 1164 1969 non
1186 1938 1308 1970 iterata
1330 1937 1369 1970 G.
1386 1939 1453 1971 463
1470 1937 1509 1969 E.
1535 1937 1603 1971 516

932 1982 968 2014 C.
986 1999 1030 2003 —
1048 1993 1125 2014 cum
1141 1983 1338 2015 nominibus
1356 1990 1552 2015 constructa
1563 1983 1601 2014 P.

931 2028 999 2061 354
1017 2028 1058 2059 A.
1075 2046 1119 2050 —
1137 2029 1172 2060 in
1190 2029 1412 2071 appositione
1429 2029 1548 2061 iterata
1564 2028 1603 2061 P.

932 2073 998 2106 356
1014 2072 1055 2106 D.
1091 2091 1135 2095 —
1167 2074 1202 2105 in
1226 2073 1382 2106 formulis
1402 2084 1445 2106 ex
1461 2073 1603 2106 articulo

932 2125 964 2150 et
980 2119 1175 2151 nominibus
1199 2120 1401 2162 compositis
1426 2119 1528 2151 verbo
1547 2129 1606 2151 ac-

933 2164 1149 2196 commodata
1167 2164 1206 2196 G.
1224 2166 1290 2197 523
1307 2164 1345 2198 B.

887 2210 1116 2241 Praesens:
1135 2216 1217 2252 post
1234 2209 1274 2242 τί
1288 2202 1358 2250 οὔ;
1377 2209 1414 2242 G.
1431 2209 1550 2243 468D.
1566 2209 1604 2241 P.

934 2255 1002 2287 310
1019 2255 1061 2288 A.
1078 2271 1122 2276 —-
1139 2255 1261 2297 partic.
1280 2261 1440 2287 conatum
1457 2255 1548 2297 sign.
1565 2254 1603 2287 P.

933 2300 1103 2331 317A.-
1121 2306 1202 2342 post
1219 2299 1372 2331 futurum
1389 2301 1424 2331 in
1441 2300 1604 2342 interrog.
1663 2326 1666 2329 „

935 2344 973 2377 G.
992 2345 1059 2377 505
1077 2343 1114 2378 C.

888 2390 1019 2421 Prehe
1032 2389 1159 2422 ndere
1182 2391 1204 2421 i.
1228 2400 1261 2430 q.
1286 2390 1607 2433 deprehendere

936 2434 974 2467 G.
992 2435 1059 2467 473
1077 2434 1112 2466 C.

890 2480 1098 2512 Prodicus
1127 2480 1165 2512 P.
1189 2482 1257 2514 314
1285 2479 1324 2515 B.
1358 2480 1460 2512 homo
1493 2479 1607 2512 mollis

935 2526 1003 2558 315
1020 2523 1056 2558 C.
1072 2524 1112 2556 D.
1130 2525 1170 2557 E.
1199 2544 1243 2549 —-
1274 2526 1404 2558 ridetur
1431 2525 1468 2556 P.
1486 2526 1553 2558 340
1570 2524 1607 2556 C.

935 2570 1003 2603 358
1019 2570 1061 2601 A.
1078 2588 1122 2592 —
1139 2570 1283 2612 loquens
1301 2570 1474 2603 inducitur
1491 2570 1529 2603 P.
1539 2570 1606 2603 337

935 2616 966 2647 A
976 2625 1052 2655 sqq.
1070 2633 1115 2638 —-
1132 2626 1325 2658 synonyma
1340 2617 1483 2647 rimatur
1497 2615 1607 2648 P.337

936 2661 968 2692 Α
985 2670 1062 2701 sqq.

891 2705 1118 2748 Prolepsis
1135 2706 1322 2749 praedicati
1339 2705 1376 2737 P.
1395 2706 1462 2738 327
1479 2704 1516 2738 G.
1541 2706 1608 2738 345

938 2750 974 2783 G.
999 2750 1041 2782 al.
1065 2761 1097 2784 v.
1122 2762 1150 2783 s.
1175 2762 1207 2787 V.
1233 2745 1435 2785 διδάσκειν
1459 2758 1491 2787 et
1514 2744 1608 2783 ἄπο-

937 2795 1090 2830 τείνειν.

891 2841 915 2873 Ρ
924 2852 940 2873 r
950 2851 968 2874 o
977 2851 1010 2872 m
1020 2851 1038 2873 e
1047 2841 1088 2873 th
1098 2851 1145 2873 eu
1154 2852 1170 2874 s
1179 2866 1188 2882 ,
1198 2842 1289 2875 lovis
1297 2839 1607 2874 ministerP.321D.

1283 2897 1336 2940 13
