1696 2976
180 73 238 115 20
708 77 1046 129 ΡιιΑΕιτχΑΤῙο

180 196 259 224 non
279 185 520 238 producitur.
578 186 704 233 Quum
724 188 842 238 igitur
870 186 936 227 illo
963 190 1147 239 temporis
1165 191 1310 241 spatio,
1337 190 1442 243 quod
1468 192 1570 231 inter

179 241 350 292 primum
384 246 422 281 et
448 243 603 281 tertium
631 254 775 282 annum
795 242 854 282 01.
875 245 929 288 89
949 245 1192 284 interiectum
1219 251 1295 291 est,
1330 252 1368 286 et
1393 252 1570 287 mortuus

176 297 226 336 sit
243 296 482 348 Hipponicus
503 303 539 337 et
553 298 784 349 Protagoras
798 299 965 339 Athenas
983 301 1199 347 reverterit,
1218 302 1258 340 in
1276 313 1394 341 unum
1403 301 1569 354 aliquem

179 364 224 391 ex
246 352 306 391 his
327 353 451 392 tribus
471 354 582 392 annis
602 353 721 398 Plato,
750 355 784 394 si
811 356 959 395 ratione
988 357 1112 406 egisse
1139 356 1331 408 putandus
1358 363 1435 402 est,
1462 357 1569 397 illum

178 413 409 447 conventum
429 421 589 448 necesse
611 415 668 449 est
686 409 872 456 retulerit,
894 416 1008 462 atque
1029 423 1147 462 quum
1159 407 1256 452 adsit
1275 414 1391 452 etiam
1401 415 1570 453 sermoni

175 463 334 515 Hippias
353 464 481 508 Eleus,
502 464 550 503 de
573 464 694 504 altero
721 477 822 505 anno
843 466 901 506 Ol.
924 471 976 511 89
996 480 1082 507 eum
1111 469 1298 518 cogitasse
1327 468 1570 508 statuendum
1631 480 1633 482 ·

177 524 250 565 est,
288 520 391 571 quod
417 520 578 571 Hippias
611 522 684 560 nisi
715 534 786 573 per
814 522 990 562 inducias
1025 535 1171 563 annuas
1200 523 1356 564 Isarcho
1385 524 1570 564 archonte

175 587 277 614 anno
298 576 424 626 primo
446 574 504 615 Ol.
528 580 580 620 89
601 577 721 616 saetas
741 589 818 616 non
840 580 1009 629 potuerit
1036 584 1116 618 tuto
1136 579 1294 619 Athenis
1315 580 1470 630 degere.
1501 579 1569 619 Illo

174 636 301 670 autem
323 636 498 682 tempore
519 644 644 683 neque
654 632 812 672 Paralus
833 633 1136 686 etXanthippus,
1158 635 1317 674 Periclis
1337 635 1413 680 filii,
1436 635 1568 675 Prota-

175 698 309 737 goram
338 688 472 727 audire
506 693 734 739 potuerunt,
764 695 897 739 utpote
924 690 1069 742 aliquot
1094 691 1205 730 annis
1233 697 1322 730 ante
1349 690 1567 743 mortui²⁰)‚

173 754 299 793 neque
330 743 575 783 Pherecratis
609 743 737 783 sabula
757 747 957 795 Agrestes,
993 758 1091 797 quae
1119 747 1273 786 demum
1295 748 1487 786 Aristione
1507 759 1568 786 ar·

174 798 314 837 chonte
343 798 414 849 (01.
436 803 502 845 90,
532 800 569 850 4)
601 800 713 839 docta
741 807 818 846 est,
848 802 886 840 in
907 802 1117 852 Protagora
1147 802 1196 853 (p.
1219 806 1299 846 327
1319 803 1363 854 D)
1398 815 1568 842 comme·

171 855 317 893 morari
337 854 480 900 debuit,
502 855 605 894 unde
623 856 842 895 Athenaeus
862 857 1065 896 manifesto
1087 870 1275 909 apparere
1297 858 1399 902 dicit,
1420 859 1569 898 diversa

171 908 368 949 Platonem
397 918 571 961 tempora
599 912 817 951 confudisse
844 912 1103 964 historiaeque
1139 913 1253 952 fidem
1283 913 1451 954 laesisse.
1492 913 1568 954 Sed

171 964 244 1003 alia
265 967 379 1004 etiam
399 967 439 1005 in
461 966 535 1005 hoc
556 966 708 1016 dialogo
729 967 932 1014 habentur,
969 981 1066 1019 quae
1086 969 1159 1008 nisi
1179 975 1398 1020 temporum
1420 971 1568 1009 ratione

171 1020 346 1070 neglecta
380 1021 428 1061 ad
463 1022 676 1061 secundum
698 1035 842 1062 annum
879 1023 936 1062 Ol.
959 1027 1011 1067 89
1034 1025 1125 1075 (423
1154 1037 1187 1063 a.
1222 1025 1311 1065 Chr.
1341 1028 1393 1074 n.)
1429 1026 1568 1065 referri

171 1082 376 1127 nequeant.
426 1076 512 1116 Non
532 1079 633 1117 enim
653 1078 801 1129 Agatho
821 1084 946 1130 poeta,
969 1081 1035 1130 qui
1054 1080 1129 1119 iam
1152 1082 1325 1130 proxima
1342 1080 1567 1132 Olympiade

172 1131 250 1183 (90,
272 1132 324 1182 4),
346 1138 389 1171 ut
407 1132 627 1172 Athenaeus
646 1146 684 1184 p.
705 1137 786 1176 217
806 1137 837 1173 A
857 1136 1066 1174 memoriae
1087 1135 1267 1186 prodidit,
1297 1138 1334 1175 in
1357 1139 1566 1176 certamine

169 1189 316 1238 tragico
338 1189 536 1228 victoriam
557 1190 785 1240 reportavit,
816 1203 862 1229 eo
891 1203 992 1229 anno
1013 1187 1117 1229 νέον
1145 1190 1207 1230 ἔτι
1226 1186 1456 1244 μειράκιον
1483 1193 1564 1238 fuit,

170 1254 246 1293 quo
261 1246 418 1283 nomine
438 1257 476 1296 p.
499 1248 578 1287 315
599 1244 630 1283 D
651 1257 672 1284 a
695 1246 854 1285 Socrate
881 1245 1109 1296 appellatur.
1174 1247 1307 1298 Neque
1328 1249 1449 1298 magis
1477 1260 1565 1287 cum

169 1298 233 1337 illo
272 1311 374 1339 anno
409 1301 640 1345 concinunt,
677 1312 775 1351 quae
811 1313 848 1352 p.
870 1305 948 1344 311
980 1302 1008 1340 C
1043 1302 1090 1342 de
1116 1302 1252 1342 Phidia
1272 1303 1496 1343 Atheniensi
1529 1309 1567 1343 et

168 1366 207 1406 p.
224 1358 304 1398 335
326 1355 357 1394 E
377 1355 424 1395 de
445 1356 606 1396 Crisone
632 1356 837 1396 Himeraeo
865 1363 1142 1397 memorantur.
1201 1358 1270 1398 llle
1298 1360 1419 1404 enim,
1449 1371 1565 1410 quem

169 1411 246 1450 iam
266 1422 368 1450 anno
389 1412 514 1461 primo
536 1410 594 1451 01.
617 1416 669 1455 87
689 1413 882 1451 interiisse
903 1412 1122 1466 constat²⁷)‚
1145 1413 1309 1465 exempli
1330 1427 1443 1455 causa
1465 1416 1566 1454 inter

169 1477 237 1505 eos
257 1467 491 1512 nominatur,
513 1479 610 1518 quos
630 1467 763 1507 adiens
783 1468 1038 1519 Hippocrates
1064 1476 1208 1509 certam
1230 1471 1422 1521 quandam
1442 1476 1565 1510 arteni

168 1521 372 1567 doceatur,
410 1534 498 1562 cum
527 1523 705 1567 Crisone,
741 1524 882 1574 insigni
916 1537 1077 1564 cursore
1107 1526 1285 1565 Socrates
1312 1526 1563 1577 Protagoram

167 1583 365 1628 comparat
384 1579 601 1618 orationum
623 1576 780 1618 cursum
808 1591 887 1618 non
914 1580 1150 1620 inhibentem
1179 1586 1217 1620 et
1242 1593 1349 1620 suam
1378 1582 1564 1621 conditio·

165 1644 276 1679 nem,
304 1634 337 1673 si
358 1629 447 1673 cum
467 1634 638 1685 sophista
658 1634 784 1684 longis
812 1635 1049 1675 orationibus
1078 1641 1228 1676 certare
1255 1636 1450 1683 iubeatur,
1473 1650 1563 1676 ean-

166 1688 253 1727 dem
290 1700 372 1728 esse
406 1689 515 1734 dicit,
556 1702 602 1729 ac
635 1691 667 1729 si
691 1690 891 1730 Crisonem
930 1692 1125 1731 currendo
1154 1691 1330 1731 iubeatur
1365 1692 1561 1732 aemulari.

165 1743 305 1783 Tribus
339 1744 521 1796 deinceps
557 1745 834 1785 certaminibus
861 1745 1072 1798 Olympicis
1098 1771 1152 1776 —
1180 1747 1238 1787 01.
1261 1751 1326 1791 83.
1349 1751 1414 1792 84.
1437 1752 1488 1792 85
1514 1771 1560 1778 -

165 1799 273 1839 Criso
284 1797 330 1852 28)
353 1812 471 1840 cursu
491 1802 593 1847 vicit,
615 1806 657 1842 ut
676 1800 743 1840 illo
764 1807 941 1853 tempore
970 1804 1051 1842 eius
1078 1804 1221 1855 pedum
1248 1805 1457 1855 pernicitas
1484 1810 1562 1843 tota

165 1855 326 1895 Graecia
363 1863 464 1895 esset
499 1856 683 1902 celebris;
718 1858 786 1897 sed
822 1857 879 1897 Ol.
902 1862 966 1902 89,
989 1862 1013 1900 2
1044 1864 1132 1910 post
1165 1858 1336 1899 ultimam
1364 1860 1562 1899 victoriam

164 1910 426 1962 duodeviginti
446 1924 635 1952 annorum
656 1915 779 1964 spatio
801 1914 1003 1953 interiecto
1032 1916 1113 1954 sine
1134 1914 1252 1954 dubio
1279 1920 1427 1955 tantum
1448 1915 1496 1954 de
1517 1926 1561 1955 ea

162 1965 276 2006 laude
296 1967 367 2006 suit
387 1968 626 2014 detractum,
655 1974 697 2008 ut
723 1981 796 2008 nec
819 1971 901 2020 ipse
929 1968 1118 2022 δρομεὺς
1144 1965 1349 2022 ἀκμάζων
1376 1970 1562 2022 appellari

162 2027 293 2072 posset
313 2027 350 2062 et
371 2022 549 2063 Socrates
569 2024 663 2063 nihil
683 2024 855 2071 haberet,
879 2038 948 2065 cur
963 2038 1079 2066 cursu
1094 2039 1181 2066 cum
1199 2039 1244 2066 eo
1264 2034 1414 2067 certare
1429 2026 1559 2066 nollet.

162 2077 314 2117 Etenim
334 2090 383 2118 ne
404 2079 574 2119 Socratis
595 2080 751 2131 quidem
771 2093 950 2131 persona,
973 2082 1038 2132 qui
1057 2087 1100 2120 ut
1119 2084 1194 2121 iam
1211 2082 1384 2127 vidimus,
1406 2082 1560 2122 iuvenili

162 2137 285 2173 aetate
306 2133 450 2174 florens
470 2135 715 2181 descrIbitur,
737 2148 838 2175 anno
858 2140 938 2180 423
958 2137 1180 2187 respondet.

273 2189 346 2229 Sed
369 2189 464 2230 haec
484 2192 612 2230 omnia
632 2192 684 2230 ita
705 2198 927 2243 comparata
948 2198 1055 2239 sunt,
1084 2199 1126 2232 ut
1154 2193 1202 2232 ad
1231 2194 1340 2244 prius
1365 2193 1558 2245 quoddam

162 2249 314 2296 tempus
334 2245 439 2285 hunc
459 2246 650 2298 dialogum
671 2248 1003 2287 accommodatum
1025 2260 1108 2289 esse
1130 2261 1244 2289 nemo
1264 2261 1342 2288 non
1362 2249 1556 2301 intelligat.

226 2400 288 2443 26)
314 2400 510 2435 censemus
527 2402 620 2435 enim
642 2402 868 2435 Athenaeum
892 2414 924 2446 p.
942 2406 1006 2437 506
1024 2404 1053 2436 Α
1075 2404 1265 2456 scripsisse
1288 2397 1354 2438 ἅτε
1375 2399 1557 2447 πρότερον

161 2441 460 2488 τελευτήσαντες,
478 2457 550 2479 non
563 2447 656 2489 quod
672 2447 757 2479 libri
769 2448 942 2480 exhibent
958 2445 996 2481 οἷ
1011 2446 1064 2482 ἔτι
1082 2460 1186 2490 προτ.
1205 2450 1276 2482 τελ.
1295 2453 1359 2481 aut
1376 2450 1469 2491 quod
1486 2451 1555 2482 Ca.-

160 2491 341 2523 saubonus
359 2492 514 2523 coniecit
529 2487 568 2524 οἵ
582 2489 734 2535 πέμπτῳ
753 2489 825 2525 ἔτει
844 2488 949 2534 πρότ.
968 2495 1041 2527 τελ.
1076 2493 1329 2526 Casaubonum
1344 2497 1384 2525 ut
1401 2494 1454 2525 ita
1471 2505 1554 2527 con-

160 2536 308 2575 ficeret,
333 2545 452 2567 errore
475 2536 618 2568 ductum
642 2546 720 2569 esse
744 2537 929 2579 intelliges
959 2549 1002 2570 ex
1023 2539 1267 2581 descriptione
1290 2537 1554 2580 Olympiadum‚

162 2590 267 2621 quam
289 2580 366 2622 ipse
382 2579 419 2611 in
443 2580 691 2613 Animadvers.
710 2580 754 2614 ad
770 2581 904 2614 Athen.
921 2582 967 2614 ad
983 2582 1045 2626 lib.
1064 2583 1094 2614 V
1112 2585 1222 2625 caput
1236 2582 1301 2614 XV
1318 2582 1465 2615 adiecit.

226 2623 283 2667 ⁶27)
307 2624 414 2656 Hanc
425 2623 646 2657 O.Muelleri
662 2626 878 2659 sententiam
893 2630 1040 2660 secutus
1059 2627 1168 2660 etiam
1185 2626 1368 2660 estBrunn
1382 2627 1555 2660 Graecor-

162 2668 288 2701 artifie.
306 2668 431 2701 histor.
448 2669 477 2702 Ι.
494 2678 528 2711 p.
546 2671 621 2704 167.

226 2713 284 2756 28)
309 2713 350 2748 V.
375 2713 523 2792 Digdor.
547 2714 636 2756 XII,
653 2716 683 2749 5.
702 2717 756 2749 23.
773 2716 830 2748 29.
866 2715 1015 2758 Dionys.
1041 2715 1120 2750 Hal.
1141 2715 1262 2759 Antiq.
1287 2715 1389 2750 Rom.
1405 2715 1456 2749 XI
1474 2716 1552 2749 init.

160 2757 318 2794 Pausan.
333 2758 380 2801 V,
396 2760 416 2791 ‘2
443 2785 450 2793 .
