1676 2938
484 204 727 244 GORGIAS.
755 205 800 244 P.
833 208 926 244 520.
954 206 1014 245 ed.
1045 206 1102 245 St.
1393 208 1471 244 321

119 311 276 369 ἀδικίᾳ.
313 307 340 367 ἦ
378 313 483 367 γάρς
526 315 663 357 ΚΑΛ.
704 314 808 356 Ναί.
865 316 968 357 ΣΩ.
1010 315 1186 357 Οὐκοῦν
1213 314 1341 364 εἴτις
1368 315 1474 357 αὐτὸ

116 382 246 420 τοῦτο
268 378 458 431 ἀφαιρεῖ,
486 379 566 434 τὴν
585 379 766 430 ἀδικίαν,
797 380 927 423 οὐδὲν
954 381 1098 424 δεινὸν
1125 381 1256 437 αὐτῷ,
1284 382 1342 436 μή
1370 395 1474 424 ποτε

118 443 334 499 ἀδικηθῇ,
384 443 490 486 ἀλλὰ
527 445 647 499 μόνῳ
684 445 872 497 ἀσφαλὲς
911 447 1074 501 ταύτην
1108 445 1188 502 τὴν
1228 447 1474 501 εὐεργεσίαν

115 508 350 563 προέσθαι,
388 509 505 563 εἴπερ
541 515 600 564 τῷ
637 513 729 553 ὄντι
764 512 941 554 δύναιτό
979 527 1042 561 τις
1082 512 1280 566 ἀγαθοὺς
1317 516 1472 555 ποιεῖν.

118 575 196 629 οὐχ
225 574 385 624 οὕτωςς
415 577 553 616 ΚΑΛ.
575 577 714 631 Φημί.

201 640 308 699 Cap.
338 641 550 685 LXXVI.
609 644 706 684 ΣΩ.
750 642 839 684 Διὰ
865 643 982 684 ταῦτ’
1011 645 1109 696 ἄρα,
1140 642 1197 690 ὡς
1225 640 1358 693 ἔοικε,
1398 642 1474 692 τὰς

114 707 192 762 μὲν
228 711 358 757 ἄλλας
396 708 647 762 συμβουλὰς
684 709 996 761 συμβουλεύειν
1035 708 1314 761 λαμβάνοντα
1342 707 1472 762 ἀργύ-

115 789 235 826 ριον,
274 769 370 816 οἷον
397 774 647 829 οἰκοδομίας
675 772 771 826 πέρι
798 773 825 827 ἢ
853 776 941 815 τῶν
969 776 1111 815 ἄλλων
1139 776 1314 827 τεχνῶν,
1344 772 1473 815 οὐδὲν

113 839 300 894 αἰσχρόν.
359 841 496 880 ΚΑΛ.
517 835 660 882 ’Ἐοικέ
687 854 749 893 γε.
794 841 896 881 Σῼ.
927 839 1037 892 Περὶ
1064 838 1110 880 δέ
1138 853 1185 892 γε
1213 840 1369 893 ταύτης
1396 844 1471 892 τῆς
1500 835 1539 878 Ε

113 905 327 957 πράξεως,
377 900 503 947 ὅντιν’
549 907 605 946 ἄν
642 921 705 955 τις
740 906 904 959 τρόπον
943 906 1000 954 ὡς
1043 903 1258 957 βέλτιστος
1298 903 1362 958 εἴη
1400 902 1473 945 καὶ

110 973 262 1024 ἄριστα
288 971 369 1025 τὴν
396 969 531 1012 αὐτοῦ
560 971 702 1012 οἰκίαν
729 971 887 1013 διοικοῐ
912 970 938 1025 ἢ
967 972 1107 1021 πόλιν,
1147 970 1325 1024 αἰσχρὸν
1351 970 1470 1011 νενό-

112 1045 254 1090 μισται
289 1034 347 1091 μὴ
386 1036 519 1089 φάναι
550 1036 873 1090 συμβουλεύειν,
914 1036 989 1078 ἐὰν
1017 1038 1076 1091 μή
1104 1052 1166 1086 τις
1194 1036 1311 1089 αὐτῷ
1340 1036 1471 1089 ἀργύ-

113 1117 210 1154 ριον
246 1101 361 1158 διδῷ.
399 1097 559 1156 ἦγοίρ;
602 1103 739 1143 ΚΑΛ.
780 1102 882 1142 Ναί.
940 1103 1035 1142 ΣΩ.
1075 1104 1226 1156 Δῆλον
1252 1101 1362 1154 γὰρ,
1406 1098 1472 1143 ὅτι

111 1170 242 1208 τοῦτο
280 1166 418 1208 αἴτιόν
454 1165 588 1216 ἐστιν,
630 1164 695 1208 ὅτι
722 1167 834 1221 μόνη
863 1166 970 1221 αὕτη
998 1169 1085 1207 τῶν
1113 1167 1367 1221 εὐεργεσιῶν
1393 1167 1471 1208 τὸν

112 1227 160 1273 εὖ
188 1232 387 1274 παθόντα
415 1230 645 1286 ἐπιθυμεῖν
671 1236 786 1274 ποιεῖ
813 1232 904 1273 ἀντ’
932 1227 979 1273 εὗ
1008 1234 1169 1283 ποιεῖν,
1208 1231 1310 1281 ὤςτε
1337 1233 1472 1274 καλὸν

112 1372 190 1404 Vat.
216 1371 320 1404 Coisl.
355 1373 519 1414 scriptum
551 1371 717 1405 exhibent
750 1370 817 1405 ἀλλ’
843 1370 861 1403 ὃ
886 1383 930 1412 μ.,
961 1372 998 1404 in
1032 1383 1100 1415 quo
1131 1373 1216 1405 latet
1245 1370 1328 1405 ἀλλὰ
1359 1371 1469 1416 μόνῳ.

112 1417 278 1450 Defendit
300 1417 532 1450 Buttmannus
555 1423 703 1450 veterem
727 1418 911 1450 lectionem
937 1419 1004 1458 sic,
1027 1422 1067 1450 ut
1089 1422 1169 1450 ante
1191 1418 1294 1460 εἴπερ
1318 1406 1470 1462 intelligi

112 1462 234 1495 iubeat
257 1457 358 1497 οὗτος
383 1461 516 1497 ἐκεῖνός
541 1462 643 1495 ἐστιν.
691 1464 788 1504 Quae
811 1468 928 1496 tamen
951 1464 1039 1496 ratio
1064 1463 1181 1496 durior
1203 1463 1350 1496 videtur.

179 1508 219 1543 E.
269 1505 324 1542 ὥς
356 1508 582 1550 βέλτιστος
604 1507 696 1552 εἴη]
729 1508 846 1541 Clark.
870 1509 948 1541 Vat.
973 1509 1060 1541 Ven.
1087 1509 1168 1542 ΞΣ.
1199 1509 1301 1541 Vind
1328 1508 1358 1543 6.
1389 1510 1467 1542 Par.

111 1552 204 1585 CW.
234 1552 422 1595 βέλτιστον.
476 1554 567 1586 Dein
601 1554 703 1586 Vind.
737 1553 767 1587 6.
806 1555 883 1587 Par.
908 1554 964 1586 W.
997 1554 1089 1587 Flor.
1115 1566 1145 1587 o.
1178 1555 1319 1587 Meerm.
1345 1554 1468 1598 διοικῇ,

110 1598 202 1630 unde
226 1598 448 1631 Heindorfius
471 1598 683 1631 extundebat
708 1598 868 1642 Beotnoc'u]
892 1599 955 1632 sed
978 1610 1010 1634 v,
1035 1600 1078 1633 ad
1101 1611 1135 1643 p.
1158 1598 1235 1633 507.
1260 1600 1303 1632 A.

178 1641 264 1676 ἀντ’
297 1638 346 1677 εὖ
377 1643 543 1701 ποιεῖν]
569 1645 610 1677 V.
635 1641 864 1677 ἀντευποιεῖν.
889 1656 922 1678 v.
947 1650 1064 1678 annot.
1111 1646 1170 1679 Sic
1194 1656 1276 1678 mox
1300 1646 1405 1678 etiam
1430 1645 1467 1677 in

110 1687 210 1722 libris
232 1689 412 1723 nonnullis
435 1687 696 1723 ἅντευπείσεται
717 1690 889 1723 scribitur.

108 1797 346 1845 ἀργύριον]
370 1812 530 1844 neque,
554 1802 754 1835 mercede

109 1851 258 1888 pacta,
283 1851 497 1889 quantum
521 1847 634 1880 fieri
656 1859 753 1890 pos-

109 1892 184 1931 sit,
212 1902 261 1924 eo
284 1893 382 1934 ipso
418 1896 635 1935 tempore,
669 1904 752 1935 quo

108 1936 237 1969 illum
289 1937 547 1970 celeritatis
605 1938 748 1970 reddit

110 1983 391 2025 participem,
431 1987 661 2026 argentum
690 1994 753 2015 su-

108 2031 201 2062 mat.
248 2028 338 2060 Nam
368 2027 435 2068 ἃμα
465 2026 669 2068 μεταδιδούς
702 2032 753 2061 est

110 2072 242 2105 simul
265 2079 395 2116 atque
420 2074 459 2106 ei
483 2073 631 2106 tradit.
663 2075 752 2107 conf.

110 2118 260 2150 Matth.
285 2119 315 2159 §-
340 2117 418 2152 557.
441 2117 474 2152 3.

155 2163 199 2195 D.
260 2159 396 2196 οὐδὲν
431 2162 586 2197 δεινὸν
620 2162 751 2208 αὐτῷ,

109 2205 162 2250 μή
187 2218 288 2240 ποτε·
311 2205 443 2252 α’δικ.]
479 2220 563 2242 ιιοιι
588 2214 653 2242 est
675 2221 752 2242 me-

110 2252 337 2295 tuendum,
410 2265 463 2286 ne
531 2254 750 2288 laedatur.

107 2297 283 2330 Phaedon.
305 2309 337 2340 p.
350 2297 405 2332 84.
423 2300 470 2331 Β·
495 2297 604 2332 οὐδὲν
619 2299 750 2339 δεινόν,

108 2342 154 2386 μὴ
179 2343 340 2399 φοβηθῇ.
371 2344 518 2398 Apolog.
535 2345 628 2378 Soet.
645 2356 676 2388 p.
695 2344 750 2379 28.

107 2389 154 2420 Β·
179 2385 289 2421 ουδὲν
314 2388 354 2421 δὲ
380 2387 508 2427 δεινόν,
539 2388 584 2433 μὴ
609 2390 651 2424 ἐν
675 2390 750 2431 ἐμοὶ

110 2436 171 2476 στῇ

153 2478 237 2521 Cap.
261 2479 421 2511 IXXVI.
456 2479 498 2511 Ε.
533 2477 667 2512 ὅντιν’
699 2478 751 2512 ἄν

108 2534 168 2558 τις
192 2521 359 2564 τρόπον
379 2542 421 2548 -
442 2522 463 2566 ἢ
484 2523 627 2568 πόλιν]
653 2525 751 2558 Haec

106 2569 199 2601 enim
230 2569 406 2647 sophistae
429 2569 687 2611 profitebantur.
717 2582 750 2603 v.

107 2614 160 2646 De
184 2614 324 2657 Rep.X
358 2613 484 2657 Ρ..6ΟΟ
506 2615 550 2647 D.
573 2615 750 2659 Protagor.

106 2668 138 2701 Ρ.
163 2656 240 2692 316.
264 2659 302 2692 C.
325 2670 358 2702 Ρ.
358 2625 460 2692 Ρ318.
486 2660 524 2692 Β.
548 2670 660 2702 seqq„
689 2661 751 2693 ubi

106 2704 197 2736 inter
226 2703 296 2737 alia
326 2705 481 2747 sophista
510 2704 551 2737 de
575 2709 647 2737 arte
670 2715 750 2739 sua.

108 2745 144 2780 τὸ
188 2748 228 2781 δὲ
265 2747 411 2792 μάθημα
450 2748 545 2782 ἐστιν
583 2747 752 2792 εὐβουλία

144 2815 216 2842 ΡΙιΐ.
234 2816 306 2849 Opp.
324 2817 393 2843 Vol.
405 2818 443 2843 11.
461 2817 535 2844 sect.
552 2818 575 2844 1.

824 1804 910 1844 περί
936 1814 970 1835 τε
1000 1806 1069 1835 τῶν
1100 1802 1263 1841 οἰκείων,
1301 1801 1397 1837 ὅπως
1422 1800 1467 1835 ἄν

823 1846 944 1888 ἄριστα
961 1845 1023 1890 τὴν
1038 1847 1166 1880 ἑαυτοῦ
1186 1847 1305 1880 οἰκίαν
1330 1848 1466 1886 διοικοῖ,

822 1893 878 1925 καὶ
912 1894 993 1935 περὶ
1019 1896 1090 1925 τῶν
1113 1897 1170 1936 τῆς
1195 1892 1340 1931 πόλεως,
1371 1891 1467 1928 ὅπως

822 1936 859 1970 τὰ
894 1941 951 1981 τῆς
983 1937 1114 1972 πόλεως
1151 1937 1390 1973 δυνατώτατος
1420 1937 1466 1971 ἄν

821 1984 878 2026 εἴη
901 1984 958 2016 καὶ
984 1981 1144 2025 πράττειν
1167 1984 1222 2016 καὶ
1239 1983 1362 2028 λέγειν.
1401 1986 1466 2017 Ita-

821 2039 888 2071 que
918 2030 1027 2072 carpit
1056 2029 1283 2072 philosophus
1307 2030 1341 2062 h.
1365 2029 1387 2062 l.
1413 2041 1466 2063 so—

819 2074 971 2116 phistas,
1002 2074 1093 2116 quod
1127 2085 1148 2107 a
1179 2075 1362 2118 discipulis
1393 2076 1465 2108 suis

820 2124 889 2152 tam
921 2120 1087 2163 grandem
1120 2121 1349 2154 institutionis
1379 2132 1465 2154 mer-

819 2165 936 2198 cedem
982 2166 1177 2209 exigebant.
1238 2167 1326 2200 conf.
1373 2167 1465 2209 Apo-

818 2210 888 2253 log.
854 2211 1050 2289 g.SSocCrat.
1084 2222 1110 2243 c.
1144 2212 1202 2244 IV.
1242 2212 1347 2255 Hipp.
1380 2213 1463 2245 Mai.

819 2267 851 2299 p
864 2299 943 2333 ἐὰι
988 2300 1040 2343 μή
1084 2313 1145 2335 τις
1185 2299 1304 2344 αι’τῷ
1346 2298 1460 2345 α’ργ.]

818 2347 977 2379 Refertur
999 2344 1092 2389 αὐτῷ
1122 2346 1166 2378 ad
1197 2346 1387 2379 subiectum
1411 2348 1464 2378 in-

818 2391 1008 2431 definitum,
1031 2391 1123 2433 quod
1141 2391 1313 2424 infinitivo
1330 2390 1375 2435 μὴ
1393 2390 1461 2433 φά-

822 2448 877 2468 παι
917 2438 1125 2479 cogitatione
1167 2437 1361 2470 addendum
1401 2443 1463 2470 est.

819 2481 878 2513 Sic
894 2492 957 2524 sup
961 2493 1033 2524 rap
1037 2480 1139 2515 ..469
1158 2482 1461 2525 C.etE.Craty1.

818 2537 849 2569 p.
864 2493 957 2562 389.p
965 2527 1003 2559 C.
1012 2493 1185 2569 pEuthyd.
1203 2538 1240 2582 Ρ.
1257 2526 1334 2561 273.
1357 2528 1395 2560 C.
1416 2529 1461 2560 al.

865 2576 1004 2604 ποιεῖ
1045 2570 1139 2604 ἀντ’
1187 2566 1240 2605 εὖ
1287 2572 1460 2616 ποιεῖν]

818 2616 922 2649 Hanc
935 2618 1141 2659 scripturam
1153 2621 1324 2650 testantur
1345 2629 1461 2650 veram

819 2672 894 2694 esse
918 2662 1053 2695 codices
1076 2662 1144 2695 duo
1162 2663 1461 2705 praestantissimi,

820 2707 1030 2740 Clarkianus
1059 2712 1093 2740 et
1123 2707 1404 2741 vindobonensis
1428 2708 1460 2742 2.

818 2753 909 2785 Nam
933 2753 1039 2785 ceteri
1060 2753 1143 2786 libri
1167 2764 1245 2786 cum
1270 2753 1365 2786 editt.
1379 2758 1460 2786 vett.

1146 2819 1190 2853 21
