1682 2944
340 154 344 158 ’
416 147 489 184 ΑΙ)
517 144 762 184 GORGIAM
791 143 1062 182 PLATONIS.
1363 144 1415 178 29

65 262 98 300 si
126 273 262 300 revera
289 260 347 298 illi
375 259 466 298 boni
492 259 660 297 fuissent
686 260 856 296 oratores
886 261 926 296 et
953 257 1056 296 cives
1084 254 1262 293 meliores
1292 253 1417 292 reddi-

66 318 224 356 dissent.
291 317 337 354 Id
375 316 477 368 quod
515 315 633 354 etiam
671 316 718 352 de
757 314 940 364 sophistis
978 314 1034 352 ita
1069 312 1317 350 iudicandum
1346 314 1418 356 est,

67 375 134 426 qui
160 379 304 412 temere
323 376 620 424 conqueruntur,
650 371 752 423 quod
781 384 804 409 a
833 370 1030 420 discipulis
1046 369 1126 407 suis
1155 368 1325 407 debitam
1344 367 1417 405 sibi

66 430 322 469 institutionis
350 429 562 468 mercedem
599 441 677 466 non
706 427 895 477 accipiant
922 440 1048 478 neque
1077 425 1177 476 grati
1206 425 1323 463 animi
1353 425 1419 462 do-

67 487 257 529 cumentis
294 489 488 524 ornentur.
526 486 569 523 P.
602 487 694 522 515.
722 485 771 522 D.
800 506 857 511 —-
889 487 981 522 519.
1012 484 1056 521 Ε.
1114 482 1202 520 Noli
1232 482 1336 520 enim
1362 486 1419 528 tu,

67 544 266 590 oCalhcle,
284 543 385 580 hanc
402 542 662 592 sophistarum
681 554 769 578 cum
786 541 881 580 viris
899 540 1077 579 civilibus
1097 538 1421 589 comparationem

69 613 182 650 aegre
210 600 329 645 ferre;
356 620 413 627 ——
442 599 585 650 quippe
613 597 788 636 homines
816 598 858 635 in
885 597 1049 647 publicis
1077 600 1277 635 versantes
1304 608 1420 644 nego-

69 657 135 695 tiis
174 669 251 694 non
287 668 373 693 raro
411 655 621 706 sophistas,
670 658 805 704 utpote
844 655 951 692 nullo
997 653 1135 692 merito
1171 652 1324 703 publico
1362 652 1420 689 in-

68 714 206 762 signes,
236 711 412 764 quamvis
441 725 572 749 eorum
601 710 843 749 imbibissent
861 710 1072 760 opiniones,
1101 714 1231 748 tamen
1250 709 1421 747 fastuose

68 771 375 815 contemnebant,
404 768 477 818 ipsi
508 768 588 805 suis
615 768 764 806 meritis
794 767 940 806 scilicet
961 766 1247 816 superbientes,
1277 779 1299 804 e
1328 780 1422 817 quo-

68 839 155 864 rum
184 838 342 863 numero
371 830 431 863 est
459 823 577 862 etiam
606 827 761 875 Anytus
799 824 840 862 in
869 824 995 862 Plat.
1026 824 1182 861 Menon.
1214 837 1251 872 p.
1284 827 1346 860 90.
1378 823 1420 860 Β.

69 896 187 934 seqq„
226 882 293 920 ubi
330 882 373 919 in
409 881 602 931 sophistas
638 881 908 919 inclementius
945 880 1154 918 invehitur.
1190 901 1246 906 —
1282 880 1422 930 Itaque

70 939 264 977 Calliclem
293 937 469 976 similiter
495 939 595 975 hauc
623 938 944 987 comparationem
971 937 1214 985 indignatum
1244 936 1424 974 admonet

71 996 167 1033 haec
195 995 390 1042 Socrates,
429 994 491 1032 his
519 994 635 1037 etiam
664 995 792 1033 verbis
822 994 983 1040 additis,
1024 993 1165 1044 quibus
1203 1006 1337 1031 rursus
1374 993 1422 1030 de

71 1051 297 1102 sophistices
326 1057 365 1090 et
391 1051 602 1090 rhetorices
633 1051 860 1100 cognatione
878 1050 1104 1100 exponitur:
1135 1051 1281 1088 habent
1308 1050 1423 1096 enim,

70 1108 220 1159 inquit,
259 1107 473 1157 sophistae,
521 1108 589 1159 qui
626 1121 709 1146 sese
745 1107 903 1146 virtutis
940 1106 1144 1156 magistros
1183 1107 1423 1156 profitentur,

72 1170 188 1216 atque
217 1165 390 1203 rhetores
425 1165 634 1202 maximam
671 1178 763 1203 sane
802 1164 1051 1210 affinitatem3
1095 1163 1190 1214 quin
1229 1163 1424 1213 sophistae

73 1221 149 1258 illis
179 1221 297 1259 etiam
335 1221 594 1271 anteponendi
631 1221 835 1260 videntur:
875 1234 964 1258 nam
993 1226 1183 1272 quantum
1221 1234 1283 1258 ars
1311 1220 1425 1269 legis-

73 1277 211 1316 latoria
239 1278 314 1315 arti
341 1277 513 1315 iudiciali
531 1282 701 1327 praestat
730 1282 770 1316 et
788 1277 1031 1328 gymnastica
1053 1277 1243 1324 medicae,
1272 1281 1426 1316 tantum

73 1334 266 1372 rhetorem
293 1334 490 1372 antecellit
518 1334 700 1384 sophista.
758 1335 906 1372 Neuter
942 1338 1072 1372 tamen
1111 1334 1158 1371 de
1186 1333 1318 1383 populi
1358 1339 1426 1372 aut

74 1390 348 1439 discipulorum
375 1390 568 1428 iniustitia
596 1391 742 1429 habent
779 1391 881 1442 quod
922 1390 1005 1428 iure
1048 1394 1278 1441 querantur,
1316 1404 1426 1440 prae·
1477 1426 1487 1435 ,

75 1447 207 1485 sertim
235 1459 355 1497 quum
382 1446 478 1496 ipsis
506 1448 570 1485 vel
600 1447 768 1485 maxime
788 1447 992 1486 conveniat
1020 1447 1207 1485 beneficia
1235 1460 1306 1484 sua
1323 1448 1426 1486 ultro

76 1516 119 1541 ac
146 1503 229 1541 sine
257 1503 430 1541 mercede
469 1503 555 1541 aliis
592 1503 796 1553 impertiri,
837 1503 1029 1555 siquidem
1057 1504 1177 1552 vulgo
1216 1507 1329 1554 turpe
1358 1517 1425 1541 ex-

75 1559 271 1598 istimatur
289 1559 412 1607 alteri,
439 1572 558 1610 quum
577 1560 711 1610 possis,
739 1561 939 1599 ostendere
958 1560 1072 1607 nolle,
1102 1561 1290 1611 quomodo
1310 1574 1427 1612 quam

76 1616 244 1666 optimus
271 1616 356 1654 fieri
386 1616 606 1668 optimeque
635 1630 745 1655 suam
772 1617 854 1667 ipse
889 1630 972 1655 rem
1006 1616 1255 1655 domesticam
1283 1618 1346 1656 vel
1376 1618 1426 1655 ci-

75 1673 238 1712 vitatem
265 1672 532 1711 administrare
560 1678 687 1725 queat.
717 1675 759 1712 P.
792 1677 883 1712 520.
912 1675 960 1711 A.
989 1695 1046 1700 --
1074 1674 1120 1711 E.

160 1729 270 1767 Haec
297 1729 425 1767 omnia
451 1734 656 1781 postquam
674 1730 849 1768 Callicles
878 1730 1066 1780 probavit,
1096 1731 1272 1769 Socrates
1297 1744 1426 1770 rever-

76 1785 174 1824 titur
211 1786 259 1823 ad
297 1786 562 1837 quaestionem
599 1801 717 1837 supra
754 1787 988 1837 propositam
1016 1787 1262 1838 ostenditque
1297 1789 1426 1827 rheto-

76 1842 206 1889 ricam,
236 1843 284 1880 de
312 1855 390 1893 qua
419 1842 564 1881 dixerit
590 1843 778 1890 Callicles,
807 1856 967 1893 pravam
995 1856 1079 1881 esse
1109 1847 1149 1882 et
1176 1844 1335 1883 vivendi
1366 1858 1426 1883 ra-

77 1898 222 1936 tionem
251 1899 299 1936 ab
328 1911 373 1936 eo
400 1899 597 1938 laudatam
623 1901 723 1938 bono
750 1900 835 1939 viro
864 1913 948 1938 esse
976 1900 1184 1948 indignam.

163 1955 226 1992 Ad
254 1958 381 1992 utram
410 1955 549 2003 igitur,
577 1956 723 2007 inquit,
763 1969 824 1994 me
862 1956 1071 1994 cohortaris
1109 1956 1279 1995 civitatis
1319 1970 1427 1996 cura-

78 2009 248 2048 tionem?
276 2024 370 2048 num
388 2012 436 2049 ad
456 2012 567 2059 hanc,
596 2025 674 2063 qua
692 2013 930 2060 contendam,
959 2016 1005 2051 ut
1024 2013 1284 2052 Athenienses
1311 2027 1428 2066 quam

79 2066 215 2116 optimi
231 2068 408 2115 evadant,
431 2081 480 2105 an
496 2069 544 2106 ad
563 2069 817 2108 adulatoriam
835 2069 951 2116 illam,
971 2082 1049 2120 qua
1064 2082 1198 2108 eorum
1214 2070 1428 2110 inserviens

81 2123 356 2173 cupiditatibus
393 2125 521 2162 omnia
559 2126 608 2163 ad
645 2126 886 2176 voluptatem
923 2126 1293 2178 delectationemque
1330 2129 1428 2166 refe-

80 2179 188 2217 ram?
215 2180 331 2218 Dicas
357 2180 465 2228 mihi,
494 2194 516 2218 o
545 2181 719 2229 Callicle,
750 2182 888 2229 libere,
919 2182 1012 2234 quid
1040 2183 1197 2230 sentias,
1226 2197 1271 2222 ac
1298 2198 1428 2234 perge,

82 2237 401 2287 quemadmodum
439 2238 618 2287 coepisti,
656 2239 820 2277 fidenter
856 2252 1007 2277 mecum
1043 2252 1167 2288 agere.
1234 2241 1297 2278 Ad
1332 2242 1429 2279 haec

82 2292 147 2329 ille
176 2292 271 2331 satis
298 2293 559 2343 impudenter:
588 2295 671 2344 Ego
698 2309 790 2334 vero
818 2300 856 2334 te
886 2296 1063 2334 cohortor
1097 2297 1146 2334 ad
1175 2297 1276 2334 hane
1302 2302 1429 2347 poste·-

80 2348 220 2386 riorem
232 2349 556 2389 administrandae
570 2351 803 2401 reipublicae
812 2352 1012 2399 rationem,
1029 2352 1190 2404 eiusque
1208 2353 1264 2391 rei
1276 2366 1429 2392 caussas

83 2405 252 2443 afferam.
310 2405 386 2443 Sed
414 2406 588 2446 Socrates
615 2421 829 2446 sermonem
867 2409 950 2447 eius
977 2409 1228 2459 interpellans
1256 2411 1428 2449 oratione

83 2474 172 2508 sua,
201 2461 261 2499 Ne
288 2475 420 2500 rursus
447 2464 544 2502 mihi
571 2464 694 2512 dicas,
723 2465 871 2516 inquit,
910 2477 1010 2516 quae
1038 2465 1116 2503 iam
1143 2465 1296 2516 saepius
1325 2471 1427 2506 attu-

81 2517 173 2564 listi,
203 2518 414 2556 occisurum
439 2533 500 2558 me
529 2521 747 2573 quicunque
775 2521 953 2567 voluerit,
982 2534 1031 2559 ne
1060 2535 1130 2570 ego
1158 2522 1330 2561 vicissim
1356 2524 1430 2562 tibi

83 2586 266 2623 reponere
294 2578 448 2613 coactus
484 2576 557 2614 sim
590 2590 690 2628 quae
727 2578 805 2616 iam
842 2578 885 2615 in
922 2577 1117 2627 superiore
1156 2592 1330 2617 sermone
1369 2594 1428 2618 re-

84 2630 231 2679 spondi.
288 2633 343 2669 At
371 2645 473 2678 vero,
500 2632 627 2684 inquit
654 2634 739 2680 ille,
779 2634 942 2671 nimium
980 2634 1136 2685 quidem
1163 2635 1259 2672 mihi
1287 2636 1430 2675 videris

85 2686 273 2725 confidere
302 2687 402 2726 nihil
427 2689 566 2727 horum
592 2690 665 2729 tibi
694 2703 866 2742 unquam
894 2695 1135 2730 eventurum.
1189 2691 1311 2733 Quasi
1338 2706 1429 2731 vero
