1722 2964
428 72 846 111 PROTAGORAS.
885 73 929 110 P.
950 75 1030 113 335.
1058 74 1142 111 ST.
1419 70 1499 113 107

73 190 159 250 ἐγὼ
183 196 363 244 πολλοῖς
397 186 484 248 ἤδη
520 192 583 242 εἰς
606 185 759 246 ἆγῶνα
791 186 936 246 λόγων
968 185 1195 246 ἀφικόμην
1225 185 1499 246 ἀνθρώποις,

42 277 48 281 ·
72 261 146 305 καὶ
171 263 214 305 εἰ
234 261 364 304 τοῦτο
389 258 594 314 ἐποίουν,
625 252 651 301 ὃ
675 253 732 301 σύ
756 254 974 311 κελεύεις,
1000 253 1059 309 ὥς
1082 253 1107 300 ὁ
1130 254 1377 313 ἀντιλέγων
1402 257 1500 300 ἐκέ-

4 367 8 371 „
73 328 180 374 λευέ
198 346 253 385 με
274 327 578 384 διαλέγεσθαι,
597 321 711 369 οὕτω
730 322 1008 382 διελεγόμην,
1034 321 1217 376 οὐδενὸς
1235 319 1292 369 ἂν
1310 327 1501 381 βελτίων

2 392 26 439 ἕε
74 393 343 453 ἐφαινόμην,
384 390 482 439 οὐδ’
510 389 568 438 ἂν
607 392 777 449 ἐλέγετο
810 390 1115 451 Πρωταγόρου
1146 390 1287 449 ὄνομα
1327 393 1376 436 ἐν
1408 401 1500 444 τοῖς

63 461 286 520 ”Ἐλλησιν.
330 462 420 507 Καὶ
454 458 541 518 ἐγώ
576 486 635 492 —
670 463 817 517 ἔγνων
847 457 932 520 γὰρ
964 458 1032 505 ὅτι
1063 457 1145 504 οὐκ
1177 457 1338 518 ἤρεσεν
1369 457 1502 512 αὐτὸς

0 527 21 547 *
73 528 192 591 αὐτῷ
216 540 313 582 ταῖς
337 527 599 585 ἀποκρίσεσι
622 537 718 581 ταῖς
742 531 1013 586 ἔμπροσθεν,
1045 529 1120 572 καὶ
1142 525 1209 572 ὅτι
1233 525 1315 573 οὐκ
1341 525 1503 584 ἐθελή-

71 612 144 644 σοι
167 596 283 643 ἑκων
307 597 423 643 εἶναι
446 593 793 654 ἀποκρινόμενος
818 597 1107 653 διαλέγεσθαι
1134 622 1194 627 —
1221 593 1502 653 ἡγησάμενος

72 663 220 712 οὐκέτι
246 663 352 724 ἐμὸν
370 669 502 725 ἔργον
520 662 636 710 εἶναι
653 675 863 723 παρεῖναι
883 666 932 709 ἐν
949 674 1044 716 ταῖς
1064 668 1340 718 συνουσίαις,
1370 660 1502 709 Ἀλλά

71 752 154 790 τοι,
181 737 319 791 ἔφην,
353 726 387 778 ὦ
413 730 712 791 Πρωταγόρα,
737 729 835 777 οὐδ’
866 729 951 789 ἐγώ
977 733 1173 790 λιπαρῶς
1197 735 1281 789 ἔχω
1306 729 1426 789 παρὰ
1450 729 1503 775 τὰ

71 802 143 847 σοὶ
174 803 394 846 δοκοῦντα
424 799 506 858 τὴν
538 804 788 846 συνουσίαν
817 798 926 858 ἡμῖν
958 804 1219 857 γίγνεσθαι,
1250 796 1352 843 ἀλλ’
1382 800 1504 844 ἐπει-

73 867 159 914 δὰν
182 867 240 914 σύ
263 866 406 927 βούλῃ
431 869 719 925 διαλέγεσθαι
745 866 803 920 ὡς
829 866 913 925 ἐγὼ
940 865 1135 925 δύναμαι
1160 869 1372 923 ἕπεσθαι,
1405 863 1503 911 τότε

0 945 1 958 ’
44 948 48 949 ’
72 950 142 982 σοι
167 937 432 994 διαλέξομαι.
484 936 540 981 σὺ
564 935 646 993 μὲν
670 933 770 995 γάρ,
796 934 854 988 ὡς
880 936 1054 993 λέγεται
1078 935 1182 993 περὶ
1207 934 1312 990 σοῦ,
1339 932 1428 993 φῂς
1453 933 1504 979 δὲ

71 1005 147 1049 καὶ
171 1002 320 1061 αὐτός,
347 1005 421 1048 καὶ
446 1005 495 1048 ἐν
518 1007 790 1063 μακρολογία
815 1004 889 1048 καὶ
914 1005 963 1049 ἐν
987 1007 1262 1062 βραχυλογία
1287 998 1379 1055 οἶός
1396 999 1434 1046 τ’
1465 1000 1507 1047 εἶ

71 1076 316 1125 συνουσίας
335 1078 583 1117 ποιεῖσθαι·
610 1070 747 1129 σοφὸς
766 1070 850 1130 γὰρ
871 1070 914 1116 εἴ
922 1083 930 1091 ·
958 1069 1043 1128 ἐγὼ
1064 1071 1114 1116 δὲ
1131 1067 1184 1115 τὰ
1201 1067 1349 1129 μακρὰ
1366 1070 1505 1114 ταῦτα

166 1198 370 1247 ἐλέγετο]
398 1203 503 1235 Libri
525 1213 648 1236 omnes
667 1197 839 1246 ἐγένετο,
862 1214 897 1236 v.
918 1202 1021 1238 Stud.
1039 1203 1131 1246 phil.
1149 1214 1185 1246 p.
1202 1202 1283 1237 854.

73 1312 172 1367 ἔφη,
181 1310 274 1358 πρός
290 1326 350 1367 με.
375 1314 549 1348 Charax
573 1326 608 1358 p.
628 1315 694 1347 228
710 1315 752 1347 b:

821 1315 1083 1358 Protagoram,
1109 1315 1170 1357 qui
1188 1315 1233 1348 ab
1253 1315 1391 1347 aetatis
1410 1324 1505 1347 anno

72 1358 177 1412 παρὰ
209 1356 427 1416 Μενάνδρῳ
454 1360 682 1414 σημειοῦται
711 1354 752 1392 τὸ

821 1362 1007 1394 tricesimo
1033 1360 1079 1392 ad
1108 1361 1423 1403 septuagesimum
1448 1370 1506 1392 so-

73 1401 187 1449 πρός
227 1417 281 1448 με
320 1401 564 1450 ε’γκλιθέν,
604 1405 648 1438 de
682 1415 753 1447 quo

73 1451 154 1484 loco
171 1452 378 1494 disputavit
393 1452 454 1483 He
464 1461 673 1483 rmannus
696 1451 752 1483 De

72 1496 228 1530 Emend.
242 1496 326 1528 Rat.
342 1496 406 1529 Gr.
425 1496 487 1528 Gr.
506 1508 540 1539 p.
559 1498 613 1529 75.
632 1495 752 1529 Stallb.

119 1537 175 1580 ὥς
206 1536 226 1574 ὃ
253 1536 522 1592 αντιλὲγων
554 1559 599 1564 --
637 1534 754 1574 οὕτω

72 1581 387 1630 διελεγόμην]
443 1587 511 1619 Est
548 1587 641 1619 haec
682 1587 755 1618 fre—

73 1632 317 1674 quentissima
348 1631 415 1664 illa
446 1633 610 1664 universi
643 1641 756 1663 enun-

72 1677 159 1709 tiati
198 1677 394 1719 appositio.
444 1677 756 1718 Quemadmodum

76 1722 172 1754 enim
187 1723 338 1754 nomina
370 1722 578 1754 nominibus
600 1732 667 1764 per
691 1732 755 1764 ap-

73 1767 295 1809 positionem
326 1766 522 1808 adduntur,
558 1767 612 1799 sic
644 1767 757 1799 etiam

76 1822 121 1844 ea
140 1812 351 1851 enuntiata,
378 1822 471 1854 quae
490 1812 680 1854 superiora
698 1822 758 1844 ac-

74 1858 240 1890 curatius
281 1856 460 1889 definiunt
498 1861 535 1889 et
578 1857 757 1899 interpre-

73 1904 216 1940 tantur,
242 1912 316 1934 non
338 1902 595 1934 intercedente
626 1901 758 1944 copula

75 1947 212 1990 apponi
241 1946 374 1980 solent.
420 1947 541 1979 Possis
574 1948 669 1979 hanc
699 1957 758 1979 ra-

73 1993 210 2025 tionem
242 1991 430 2025 commode
457 1993 604 2025 nomine
628 2002 758 2035 appo-

74 2037 267 2071 sitionis
284 2038 607 2070 universorum
626 2048 758 2070 enun-

72 2083 291 2115 tiatorum
336 2081 627 2125 (Apposition
682 2083 758 2115 der

75 2126 228 2169 Satze)
262 2128 453 2170 insignire,
496 2128 627 2170 quippe
662 2137 755 2170 quae

76 2183 122 2204 ex
155 2182 238 2205 asse
269 2173 493 2216 respondeat
532 2174 758 2216 appositioni

75 2218 272 2250 nominum.
299 2217 422 2251 Stallb.

122 2256 220 2295 οὐδ’
238 2254 292 2296 ἆν
316 2257 502 2306 ἐλέγετο
519 2261 579 2306 ——]
605 2263 756 2295 Ficinus

74 2308 174 2340 hunc
203 2307 325 2341 locum
356 2308 488 2340 vertit:
521 2308 634 2340 ‘haud
666 2319 757 2341 sane

76 2354 205 2395 quovis
231 2353 304 2385 alio
322 2353 468 2386 homine
493 2354 676 2396 insignior
701 2364 757 2386 es-

75 2408 164 2438 sem,
173 2399 394 2439 nomineque
402 2399 630 2441 Protagorae
639 2400 757 2431 omnis

78 2442 240 2476 Graecia
283 2446 501 2476 resonaret’.
573 2444 622 2476 Et
666 2454 756 2477 sane

78 2488 258 2521 eiusmodi
307 2490 496 2521 sententia
546 2489 756 2531 requiritur,

79 2532 145 2565 sed
178 2544 223 2566 ex
259 2533 414 2576 vulgata
450 2535 634 2576 scriptura
671 2534 758 2568 elici

78 2580 218 2630 nequit.
264 2579 321 2611 De
340 2573 489 2623 ἐλέγετο
517 2590 551 2613 v.
570 2590 604 2622 p.
623 2581 688 2613 311
706 2580 757 2612 E:

79 2621 122 2655 τί
149 2615 269 2676 ὄνομα
303 2592 423 2677 ἅλλργ
437 2620 640 2676 λεγόμενον
669 2623 757 2666 περὶ

82 2665 336 2714 Πρωταγόρου
360 2680 573 2726 ακουομεν;
596 2670 756 2713 Hipp.1.

79 2723 115 2764 R·
145 2713 209 2746 281
242 2714 291 2748 0:
344 2712 384 2748 οἴ
411 2713 573 2748 παλαιοὶ
605 2710 757 2758 ἐκεῖνοι,

80 2768 134 2790 ων
158 2751 328 2801 ὀνόματα
353 2757 499 2805 μεγάλοι
524 2758 673 2803 λέγεται
696 2755 760 2795 ἐπὶ

80 2803 214 2846 σοφίᾳ,
234 2805 428 2839 Πιττακοῦ
447 2817 486 2839 τε
504 2804 569 2839 καὶ
584 2806 758 2845 Βί.αντος

822 1407 986 1448 phistam
1025 1406 1119 1447 egit,
1158 1416 1224 1448 per
1261 1409 1377 1438 totum
1414 1405 1507 1437 illud

823 1456 967 1494 tempus
975 1451 1136 1483 maxima
1144 1451 1264 1493 gloria
1272 1450 1370 1493 apud
1379 1460 1504 1483 omnes

825 1497 988 1529 Graecos
1018 1496 1183 1528 floruisse
1214 1495 1323 1527 Plato
1354 1495 1507 1527 tradidit

822 1542 921 1574 Men.
940 1553 974 1584 p.
993 1543 1034 1574 91
1054 1542 1097 1593 Ε,
1121 1551 1156 1574 v.
1176 1541 1338 1584 praefat.
1356 1551 1390 1583 p
1399 1542 1434 1573 4.

870 1580 941 1620 ὅτι
960 1597 1042 1619 ουκ
1059 1580 1225 1638 ἤρεσεν
1242 1604 1304 1627 —-‚
1336 1583 1415 1618 καὶ
1433 1579 1506 1618 ὅτι

825 1643 906 1665 ουκ
924 1627 1164 1675 ἐθελήσω]
1183 1632 1413 1664 Indicativus
1431 1641 1509 1663 rem

824 1688 911 1710 vere
929 1678 1082 1717 factam
1103 1678 1292 1719 optativus
1311 1676 1347 1708 id
1364 1676 1509 1708 indicat

827 1722 920 1764 quod
948 1722 1029 1755 fieri
1057 1732 1164 1764 posse
1198 1721 1371 1753 Socrates
1389 1721 1508 1764 suspi-

827 1772 942 1800 catur.

871 1813 915 1845 B.
946 1806 1108 1845 οὐκέτι
1140 1806 1251 1853 ἐμὸν
1282 1807 1417 1854 ἔργον
1449 1806 1508 1844 εἷ-

827 1856 922 1901 ναι]
957 1868 1042 1890 non
1076 1857 1271 1899 amplius
1299 1856 1385 1889 mei
1409 1866 1507 1889 esse

827 1903 1024 1935 muneris
1080 1902 1314 1944 colloquio
1368 1901 1509 1934 inter·

829 1959 897 1981 ess
909 1959 939 1980 e.
987 1948 1080 1981 Tim.
1113 1959 1146 1990 p.
1174 1949 1214 1980 17
1248 1948 1296 1979 in.
1365 1940 1508 1979 οὐκοῦν

828 1988 895 2026 σὸν
923 1990 1043 2026 τῶνδέ
1073 2003 1113 2026 τε
1143 1989 1205 2036 ἔγρ
1208 2003 1251 2025 ον
1268 2011 1312 2015 —-
1335 1986 1510 2045 ἀναπλη-

828 2038 1212 2093 ροῦν.11)1ᾶ.ρ.27
1236 2038 1284 2070 B:
1334 2032 1401 2070 σὸν
1433 2028 1506 2070 οὖν

829 2081 939 2127 ἔργον
970 2080 1094 2126 λέγειν
1124 2076 1171 2116 ὂὶν
1203 2082 1261 2126 ειη
1279 2101 1324 2106 —-
1352 2077 1393 2115 τὸ
1397 2076 1508 2134 μετὰ

826 2129 950 2162 τοῦτο.
1006 2129 1115 2171 Gorg.
1138 2139 1171 2170 p.
1189 2130 1256 2161 459
1278 2121 1408 2160 Ε.οὕ
1434 2122 1508 2171 γὰρ

826 2170 894 2207 σὰν
913 2170 1035 2216 εργον.
1054 2174 1262 2228 Xenoph
1269 2175 1420 2206 Memor.
1439 2172 1508 2210 ΙΠ,

826 2223 859 2261 3,
878 2221 917 2252 3·
951 2218 1064 2252 τοῦτο
1098 2230 1167 2251 ουκ
1201 2214 1292 2261 ἐμὸν
1324 2214 1431 2260 οἶμαι
1465 2212 1508 2250 τὸ

827 2262 937 2308 ἔργον
957 2260 1070 2297 εἶναι.
1120 2254 1332 2296 Dictionem
1358 2263 1510 2306 copiose

825 2310 948 2342 illust1
951 2310 1028 2342 avit
1059 2308 1277 2342 Valcken.
1311 2308 1358 2340 ad
1389 2308 1510 2341 Phoe-

826 2356 915 2388 niss.
932 2366 967 2387 v.
984 2356 1062 2386 447.
1082 2354 1202 2386 Staub.

873 2395 1071 2434 ἐπειδὰν
1089 2394 1143 2432 σὺ
1163 2392 1309 2442 βούλῃ
1325 2396 1386 2442 -]
1419 2398 1510 2430 Sen-

826 2446 944 2478 tentia
970 2445 1064 2476 haec
1090 2447 1164 2477 est:
1211 2445 1292 2476 Non
1313 2443 1350 2475 id
1366 2444 1510 2486 flagito,

825 2494 867 2523 ut
902 2493 1050 2533 praeter
1080 2493 1181 2522 tuam
1214 2490 1440 2522 sententiam
1473 2490 1511 2520 et

824 2536 1054 2569 voluntatem
1085 2535 1306 2587 colloquium
1325 2535 1424 2566 inter
1452 2542 1511 2565 me

828 2585 865 2613 et
880 2584 918 2613 te
950 2581 1144 2621 habeatur,
1179 2580 1245 2613 sed
1277 2580 1308 2612 si
1335 2579 1431 2612 velis
1464 2587 1512 2610 ea

828 2627 971 2659 ratione
990 2625 1163 2668 colloqui,
1183 2636 1255 2668 qua
1273 2635 1341 2667 ego
1361 2623 1512 2666 assequi

827 2681 987 2714 possum,
1004 2674 1127 2704 tecum
1151 2670 1352 2712 colloquar,
1371 2670 1428 2701 sin
1443 2668 1512 2701 mi-

828 2727 907 2757 nus,
967 2716 1039 2749 hac
1094 2715 1346 2759 disputatione
1394 2714 1510 2747 missa

830 2762 951 2795 abibo.

875 2806 916 2840 C.
949 2801 999 2839 τοὶ
1034 2802 1184 2850 μακροὶ
1218 2804 1368 2838 ταῦτα
1400 2798 1511 2838 0282}-
