<?xml version="1.0" encoding="UTF-8"?>
<!DOCTYPE html PUBLIC "-//W3C//DTD XHTML 1.0 Transitional//EN"
    "http://www.w3.org/TR/xhtml1/DTD/xhtml1-transitional.dtd">
<html xmlns="http://www.w3.org/1999/xhtml" xml:lang="en" lang="en">
 <head>
  <title>
</title>
<meta http-equiv="Content-Type" content="text/html;charset=utf-8" />
  <meta name='ocr-system' content='tesseract 3.04.00' />
  <meta name='ocr-capabilities' content='ocr_page ocr_carea ocr_par ocr_line ocrx_word'/>
</head>
<body>
  <div class='ocr_page' id='page_1' title='image "./operaomniarecens02platuoft/operaomniarecens02platuoft_0014.png"; bbox 0 0 1682 2944; ppageno 0'>
   <div class='ocr_carea' id='block_1_1' title="bbox 217 209 1072 250">
    <p class='ocr_par' dir='ltr' id='par_1_1' title="bbox 217 209 1072 250">
     <span class='ocr_line' id='line_1_1' title="bbox 217 209 1072 250; baseline 0 -2"><span class='ocrx_word' id='word_1_1' title='bbox 217 216 240 248; x_wconf 87' lang='lat'>8</span> <span class='ocrx_word' id='word_1_2' title='bbox 684 209 1072 250; x_wconf 77' lang='lat' dir='ltr'><strong>PROLEGOMENA</strong></span> 
     </span>
    </p>
   </div>
   <div class='ocr_carea' id='block_1_2' title="bbox 219 320 1543 481">
    <p class='ocr_par' dir='ltr' id='par_1_2' title="bbox 219 320 1543 481">
     <span class='ocr_line' id='line_1_2' title="bbox 220 320 1543 371; baseline 0.001 -12"><span class='ocrx_word' id='word_1_3' title='bbox 220 325 308 360; x_wconf 88' lang='lat' dir='ltr'><strong>ante</strong></span> <span class='ocrx_word' id='word_1_4' title='bbox 346 321 431 359; x_wconf 86' lang='lat' dir='ltr'><strong>libri</strong></span> <span class='ocrx_word' id='word_1_5' title='bbox 470 321 687 367; x_wconf 87' lang='lat' dir='ltr'><strong>lectionem,</strong></span> <span class='ocrx_word' id='word_1_6' title='bbox 736 320 817 359; x_wconf 81' lang='lat' dir='ltr'><strong>sive</strong></span> <span class='ocrx_word' id='word_1_7' title='bbox 854 333 900 359; x_wconf 86' lang='lat' dir='ltr'><strong>ea</strong></span> <span class='ocrx_word' id='word_1_8' title='bbox 934 321 1030 359; x_wconf 92' lang='lat' dir='ltr'><strong>libro</strong></span> <span class='ocrx_word' id='word_1_9' title='bbox 1067 320 1144 358; x_wconf 86' lang='lat' dir='ltr'><strong>iam</strong></span> <span class='ocrx_word' id='word_1_10' title='bbox 1181 320 1345 371; x_wconf 80' lang='lat' dir='ltr'><strong>perlecto</strong></span> <span class='ocrx_word' id='word_1_11' title='bbox 1382 322 1428 360; x_wconf 84' lang='lat' dir='ltr'><strong>ad</strong></span> <span class='ocrx_word' id='word_1_12' title='bbox 1464 334 1543 360; x_wconf 81' lang='lat' dir='ltr'><strong>rem</strong></span> 
     </span>
     <span class='ocr_line' id='line_1_3' title="bbox 219 375 1543 426; baseline 0.001 -12"><span class='ocrx_word' id='word_1_13' title='bbox 219 380 455 426; x_wconf 78' lang='lat' dir='ltr'><strong>praesentem</strong></span> <span class='ocrx_word' id='word_1_14' title='bbox 493 376 717 422; x_wconf 82' lang='lat' dir='ltr'><strong>adhibeant,</strong></span> <span class='ocrx_word' id='word_1_15' title='bbox 766 375 932 426; x_wconf 84' lang='lat' dir='ltr'><strong>aliquam</strong></span> <span class='ocrx_word' id='word_1_16' title='bbox 970 375 1132 424; x_wconf 84' lang='lat' dir='ltr'><strong>gratiam</strong></span> <span class='ocrx_word' id='word_1_17' title='bbox 1169 376 1298 414; x_wconf 89' lang='lat' dir='ltr'><strong>iniisse</strong></span> <span class='ocrx_word' id='word_1_18' title='bbox 1337 377 1543 415; x_wconf 82' lang='lat' dir='ltr'><strong>videamur.</strong></span> 
     </span>
     <span class='ocr_line' id='line_1_4' title="bbox 221 430 1543 481; baseline 0.001 -12"><span class='ocrx_word' id='word_1_19' title='bbox 221 432 360 469; x_wconf 91' lang='lat' dir='ltr'><strong>Verum</strong></span> <span class='ocrx_word' id='word_1_20' title='bbox 390 432 609 469; x_wconf 78' lang='lat' dir='ltr'><strong>accedamus</strong></span> <span class='ocrx_word' id='word_1_21' title='bbox 637 435 817 479; x_wconf 87' lang='lat' dir='ltr'><strong>protenus</strong></span> <span class='ocrx_word' id='word_1_22' title='bbox 846 431 892 468; x_wconf 90' lang='lat' dir='ltr'><strong>ad</strong></span> <span class='ocrx_word' id='word_1_23' title='bbox 921 430 971 476; x_wconf 91' lang='lat' dir='ltr'><strong>id,</strong></span> <span class='ocrx_word' id='word_1_24' title='bbox 1001 431 1102 481; x_wconf 90' lang='lat' dir='ltr'><strong>quod</strong></span> <span class='ocrx_word' id='word_1_25' title='bbox 1132 443 1242 480; x_wconf 86' lang='lat' dir='ltr'><strong>agere</strong></span> <span class='ocrx_word' id='word_1_26' title='bbox 1268 431 1543 470; x_wconf 87' lang='lat' dir='ltr'><strong>constituimus.</strong></span> 
     </span>
    </p>
   </div>
   <div class='ocr_carea' id='block_1_3' title="bbox 519 547 1247 613">
    <p class='ocr_par' dir='ltr' id='par_1_3' title="bbox 519 547 1247 613">
     <span class='ocr_line' id='line_1_5' title="bbox 519 547 1247 613; baseline 0.001 -18"><span class='ocrx_word' id='word_1_27' title='bbox 519 547 556 595; x_wconf 89' lang='lat' dir='ltr'><strong>I.</strong></span> <span class='ocrx_word' id='word_1_28' title='bbox 600 547 858 596; x_wconf 82' lang='lat' dir='ltr'><strong>Enarratio</strong></span> <span class='ocrx_word' id='word_1_29' title='bbox 893 547 1247 613; x_wconf 75' lang='lat' dir='ltr'><strong>disputationis.</strong></span> 
     </span>
    </p>
   </div>
   <div class='ocr_carea' id='block_1_4' title="bbox 222 649 1577 2410">
    <p class='ocr_par' dir='ltr' id='par_1_4' title="bbox 222 649 1577 2410">
     <span class='ocr_line' id='line_1_6' title="bbox 305 649 1547 699; baseline 0 -12"><span class='ocrx_word' id='word_1_30' title='bbox 305 650 473 698; x_wconf 80' lang='lat' dir='ltr'><strong>Gorgias,</strong></span> <span class='ocrx_word' id='word_1_31' title='bbox 502 649 631 687; x_wconf 83' lang='lat' dir='ltr'><strong>rhetor</strong></span> <span class='ocrx_word' id='word_1_32' title='bbox 650 662 692 687; x_wconf 88' lang='lat' dir='ltr'><strong>ac</strong></span> <span class='ocrx_word' id='word_1_33' title='bbox 709 649 879 699; x_wconf 81' lang='lat' dir='ltr'>sophista</span> <span class='ocrx_word' id='word_1_34' title='bbox 907 650 1129 696; x_wconf 82' lang='lat' dir='ltr'><strong>Leontinus,</strong></span> <span class='ocrx_word' id='word_1_35' title='bbox 1158 655 1198 689; x_wconf 91' lang='lat' dir='ltr'><strong>ct</strong></span> <span class='ocrx_word' id='word_1_36' title='bbox 1225 650 1340 688; x_wconf 90' lang='lat' dir='ltr'><strong>Polus</strong></span> <span class='ocrx_word' id='word_1_37' title='bbox 1361 651 1547 699; x_wconf 83' lang='lat' dir='ltr'><strong>Agrigen-</strong></span> 
     </span>
     <span class='ocr_line' id='line_1_7' title="bbox 222 704 1548 755; baseline 0.001 -13"><span class='ocrx_word' id='word_1_38' title='bbox 222 706 337 750; x_wconf 81' lang='lat' dir='ltr'>tinus,</span> <span class='ocrx_word' id='word_1_39' title='bbox 367 705 449 742; x_wconf 88' lang='lat' dir='ltr'><strong>eius</strong></span> <span class='ocrx_word' id='word_1_40' title='bbox 470 704 677 754; x_wconf 88' lang='lat' dir='ltr'><strong>discipulus</strong></span> <span class='ocrx_word' id='word_1_41' title='bbox 705 718 748 742; x_wconf 85' lang='lat' dir='ltr'><strong>ac</strong></span> <span class='ocrx_word' id='word_1_42' title='bbox 764 704 972 750; x_wconf 83' lang='lat' dir='ltr'><strong>familiaris,</strong></span> <span class='ocrx_word' id='word_1_43' title='bbox 1000 705 1163 743; x_wconf 82' lang='lat' dir='ltr'><strong>Athenis</strong></span> <span class='ocrx_word' id='word_1_44' title='bbox 1182 706 1425 745; x_wconf 87' lang='lat' dir='ltr'><strong>deverterant</strong></span> <span class='ocrx_word' id='word_1_45' title='bbox 1447 707 1548 755; x_wconf 88' lang='lat' dir='ltr'><strong>apud</strong></span> 
     </span>
     <span class='ocr_line' id='line_1_8' title="bbox 223 759 1547 810; baseline 0.002 -14"><span class='ocrx_word' id='word_1_46' title='bbox 223 760 434 805; x_wconf 82' lang='lat' dir='ltr'><strong>Calliclem,</strong></span> <span class='ocrx_word' id='word_1_47' title='bbox 474 759 667 797; x_wconf 89' lang='lat' dir='ltr'><strong>hominem</strong></span> <span class='ocrx_word' id='word_1_48' title='bbox 695 772 744 796; x_wconf 87' lang='lat' dir='ltr'><strong>ex</strong></span> <span class='ocrx_word' id='word_1_49' title='bbox 773 760 899 810; x_wconf 87' lang='lat' dir='ltr'><strong>aliquo</strong></span> <span class='ocrx_word' id='word_1_50' title='bbox 927 764 1096 809; x_wconf 87' lang='lat' dir='ltr'><strong>tempore</strong></span> <span class='ocrx_word' id='word_1_51' title='bbox 1125 760 1175 810; x_wconf 85' lang='lat' dir='ltr'><strong>(p.</strong></span> <span class='ocrx_word' id='word_1_52' title='bbox 1208 763 1298 799; x_wconf 84' lang='lat'><strong>515.</strong></span> <span class='ocrx_word' id='word_1_53' title='bbox 1329 760 1392 809; x_wconf 80' lang='lat' dir='ltr'><strong>A.)</strong></span> <span class='ocrx_word' id='word_1_54' title='bbox 1421 774 1547 799; x_wconf 89' lang='lat' dir='ltr'><strong>rerum</strong></span> 
     </span>
     <span class='ocr_line' id='line_1_9' title="bbox 224 814 1548 866; baseline 0.002 -15"><span class='ocrx_word' id='word_1_55' title='bbox 224 815 391 853; x_wconf 84' lang='lat' dir='ltr'><strong>civilium</strong></span> <span class='ocrx_word' id='word_1_56' title='bbox 419 815 640 860; x_wconf 87' lang='lat' dir='ltr'><strong>studiosum,</strong></span> <span class='ocrx_word' id='word_1_57' title='bbox 669 814 795 866; x_wconf 87' lang='lat' dir='ltr'><strong>ibique</strong></span> <span class='ocrx_word' id='word_1_58' title='bbox 824 818 950 854; x_wconf 89' lang='lat' dir='ltr'><strong>orator</strong></span> <span class='ocrx_word' id='word_1_59' title='bbox 977 815 1205 853; x_wconf 88' lang='lat' dir='ltr'><strong>clarissimus</strong></span> <span class='ocrx_word' id='word_1_60' title='bbox 1225 828 1350 853; x_wconf 87' lang='lat' dir='ltr'><strong>coram</strong></span> <span class='ocrx_word' id='word_1_61' title='bbox 1374 816 1548 865; x_wconf 88' lang='lat' dir='ltr'><strong>pluribus</strong></span> 
     </span>
     <span class='ocr_line' id='line_1_10' title="bbox 223 869 1548 920; baseline 0.002 -14"><span class='ocrx_word' id='word_1_62' title='bbox 223 870 308 907; x_wconf 89' lang='lat' dir='ltr'><strong>aliis</strong></span> <span class='ocrx_word' id='word_1_63' title='bbox 343 869 591 920; x_wconf 58' lang='lat' dir='ltr'><strong>eloquentiae*</strong></span> <span class='ocrx_word' id='word_1_64' title='bbox 620 882 710 907; x_wconf 85' lang='lat' dir='ltr'><strong>suae</strong></span> <span class='ocrx_word' id='word_1_65' title='bbox 749 869 993 916; x_wconf 86' lang='lat' dir='ltr'><strong>artificiosae,</strong></span> <span class='ocrx_word' id='word_1_66' title='bbox 1031 883 1152 920; x_wconf 87' lang='lat' dir='ltr'><strong>nuper</strong></span> <span class='ocrx_word' id='word_1_67' title='bbox 1180 871 1331 908; x_wconf 89' lang='lat' dir='ltr'><strong>demum</strong></span> <span class='ocrx_word' id='word_1_68' title='bbox 1369 884 1390 908; x_wconf 90' lang='lat' dir='ltr'><strong>e</strong></span> <span class='ocrx_word' id='word_1_69' title='bbox 1419 870 1548 909; x_wconf 81' lang='lat' dir='ltr'><strong>Sicilia</strong></span> 
     </span>
     <span class='ocr_line' id='line_1_11' title="bbox 224 925 1577 976; baseline 0.001 -14"><span class='ocrx_word' id='word_1_70' title='bbox 224 925 265 962; x_wconf 91' lang='lat' dir='ltr'><strong>in</strong></span> <span class='ocrx_word' id='word_1_71' title='bbox 284 925 454 963; x_wconf 84' lang='lat' dir='ltr'><strong>Atticam</strong></span> <span class='ocrx_word' id='word_1_72' title='bbox 473 925 622 971; x_wconf 82' lang='lat' dir='ltr'><strong>allatae,</strong></span> <span class='ocrx_word' id='word_1_73' title='bbox 650 925 848 974; x_wconf 85' lang='lat' dir='ltr'><strong>splendida</strong></span> <span class='ocrx_word' id='word_1_74' title='bbox 866 925 1050 976; x_wconf 82' lang='lat' dir='ltr'><strong>quaedam</strong></span> <span class='ocrx_word' id='word_1_75' title='bbox 1067 926 1293 964; x_wconf 87' lang='lat' dir='ltr'><strong>documenta</strong></span> <span class='ocrx_word' id='word_1_76' title='bbox 1311 926 1548 964; x_wconf 81' lang='lat' dir='ltr'><strong>exhibuerat.</strong></span> <span class='ocrx_word' id='word_1_77' title='bbox 1573 946 1577 948; x_wconf 96' lang='lat'>·</span> 
     </span>
     <span class='ocr_line' id='line_1_12' title="bbox 223 979 1549 1032; baseline 0.001 -15"><span class='ocrx_word' id='word_1_78' title='bbox 223 981 324 1017; x_wconf 88' lang='lat' dir='ltr'><strong>Eum</strong></span> <span class='ocrx_word' id='word_1_79' title='bbox 363 979 493 1018; x_wconf 86' lang='lat' dir='ltr'><strong>audire</strong></span> <span class='ocrx_word' id='word_1_80' title='bbox 531 980 731 1018; x_wconf 83' lang='lat' dir='ltr'><strong>voluerant</strong></span> <span class='ocrx_word' id='word_1_81' title='bbox 776 980 892 1018; x_wconf 88' lang='lat' dir='ltr'><strong>etiam</strong></span> <span class='ocrx_word' id='word_1_82' title='bbox 929 981 1100 1019; x_wconf 79' lang='lat' dir='ltr'><strong>Socrates</strong></span> <span class='ocrx_word' id='word_1_83' title='bbox 1146 981 1304 1032; x_wconf 87' lang='lat' dir='ltr'><strong>eiusque</strong></span> <span class='ocrx_word' id='word_1_84' title='bbox 1350 981 1549 1019; x_wconf 80' lang='lat' dir='ltr'><strong>familiaris</strong></span> 
     </span>
     <span class='ocr_line' id='line_1_13' title="bbox 224 1033 1549 1084; baseline 0.001 -11"><span class='ocrx_word' id='word_1_85' title='bbox 224 1035 472 1084; x_wconf 86' lang='lat' dir='ltr'><strong>Chaerephon</strong></span> <span class='ocrx_word' id='word_1_86' title='bbox 481 1035 532 1082; x_wconf 47' lang='grc' dir='ltr'><strong>ὕ).</strong></span> <span class='ocrx_word' id='word_1_87' title='bbox 579 1033 683 1075; x_wconf 84' lang='lat' dir='ltr'><strong>Quos</strong></span> <span class='ocrx_word' id='word_1_88' title='bbox 711 1034 776 1072; x_wconf 89' lang='lat' dir='ltr'><strong>ubi</strong></span> <span class='ocrx_word' id='word_1_89' title='bbox 797 1035 968 1073; x_wconf 80' lang='lat' dir='ltr'><strong>Callicles</strong></span> <span class='ocrx_word' id='word_1_90' title='bbox 997 1036 1242 1074; x_wconf 83' lang='lat' dir='ltr'><strong>advenientes</strong></span> <span class='ocrx_word' id='word_1_91' title='bbox 1270 1041 1329 1074; x_wconf 90' lang='lat' dir='ltr'><strong>est</strong></span> <span class='ocrx_word' id='word_1_92' title='bbox 1355 1049 1376 1074; x_wconf 90' lang='lat' dir='ltr'><strong>e</strong></span> <span class='ocrx_word' id='word_1_93' title='bbox 1402 1036 1549 1084; x_wconf 89' lang='lat' dir='ltr'><strong>longin-</strong></span> 
     </span>
     <span class='ocr_line' id='line_1_14' title="bbox 223 1090 1550 1142; baseline 0.001 -14"><span class='ocrx_word' id='word_1_94' title='bbox 223 1103 298 1141; x_wconf 92' lang='lat' dir='ltr'><strong>quo</strong></span> <span class='ocrx_word' id='word_1_95' title='bbox 337 1090 594 1140; x_wconf 84' lang='lat' dir='ltr'><strong>conspicatus,</strong></span> <span class='ocrx_word' id='word_1_96' title='bbox 641 1103 704 1127; x_wconf 91' lang='lat' dir='ltr'><strong>eos</strong></span> <span class='ocrx_word' id='word_1_97' title='bbox 732 1094 821 1128; x_wconf 89' lang='lat' dir='ltr'><strong>ante</strong></span> <span class='ocrx_word' id='word_1_98' title='bbox 850 1091 961 1128; x_wconf 85' lang='lat' dir='ltr'><strong>aedes</strong></span> <span class='ocrx_word' id='word_1_99' title='bbox 998 1103 1086 1129; x_wconf 88' lang='lat' dir='ltr'><strong>suas</strong></span> <span class='ocrx_word' id='word_1_100' title='bbox 1114 1092 1275 1137; x_wconf 87' lang='lat' dir='ltr'><strong>salutat,</strong></span> <span class='ocrx_word' id='word_1_101' title='bbox 1314 1095 1429 1142; x_wconf 88' lang='lat' dir='ltr'><strong>atquc</strong></span> <span class='ocrx_word' id='word_1_102' title='bbox 1467 1104 1550 1129; x_wconf 87' lang='lat' dir='ltr'><strong>sero</strong></span> 
     </span>
     <span class='ocr_line' id='line_1_15' title="bbox 222 1145 1548 1197; baseline 0.002 -15"><span class='ocrx_word' id='word_1_103' title='bbox 222 1145 324 1195; x_wconf 88' lang='lat' dir='ltr'><strong>ipsos</strong></span> <span class='ocrx_word' id='word_1_104' title='bbox 342 1145 473 1184; x_wconf 86' lang='lat' dir='ltr'><strong>venire</strong></span> <span class='ocrx_word' id='word_1_105' title='bbox 492 1158 648 1183; x_wconf 90' lang='lat' dir='ltr'><strong>monens</strong></span> <span class='ocrx_word' id='word_1_106' title='bbox 675 1158 814 1193; x_wconf 86' lang='lat' dir='ltr'><strong>magna</strong></span> <span class='ocrx_word' id='word_1_107' title='bbox 839 1158 925 1183; x_wconf 89' lang='lat' dir='ltr'><strong>cum</strong></span> <span class='ocrx_word' id='word_1_108' title='bbox 953 1146 1099 1184; x_wconf 86' lang='lat' dir='ltr'><strong>laetitia</strong></span> <span class='ocrx_word' id='word_1_109' title='bbox 1125 1150 1273 1193; x_wconf 86' lang='lat' dir='ltr'><strong>narrat,</strong></span> <span class='ocrx_word' id='word_1_110' title='bbox 1301 1159 1415 1197; x_wconf 87' lang='lat' dir='ltr'><strong>quam</strong></span> <span class='ocrx_word' id='word_1_111' title='bbox 1442 1159 1548 1196; x_wconf 87' lang='lat' dir='ltr'><strong>prae-</strong></span> 
     </span>
     <span class='ocr_line' id='line_1_16' title="bbox 223 1201 1551 1248; baseline 0.001 -10"><span class='ocrx_word' id='word_1_112' title='bbox 223 1201 343 1238; x_wconf 85' lang='lat' dir='ltr'><strong>claras</strong></span> <span class='ocrx_word' id='word_1_113' title='bbox 370 1201 481 1238; x_wconf 89' lang='lat' dir='ltr'><strong>modo</strong></span> <span class='ocrx_word' id='word_1_114' title='bbox 509 1201 667 1248; x_wconf 84' lang='lat' dir='ltr'><strong>Gorgias</strong></span> <span class='ocrx_word' id='word_1_115' title='bbox 696 1201 884 1239; x_wconf 88' lang='lat' dir='ltr'><strong>orationes</strong></span> <span class='ocrx_word' id='word_1_116' title='bbox 910 1201 1004 1239; x_wconf 89' lang='lat' dir='ltr'><strong>artis</strong></span> <span class='ocrx_word' id='word_1_117' title='bbox 1032 1214 1123 1239; x_wconf 86' lang='lat' dir='ltr'><strong>suae</strong></span> <span class='ocrx_word' id='word_1_118' title='bbox 1151 1202 1398 1240; x_wconf 85' lang='lat' dir='ltr'><strong>ostentandae</strong></span> <span class='ocrx_word' id='word_1_119' title='bbox 1417 1214 1551 1239; x_wconf 86' lang='lat' dir='ltr'><strong>caussa</strong></span> 
     </span>
     <span class='ocr_line' id='line_1_17' title="bbox 223 1255 1550 1306; baseline 0.002 -14"><span class='ocrx_word' id='word_1_120' title='bbox 223 1255 410 1294; x_wconf 87' lang='lat' dir='ltr'><strong>habuerit.</strong></span> <span class='ocrx_word' id='word_1_121' title='bbox 466 1255 621 1293; x_wconf 85' lang='lat' dir='ltr'><strong>Confert</strong></span> <span class='ocrx_word' id='word_1_122' title='bbox 649 1256 821 1293; x_wconf 87' lang='lat' dir='ltr'><strong>Socrates</strong></span> <span class='ocrx_word' id='word_1_123' title='bbox 848 1255 961 1293; x_wconf 89' lang='lat' dir='ltr'><strong>istius</strong></span> <span class='ocrx_word' id='word_1_124' title='bbox 988 1256 1179 1294; x_wconf 81' lang='lat' dir='ltr'><strong>tarditatis</strong></span> <span class='ocrx_word' id='word_1_125' title='bbox 1213 1269 1304 1294; x_wconf 86' lang='lat' dir='ltr'><strong>suae</strong></span> <span class='ocrx_word' id='word_1_126' title='bbox 1332 1257 1481 1306; x_wconf 87' lang='lat' dir='ltr'><strong>culpam</strong></span> <span class='ocrx_word' id='word_1_127' title='bbox 1510 1257 1550 1294; x_wconf 88' lang='lat' dir='ltr'><strong>in</strong></span> 
     </span>
     <span class='ocr_line' id='line_1_18' title="bbox 223 1307 1552 1361; baseline 0 -13"><span class='ocrx_word' id='word_1_128' title='bbox 223 1311 566 1360; x_wconf 84' lang='lat' dir='ltr'><strong>Chaerephontem‚</strong></span> <span class='ocrx_word' id='word_1_129' title='bbox 605 1310 671 1361; x_wconf 83' lang='lat' dir='ltr'><strong>qui</strong></span> <span class='ocrx_word' id='word_1_130' title='bbox 700 1307 824 1360; x_wconf 80' lang='lat' dir='ltr'><strong>ipsu&#39;m</strong></span> <span class='ocrx_word' id='word_1_131' title='bbox 852 1310 952 1348; x_wconf 88' lang='lat' dir='ltr'><strong>iusto</strong></span> <span class='ocrx_word' id='word_1_132' title='bbox 980 1310 1125 1349; x_wconf 88' lang='lat' dir='ltr'><strong>diutius</strong></span> <span class='ocrx_word' id='word_1_133' title='bbox 1163 1311 1204 1348; x_wconf 91' lang='lat' dir='ltr'><strong>in</strong></span> <span class='ocrx_word' id='word_1_134' title='bbox 1233 1312 1315 1348; x_wconf 87' lang='lat' dir='ltr'><strong>foro</strong></span> <span class='ocrx_word' id='word_1_135' title='bbox 1341 1314 1552 1350; x_wconf 84' lang='lat' dir='ltr'><strong>remoratus</strong></span> 
     </span>
     <span class='ocr_line' id='line_1_19' title="bbox 223 1365 1553 1416; baseline -0.001 -12"><span class='ocrx_word' id='word_1_136' title='bbox 223 1366 284 1404; x_wconf 86' lang='lat' dir='ltr'><strong>sit.</strong></span> <span class='ocrx_word' id='word_1_137' title='bbox 331 1365 480 1415; x_wconf 82' lang='lat' dir='ltr'><strong>Quippe</strong></span> <span class='ocrx_word' id='word_1_138' title='bbox 509 1369 591 1404; x_wconf 89' lang='lat' dir='ltr'><strong>erat</strong></span> <span class='ocrx_word' id='word_1_139' title='bbox 610 1366 856 1414; x_wconf 86' lang='lat' dir='ltr'><strong>Chaerephon</strong></span> <span class='ocrx_word' id='word_1_140' title='bbox 885 1365 1018 1416; x_wconf 89' lang='lat' dir='ltr'><strong>utique</strong></span> <span class='ocrx_word' id='word_1_141' title='bbox 1045 1378 1259 1403; x_wconf 89' lang='lat' dir='ltr'><strong>sermonum</strong></span> <span class='ocrx_word' id='word_1_142' title='bbox 1279 1366 1553 1404; x_wconf 86' lang='lat' dir='ltr'><strong>Socraticorum</strong></span> 
     </span>
     <span class='ocr_line' id='line_1_20' title="bbox 225 1420 1553 1472; baseline 0 -13"><span class='ocrx_word' id='word_1_143' title='bbox 225 1421 486 1467; x_wconf 83' lang='lat' dir='ltr'><strong>avidissimus,</strong></span> <span class='ocrx_word' id='word_1_144' title='bbox 516 1425 560 1459; x_wconf 91' lang='lat' dir='ltr'><strong>ut</strong></span> <span class='ocrx_word' id='word_1_145' title='bbox 579 1420 855 1458; x_wconf 81' lang='lat' dir='ltr'><strong>existimandus</strong></span> <span class='ocrx_word' id='word_1_146' title='bbox 882 1420 933 1458; x_wconf 86' lang='lat' dir='ltr'><strong>sit</strong></span> <span class='ocrx_word' id='word_1_147' title='bbox 950 1420 1173 1468; x_wconf 83' lang='lat' dir='ltr'><strong>magistrum</strong></span> <span class='ocrx_word' id='word_1_148' title='bbox 1199 1433 1314 1472; x_wconf 89' lang='lat' dir='ltr'><strong>quam</strong></span> <span class='ocrx_word' id='word_1_149' title='bbox 1341 1420 1553 1459; x_wconf 84' lang='lat' dir='ltr'><strong>diutissime</strong></span> 
     </span>
     <span class='ocr_line' id='line_1_21' title="bbox 224 1475 1552 1526; baseline 0 -12"><span class='ocrx_word' id='word_1_150' title='bbox 224 1476 265 1514; x_wconf 88' lang='lat' dir='ltr'><strong>in</strong></span> <span class='ocrx_word' id='word_1_151' title='bbox 301 1476 383 1514; x_wconf 87' lang='lat' dir='ltr'><strong>foro</strong></span> <span class='ocrx_word' id='word_1_152' title='bbox 421 1489 507 1514; x_wconf 88' lang='lat' dir='ltr'><strong>eum</strong></span> <span class='ocrx_word' id='word_1_153' title='bbox 545 1476 742 1525; x_wconf 87' lang='lat' dir='ltr'><strong>opificibus</strong></span> <span class='ocrx_word' id='word_1_154' title='bbox 779 1475 937 1526; x_wconf 87' lang='lat' dir='ltr'><strong>aliisque</strong></span> <span class='ocrx_word' id='word_1_155' title='bbox 975 1475 1012 1512; x_wconf 93' lang='lat' dir='ltr'><strong>id</strong></span> <span class='ocrx_word' id='word_1_156' title='bbox 1040 1488 1160 1524; x_wconf 86' lang='lat' dir='ltr'><strong>genus</strong></span> <span class='ocrx_word' id='word_1_157' title='bbox 1197 1476 1412 1514; x_wconf 83' lang='lat' dir='ltr'><strong>hominibus</strong></span> <span class='ocrx_word' id='word_1_158' title='bbox 1441 1476 1552 1514; x_wconf 91' lang='lat' dir='ltr'><strong>collo-</strong></span> 
     </span>
     <span class='ocr_line' id='line_1_22' title="bbox 225 1530 1554 1582; baseline -0.002 -12"><span class='ocrx_word' id='word_1_159' title='bbox 225 1535 407 1582; x_wconf 89' lang='lat' dir='ltr'><strong>quentem</strong></span> <span class='ocrx_word' id='word_1_160' title='bbox 446 1530 577 1569; x_wconf 84' lang='lat' dir='ltr'><strong>audire</strong></span> <span class='ocrx_word' id='word_1_161' title='bbox 616 1531 793 1569; x_wconf 86' lang='lat' dir='ltr'><strong>voluisse.</strong></span> <span class='ocrx_word' id='word_1_162' title='bbox 850 1530 1062 1569; x_wconf 90' lang='lat' dir='ltr'><strong>Confitetur</strong></span> <span class='ocrx_word' id='word_1_163' title='bbox 1090 1543 1180 1569; x_wconf 82' lang='lat' dir='ltr'><strong>vero</strong></span> <span class='ocrx_word' id='word_1_164' title='bbox 1207 1531 1456 1580; x_wconf 87' lang='lat' dir='ltr'><strong>Chaerephon</strong></span> <span class='ocrx_word' id='word_1_165' title='bbox 1483 1544 1554 1569; x_wconf 89' lang='lat' dir='ltr'><strong>sua</strong></span> 
     </span>
     <span class='ocr_line' id='line_1_23' title="bbox 225 1586 1553 1637; baseline 0 -13"><span class='ocrx_word' id='word_1_166' title='bbox 225 1587 337 1636; x_wconf 87' lang='lat' dir='ltr'><strong>culpa</strong></span> <span class='ocrx_word' id='word_1_167' title='bbox 375 1586 554 1624; x_wconf 86' lang='lat' dir='ltr'><strong>accidisse</strong></span> <span class='ocrx_word' id='word_1_168' title='bbox 591 1587 638 1624; x_wconf 90' lang='lat' dir='ltr'><strong>de</strong></span> <span class='ocrx_word' id='word_1_169' title='bbox 676 1586 815 1637; x_wconf 91' lang='lat' dir='ltr'><strong>quibus</strong></span> <span class='ocrx_word' id='word_1_170' title='bbox 851 1586 1094 1636; x_wconf 87' lang='lat' dir='ltr'><strong>conqueritur</strong></span> <span class='ocrx_word' id='word_1_171' title='bbox 1122 1586 1313 1632; x_wconf 79' lang='lat' dir='ltr'><strong>Socrates3</strong></span> <span class='ocrx_word' id='word_1_172' title='bbox 1352 1587 1417 1624; x_wconf 84' lang='lat' dir='ltr'><strong>sed</strong></span> <span class='ocrx_word' id='word_1_173' title='bbox 1453 1586 1553 1624; x_wconf 89' lang='lat' dir='ltr'><strong>idem</strong></span> 
     </span>
     <span class='ocr_line' id='line_1_24' title="bbox 225 1641 1553 1691; baseline -0.001 -12"><span class='ocrx_word' id='word_1_174' title='bbox 225 1642 281 1679; x_wconf 88' lang='lat' dir='ltr'><strong>ait</strong></span> <span class='ocrx_word' id='word_1_175' title='bbox 307 1642 489 1679; x_wconf 87' lang='lat' dir='ltr'><strong>damnum</strong></span> <span class='ocrx_word' id='word_1_176' title='bbox 506 1641 686 1679; x_wconf 82' lang='lat' dir='ltr'><strong>facillime</strong></span> <span class='ocrx_word' id='word_1_177' title='bbox 713 1653 824 1691; x_wconf 85' lang='lat' dir='ltr'><strong>posse</strong></span> <span class='ocrx_word' id='word_1_178' title='bbox 852 1641 1046 1679; x_wconf 84' lang='lat' dir='ltr'><strong>resarciri:</strong></span> <span class='ocrx_word' id='word_1_179' title='bbox 1075 1641 1254 1689; x_wconf 77' lang='lat' dir='ltr'><strong>Gorgiam</strong></span> <span class='ocrx_word' id='word_1_180' title='bbox 1283 1641 1384 1679; x_wconf 90' lang='lat' dir='ltr'><strong>enim</strong></span> <span class='ocrx_word' id='word_1_181' title='bbox 1412 1654 1479 1691; x_wconf 86' lang='lat' dir='ltr'><strong>pro</strong></span> <span class='ocrx_word' id='word_1_182' title='bbox 1508 1654 1553 1679; x_wconf 86' lang='lat' dir='ltr'><strong>ea</strong></span> 
     </span>
     <span class='ocr_line' id='line_1_25' title="bbox 224 1696 1552 1747; baseline 0.001 -13"><span class='ocrx_word' id='word_1_183' title='bbox 224 1709 324 1747; x_wconf 87' lang='lat' dir='ltr'><strong>quae</strong></span> <span class='ocrx_word' id='word_1_184' title='bbox 352 1696 425 1734; x_wconf 84' lang='lat' dir='ltr'><strong>sibi</strong></span> <span class='ocrx_word' id='word_1_185' title='bbox 452 1697 532 1734; x_wconf 88' lang='lat' dir='ltr'><strong>iam</strong></span> <span class='ocrx_word' id='word_1_186' title='bbox 568 1709 654 1734; x_wconf 85' lang='lat' dir='ltr'><strong>cum</strong></span> <span class='ocrx_word' id='word_1_187' title='bbox 682 1696 748 1734; x_wconf 92' lang='lat' dir='ltr'><strong>illo</strong></span> <span class='ocrx_word' id='word_1_188' title='bbox 776 1696 986 1735; x_wconf 87' lang='lat' dir='ltr'><strong>intercedat</strong></span> <span class='ocrx_word' id='word_1_189' title='bbox 1013 1696 1289 1742; x_wconf 82' lang='lat' dir='ltr'><strong>familiaritate,</strong></span> <span class='ocrx_word' id='word_1_190' title='bbox 1327 1709 1552 1747; x_wconf 87' lang='lat' dir='ltr'><strong>quocunque</strong></span> 
     </span>
     <span class='ocr_line' id='line_1_26' title="bbox 225 1751 1553 1801; baseline -0.002 -11"><span class='ocrx_word' id='word_1_191' title='bbox 225 1756 393 1801; x_wconf 89' lang='lat' dir='ltr'><strong>tempore</strong></span> <span class='ocrx_word' id='word_1_192' title='bbox 422 1751 574 1790; x_wconf 86' lang='lat' dir='ltr'><strong>libitum</strong></span> <span class='ocrx_word' id='word_1_193' title='bbox 600 1751 727 1798; x_wconf 84' lang='lat' dir='ltr'><strong>fuerit,</strong></span> <span class='ocrx_word' id='word_1_194' title='bbox 757 1755 878 1789; x_wconf 90' lang='lat' dir='ltr'><strong>artem</strong></span> <span class='ocrx_word' id='word_1_195' title='bbox 906 1763 1013 1789; x_wconf 88' lang='lat' dir='ltr'><strong>suam</strong></span> <span class='ocrx_word' id='word_1_196' title='bbox 1033 1764 1114 1789; x_wconf 87' lang='lat' dir='ltr'><strong>esse</strong></span> <span class='ocrx_word' id='word_1_197' title='bbox 1135 1756 1426 1790; x_wconf 88' lang='lat' dir='ltr'><strong>ostentaturum.</strong></span> <span class='ocrx_word' id='word_1_198' title='bbox 1455 1752 1553 1789; x_wconf 82' lang='lat' dir='ltr'><strong>Tum</strong></span> 
     </span>
     <span class='ocr_line' id='line_1_27' title="bbox 225 1806 1552 1856; baseline -0.001 -11"><span class='ocrx_word' id='word_1_199' title='bbox 225 1820 315 1845; x_wconf 86' lang='lat' dir='ltr'><strong>vero</strong></span> <span class='ocrx_word' id='word_1_200' title='bbox 353 1807 525 1845; x_wconf 85' lang='lat' dir='ltr'><strong>Callicles</strong></span> <span class='ocrx_word' id='word_1_201' title='bbox 563 1807 755 1845; x_wconf 81' lang='lat' dir='ltr'><strong>Socratem</strong></span> <span class='ocrx_word' id='word_1_202' title='bbox 792 1811 831 1844; x_wconf 90' lang='lat' dir='ltr'><strong>et</strong></span> <span class='ocrx_word' id='word_1_203' title='bbox 867 1806 1194 1856; x_wconf 86' lang='lat' dir='ltr'><strong>Chaerephontem</strong></span> <span class='ocrx_word' id='word_1_204' title='bbox 1241 1807 1288 1844; x_wconf 88' lang='lat' dir='ltr'><strong>ad</strong></span> <span class='ocrx_word' id='word_1_205' title='bbox 1325 1820 1366 1844; x_wconf 86' lang='lat' dir='ltr'><strong>se</strong></span> <span class='ocrx_word' id='word_1_206' title='bbox 1400 1807 1552 1844; x_wconf 86' lang='lat' dir='ltr'><strong>domum</strong></span> 
     </span>
     <span class='ocr_line' id='line_1_28' title="bbox 224 1861 1552 1912; baseline 0 -13"><span class='ocrx_word' id='word_1_207' title='bbox 224 1862 374 1909; x_wconf 76' lang='lat' dir='ltr'><strong>invitat,</strong></span> <span class='ocrx_word' id='word_1_208' title='bbox 405 1866 449 1900; x_wconf 91' lang='lat' dir='ltr'><strong>ut</strong></span> <span class='ocrx_word' id='word_1_209' title='bbox 467 1862 675 1912; x_wconf 86' lang='lat' dir='ltr'><strong>sophistam</strong></span> <span class='ocrx_word' id='word_1_210' title='bbox 695 1861 852 1900; x_wconf 82' lang='lat' dir='ltr'><strong>audiant</strong></span> <span class='ocrx_word' id='word_1_211' title='bbox 870 1861 1186 1900; x_wconf 87' lang='lat' dir='ltr'><strong>declamitantem.</strong></span> <span class='ocrx_word' id='word_1_212' title='bbox 1214 1862 1300 1902; x_wconf 78' lang='lat' dir='ltr'><strong>Qua</strong></span> <span class='ocrx_word' id='word_1_213' title='bbox 1327 1861 1552 1900; x_wconf 78' lang='lat' dir='ltr'><strong>invitatione</strong></span> 
     </span>
     <span class='ocr_line' id='line_1_29' title="bbox 225 1916 1554 1967; baseline -0.001 -12"><span class='ocrx_word' id='word_1_214' title='bbox 225 1922 379 1967; x_wconf 88' lang='lat' dir='ltr'><strong>accepta</strong></span> <span class='ocrx_word' id='word_1_215' title='bbox 398 1917 576 1955; x_wconf 86' lang='lat' dir='ltr'><strong>continuo</strong></span> <span class='ocrx_word' id='word_1_216' title='bbox 597 1918 644 1955; x_wconf 87' lang='lat' dir='ltr'><strong>ad</strong></span> <span class='ocrx_word' id='word_1_217' title='bbox 663 1930 750 1955; x_wconf 90' lang='lat' dir='ltr'><strong>eum</strong></span> <span class='ocrx_word' id='word_1_218' title='bbox 768 1921 942 1967; x_wconf 85' lang='lat' dir='ltr'><strong>pergunt,</strong></span> <span class='ocrx_word' id='word_1_219' title='bbox 963 1916 1063 1955; x_wconf 89' lang='lat' dir='ltr'><strong>inter</strong></span> <span class='ocrx_word' id='word_1_220' title='bbox 1082 1917 1183 1955; x_wconf 78' lang='lat' dir='ltr'><strong>viam</strong></span> <span class='ocrx_word' id='word_1_221' title='bbox 1201 1917 1335 1966; x_wconf 77' lang='lat' dir='ltr'><strong>paucis</strong></span> <span class='ocrx_word' id='word_1_222' title='bbox 1350 1917 1397 1954; x_wconf 89' lang='lat' dir='ltr'><strong>de</strong></span> <span class='ocrx_word' id='word_1_223' title='bbox 1415 1923 1554 1955; x_wconf 87' lang='lat' dir='ltr'><strong>natura</strong></span> 
     </span>
     <span class='ocr_line' id='line_1_30' title="bbox 225 1972 1553 2023; baseline 0 -13"><span class='ocrx_word' id='word_1_224' title='bbox 225 1973 320 2010; x_wconf 81' lang='lat' dir='ltr'><strong>artis</strong></span> <span class='ocrx_word' id='word_1_225' title='bbox 366 1973 671 2019; x_wconf 83' lang='lat' dir='ltr'><strong>confabulantes,</strong></span> <span class='ocrx_word' id='word_1_226' title='bbox 716 1984 830 2023; x_wconf 84' lang='lat' dir='ltr'><strong>quam</strong></span> <span class='ocrx_word' id='word_1_227' title='bbox 867 1972 1026 2020; x_wconf 81' lang='lat' dir='ltr'><strong>Gorgias</strong></span> <span class='ocrx_word' id='word_1_228' title='bbox 1069 1972 1302 2021; x_wconf 85' lang='lat' dir='ltr'><strong>profiteatur.</strong></span> <span class='ocrx_word' id='word_1_229' title='bbox 1380 1972 1553 2010; x_wconf 75' lang='lat' dir='ltr'><strong>Socrates</strong></span> 
     </span>
     <span class='ocr_line' id='line_1_31' title="bbox 225 2026 1553 2078; baseline -0.002 -13"><span class='ocrx_word' id='word_1_230' title='bbox 225 2028 337 2074; x_wconf 92' lang='lat' dir='ltr'><strong>enim,</strong></span> <span class='ocrx_word' id='word_1_231' title='bbox 372 2028 475 2066; x_wconf 87' lang='lat' dir='ltr'><strong>Num</strong></span> <span class='ocrx_word' id='word_1_232' title='bbox 503 2040 604 2074; x_wconf 77' lang='lat' dir='ltr'><strong>vero,</strong></span> <span class='ocrx_word' id='word_1_233' title='bbox 634 2041 656 2065; x_wconf 93' lang='lat' dir='ltr'><strong>o</strong></span> <span class='ocrx_word' id='word_1_234' title='bbox 683 2026 846 2073; x_wconf 89' lang='lat' dir='ltr'><strong>Callicle,</strong></span> <span class='ocrx_word' id='word_1_235' title='bbox 875 2026 1012 2078; x_wconf 84' lang='lat' dir='ltr'><strong>inquit,</strong></span> <span class='ocrx_word' id='word_1_236' title='bbox 1042 2027 1200 2075; x_wconf 82' lang='lat' dir='ltr'><strong>Gorgias</strong></span> <span class='ocrx_word' id='word_1_237' title='bbox 1227 2027 1423 2064; x_wconf 89' lang='lat' dir='ltr'><strong>nobiscum</strong></span> <span class='ocrx_word' id='word_1_238' title='bbox 1448 2027 1553 2064; x_wconf 79' lang='lat' dir='ltr'><strong>volet</strong></span> 
     </span>
     <span class='ocr_line' id='line_1_32' title="bbox 226 2081 1554 2133; baseline -0.001 -13"><span class='ocrx_word' id='word_1_239' title='bbox 226 2084 394 2121; x_wconf 82' lang='lat' dir='ltr'><strong>conferre</strong></span> <span class='ocrx_word' id='word_1_240' title='bbox 423 2082 637 2121; x_wconf 81' lang='lat' dir='ltr'><strong>semones?</strong></span> <span class='ocrx_word' id='word_1_241' title='bbox 675 2082 779 2120; x_wconf 89' lang='lat' dir='ltr'><strong>Scire</strong></span> <span class='ocrx_word' id='word_1_242' title='bbox 807 2081 909 2120; x_wconf 88' lang='lat' dir='ltr'><strong>enim</strong></span> <span class='ocrx_word' id='word_1_243' title='bbox 937 2082 1069 2131; x_wconf 85' lang='lat' dir='ltr'><strong>cupio,</strong></span> <span class='ocrx_word' id='word_1_244' title='bbox 1099 2094 1196 2133; x_wconf 87' lang='lat' dir='ltr'><strong>quae</strong></span> <span class='ocrx_word' id='word_1_245' title='bbox 1224 2082 1276 2119; x_wconf 92' lang='lat' dir='ltr'><strong>sit</strong></span> <span class='ocrx_word' id='word_1_246' title='bbox 1303 2081 1363 2119; x_wconf 80' lang='lat' dir='ltr'><strong>vis</strong></span> <span class='ocrx_word' id='word_1_247' title='bbox 1391 2087 1431 2120; x_wconf 90' lang='lat' dir='ltr'><strong>et</strong></span> <span class='ocrx_word' id='word_1_248' title='bbox 1456 2082 1554 2119; x_wconf 85' lang='lat' dir='ltr'><strong>ratio</strong></span> 
     </span>
     <span class='ocr_line' id='line_1_33' title="bbox 226 2136 1552 2189; baseline -0.001 -14"><span class='ocrx_word' id='word_1_249' title='bbox 226 2139 319 2176; x_wconf 85' lang='lat' dir='ltr'><strong>artis</strong></span> <span class='ocrx_word' id='word_1_250' title='bbox 348 2138 469 2184; x_wconf 87' lang='lat' dir='ltr'><strong>illius,</strong></span> <span class='ocrx_word' id='word_1_251' title='bbox 506 2151 621 2189; x_wconf 85' lang='lat' dir='ltr'><strong>quam</strong></span> <span class='ocrx_word' id='word_1_252' title='bbox 648 2137 821 2176; x_wconf 83' lang='lat' dir='ltr'><strong>factitare</strong></span> <span class='ocrx_word' id='word_1_253' title='bbox 849 2137 955 2175; x_wconf 87' lang='lat' dir='ltr'><strong>solet.</strong></span> <span class='ocrx_word' id='word_1_254' title='bbox 1011 2137 1110 2174; x_wconf 85' lang='lat' dir='ltr'><strong>Nam</strong></span> <span class='ocrx_word' id='word_1_255' title='bbox 1138 2142 1259 2175; x_wconf 80' lang='lat' dir='ltr'><strong>artem</strong></span> <span class='ocrx_word' id='word_1_256' title='bbox 1287 2136 1552 2175; x_wconf 85' lang='lat' dir='ltr'><strong>declamitandi</strong></span> 
     </span>
     <span class='ocr_line' id='line_1_34' title="bbox 226 2191 1550 2243; baseline -0.001 -13"><span class='ocrx_word' id='word_1_257' title='bbox 226 2193 299 2230; x_wconf 88' lang='lat' dir='ltr'><strong>alio</strong></span> <span class='ocrx_word' id='word_1_258' title='bbox 328 2197 497 2243; x_wconf 88' lang='lat' dir='ltr'><strong>tempore</strong></span> <span class='ocrx_word' id='word_1_259' title='bbox 525 2193 634 2231; x_wconf 90' lang='lat' dir='ltr'><strong>nobis</strong></span> <span class='ocrx_word' id='word_1_260' title='bbox 663 2196 864 2231; x_wconf 85' lang='lat' dir='ltr'><strong>ostentato.</strong></span> <span class='ocrx_word' id='word_1_261' title='bbox 902 2192 1122 2241; x_wconf 85' lang='lat' dir='ltr'><strong>Respondet</strong></span> <span class='ocrx_word' id='word_1_262' title='bbox 1139 2191 1312 2230; x_wconf 86' lang='lat' dir='ltr'><strong>Callicles</strong></span> <span class='ocrx_word' id='word_1_263' title='bbox 1340 2192 1411 2229; x_wconf 90' lang='lat' dir='ltr'><strong>hoc</strong></span> <span class='ocrx_word' id='word_1_264' title='bbox 1429 2191 1550 2241; x_wconf 88' lang='lat' dir='ltr'><strong>ipsum</strong></span> 
     </span>
     <span class='ocr_line' id='line_1_35' title="bbox 226 2247 1554 2299; baseline 0 -14"><span class='ocrx_word' id='word_1_265' title='bbox 226 2262 309 2285; x_wconf 82' lang='lat' dir='ltr'><strong>esse</strong></span> <span class='ocrx_word' id='word_1_266' title='bbox 337 2261 455 2285; x_wconf 91' lang='lat' dir='ltr'><strong>unum</strong></span> <span class='ocrx_word' id='word_1_267' title='bbox 485 2249 665 2299; x_wconf 87' lang='lat' dir='ltr'><strong>quiddam</strong></span> <span class='ocrx_word' id='word_1_268' title='bbox 694 2261 743 2286; x_wconf 86' lang='lat' dir='ltr'><strong>ex</strong></span> <span class='ocrx_word' id='word_1_269' title='bbox 770 2248 836 2294; x_wconf 89' lang='lat' dir='ltr'><strong>iis,</strong></span> <span class='ocrx_word' id='word_1_270' title='bbox 874 2247 915 2284; x_wconf 91' lang='lat' dir='ltr'><strong>in</strong></span> <span class='ocrx_word' id='word_1_271' title='bbox 944 2247 1083 2298; x_wconf 89' lang='lat' dir='ltr'><strong>quibus</strong></span> <span class='ocrx_word' id='word_1_272' title='bbox 1112 2247 1176 2285; x_wconf 88' lang='lat' dir='ltr'><strong>ille</strong></span> <span class='ocrx_word' id='word_1_273' title='bbox 1214 2261 1255 2285; x_wconf 89' lang='lat' dir='ltr'><strong>se</strong></span> <span class='ocrx_word' id='word_1_274' title='bbox 1280 2247 1554 2285; x_wconf 84' lang='lat' dir='ltr'><strong>ostentaverit:</strong></span> 
     </span>
     <span class='ocr_line' id='line_1_36' title="bbox 228 2302 1553 2352; baseline 0 -13"><span class='ocrx_word' id='word_1_275' title='bbox 228 2316 315 2340; x_wconf 89' lang='lat' dir='ltr'><strong>nam</strong></span> <span class='ocrx_word' id='word_1_276' title='bbox 336 2304 556 2352; x_wconf 79' lang='lat' dir='ltr'><strong>,professum</strong></span> <span class='ocrx_word' id='word_1_277' title='bbox 585 2304 693 2342; x_wconf 88' lang='lat' dir='ltr'><strong>illum</strong></span> <span class='ocrx_word' id='word_1_278' title='bbox 722 2315 804 2341; x_wconf 87' lang='lat' dir='ltr'><strong>csse</strong></span> <span class='ocrx_word' id='word_1_279' title='bbox 832 2307 946 2341; x_wconf 82' lang='lat' dir='ltr'><strong>antea</strong></span> <span class='ocrx_word' id='word_1_280' title='bbox 973 2316 1014 2340; x_wconf 89' lang='lat' dir='ltr'><strong>se</strong></span> <span class='ocrx_word' id='word_1_281' title='bbox 1043 2303 1090 2340; x_wconf 86' lang='lat' dir='ltr'><strong>ad</strong></span> <span class='ocrx_word' id='word_1_282' title='bbox 1119 2302 1245 2340; x_wconf 87' lang='lat' dir='ltr'><strong>omnia</strong></span> <span class='ocrx_word' id='word_1_283' title='bbox 1281 2315 1363 2340; x_wconf 86' lang='lat' dir='ltr'><strong>esse</strong></span> <span class='ocrx_word' id='word_1_284' title='bbox 1400 2315 1553 2351; x_wconf 86' lang='lat' dir='ltr'><strong>respon—</strong></span> 
     </span>
     <span class='ocr_line' id='line_1_37' title="bbox 227 2357 1554 2410; baseline -0.001 -15"><span class='ocrx_word' id='word_1_285' title='bbox 227 2371 369 2404; x_wconf 87' lang='lat' dir='ltr'><strong>surum,</strong></span> <span class='ocrx_word' id='word_1_286' title='bbox 399 2359 445 2395; x_wconf 91' lang='lat' dir='ltr'><strong>de</strong></span> <span class='ocrx_word' id='word_1_287' title='bbox 475 2359 614 2410; x_wconf 90' lang='lat' dir='ltr'><strong>quibus</strong></span> <span class='ocrx_word' id='word_1_288' title='bbox 643 2358 805 2410; x_wconf 87' lang='lat' dir='ltr'><strong>quisque</strong></span> <span class='ocrx_word' id='word_1_289' title='bbox 834 2370 1015 2408; x_wconf 84' lang='lat' dir='ltr'><strong>quaerere</strong></span> <span class='ocrx_word' id='word_1_290' title='bbox 1043 2358 1171 2396; x_wconf 79' lang='lat' dir='ltr'><strong>vellet.</strong></span> <span class='ocrx_word' id='word_1_291' title='bbox 1227 2358 1324 2395; x_wconf 85' lang='lat' dir='ltr'><strong>Tum</strong></span> <span class='ocrx_word' id='word_1_292' title='bbox 1352 2370 1443 2395; x_wconf 78' lang='lat' dir='ltr'><strong>vero</strong></span> <span class='ocrx_word' id='word_1_293' title='bbox 1470 2357 1554 2394; x_wconf 87' lang='lat' dir='ltr'><strong>Gal·</strong></span> 
     </span>
    </p>
   </div>
   <div class='ocr_carea' id='block_1_5' title="bbox 226 2409 1555 2518">
    <p class='ocr_par' dir='ltr' id='par_1_5' title="bbox 226 2409 1555 2518">
     <span class='ocr_line' id='line_1_38' title="bbox 227 2409 1555 2462; baseline 0 -12"><span class='ocrx_word' id='word_1_294' title='bbox 227 2413 322 2450; x_wconf 86' lang='lat' dir='ltr'><strong>liclis</strong></span> <span class='ocrx_word' id='word_1_295' title='bbox 351 2414 461 2451; x_wconf 85' lang='lat' dir='ltr'><strong>aedes</strong></span> <span class='ocrx_word' id='word_1_296' title='bbox 490 2414 650 2462; x_wconf 83' lang='lat' dir='ltr'><strong>ingressi</strong></span> <span class='ocrx_word' id='word_1_297' title='bbox 679 2426 803 2452; x_wconf 85' lang='lat' dir='ltr'><strong>coram</strong></span> <span class='ocrx_word' id='word_1_298' title='bbox 832 2409 991 2460; x_wconf 63' lang='lat' dir='ltr'><strong>aliis*&#39;)</strong></span> <span class='ocrx_word' id='word_1_299' title='bbox 1020 2425 1105 2450; x_wconf 89' lang='lat' dir='ltr'><strong>cum</strong></span> <span class='ocrx_word' id='word_1_300' title='bbox 1133 2426 1178 2451; x_wconf 87' lang='lat' dir='ltr'><strong>eo</strong></span> <span class='ocrx_word' id='word_1_301' title='bbox 1206 2413 1335 2452; x_wconf 88' lang='lat' dir='ltr'><strong>statim</strong></span> <span class='ocrx_word' id='word_1_302' title='bbox 1354 2411 1555 2451; x_wconf 82' lang='lat' dir='ltr'><strong>ordiuntur</strong></span> 
     </span>
     <span class='ocr_line' id='line_1_39' title="bbox 226 2464 467 2518; baseline 0.004 -13"><span class='ocrx_word' id='word_1_303' title='bbox 226 2464 467 2518; x_wconf 74' lang='lat' dir='ltr'><strong>colloquiur&#39;n.</strong></span> 
     </span>
    </p>
   </div>
   <div class='ocr_carea' id='block_1_6' title="bbox 247 2563 512 2570">
    <p class='ocr_par' dir='ltr' id='par_1_6' title="bbox 247 2563 512 2570">
     <span class='ocr_line' id='line_1_40' title="bbox 247 2563 512 2570; baseline 0 374"><span class='ocrx_word' id='word_1_304' title='bbox 247 2563 512 2570; x_wconf 95' lang='lat' dir='ltr'><strong> </strong></span> 
     </span>
    </p>
   </div>
   <div class='ocr_carea' id='block_1_7' title="bbox 224 2603 1555 2741">
    <p class='ocr_par' dir='ltr' id='par_1_7' title="bbox 224 2603 1555 2741">
     <span class='ocr_line' id='line_1_41' title="bbox 292 2603 1553 2651; baseline -0.002 -12"><span class='ocrx_word' id='word_1_305' title='bbox 292 2607 324 2648; x_wconf 64' lang='lat'><strong>¹⁸)</strong></span> <span class='ocrx_word' id='word_1_306' title='bbox 349 2609 402 2640; x_wconf 84' lang='lat' dir='ltr'><strong>De</strong></span> <span class='ocrx_word' id='word_1_307' title='bbox 425 2607 577 2650; x_wconf 82' lang='lat' dir='ltr'><strong>personis</strong></span> <span class='ocrx_word' id='word_1_308' title='bbox 600 2607 727 2651; x_wconf 79' lang='lat' dir='ltr'><strong>dialogi</strong></span> <span class='ocrx_word' id='word_1_309' title='bbox 750 2607 1021 2640; x_wconf 68' lang='lat' dir='ltr'><strong>V.Commentar.</strong></span> <span class='ocrx_word' id='word_1_310' title='bbox 1044 2605 1087 2639; x_wconf 75' lang='lat' dir='ltr'><strong>ad</strong></span> <span class='ocrx_word' id='word_1_311' title='bbox 1110 2605 1231 2649; x_wconf 77' lang='lat' dir='ltr'><strong>p.44·1.</strong></span> <span class='ocrx_word' id='word_1_312' title='bbox 1254 2605 1297 2638; x_wconf 85' lang='grc' dir='ltr'><strong>Δ.</strong></span> <span class='ocrx_word' id='word_1_313' title='bbox 1318 2609 1352 2637; x_wconf 82' lang='lat' dir='ltr'><strong>et</strong></span> <span class='ocrx_word' id='word_1_314' title='bbox 1373 2615 1406 2647; x_wconf 88' lang='lat' dir='ltr'><strong>p.</strong></span> <span class='ocrx_word' id='word_1_315' title='bbox 1418 2603 1495 2637; x_wconf 78' lang='lat'><strong>448.</strong></span> <span class='ocrx_word' id='word_1_316' title='bbox 1512 2605 1553 2636; x_wconf 85' lang='grc' dir='ltr'><strong>Α.</strong></span> 
     </span>
     <span class='ocr_line' id='line_1_42' title="bbox 291 2646 1555 2696; baseline -0.002 -11"><span class='ocrx_word' id='word_1_317' title='bbox 291 2651 345 2688; x_wconf 56' lang='grc' dir='ltr'><strong>*ἢ</strong></span> <span class='ocrx_word' id='word_1_318' title='bbox 370 2652 457 2685; x_wconf 83' lang='lat' dir='ltr'><strong>Nam</strong></span> <span class='ocrx_word' id='word_1_319' title='bbox 481 2651 581 2692; x_wconf 77' lang='grc' dir='ltr'><strong><em>κωφὰ</em></strong></span> <span class='ocrx_word' id='word_1_320' title='bbox 606 2650 771 2694; x_wconf 79' lang='grc' dir='ltr'><strong><em>πρόςωκα</em></strong></span> <span class='ocrx_word' id='word_1_321' title='bbox 794 2651 913 2685; x_wconf 79' lang='lat' dir='ltr'><strong>adesse</strong></span> <span class='ocrx_word' id='word_1_322' title='bbox 935 2655 1030 2695; x_wconf 73' lang='lat' dir='ltr'><strong>patet</strong></span> <span class='ocrx_word' id='word_1_323' title='bbox 1051 2662 1095 2684; x_wconf 82' lang='lat' dir='ltr'><strong>ex</strong></span> <span class='ocrx_word' id='word_1_324' title='bbox 1126 2661 1160 2696; x_wconf 83' lang='lat' dir='ltr'><strong>p.</strong></span> <span class='ocrx_word' id='word_1_325' title='bbox 1182 2648 1257 2685; x_wconf 75' lang='lat'><strong>458.</strong></span> <span class='ocrx_word' id='word_1_326' title='bbox 1282 2649 1320 2684; x_wconf 85' lang='lat' dir='ltr'><strong>C.</strong></span> <span class='ocrx_word' id='word_1_327' title='bbox 1343 2649 1386 2682; x_wconf 92' lang='lat' dir='ltr'><strong>D.</strong></span> <span class='ocrx_word' id='word_1_328' title='bbox 1414 2646 1490 2683; x_wconf 78' lang='lat'><strong>473.</strong></span> <span class='ocrx_word' id='word_1_329' title='bbox 1513 2649 1555 2683; x_wconf 80' lang='lat' dir='ltr'><strong>E.</strong></span> 
     </span>
     <span class='ocr_line' id='line_1_43' title="bbox 224 2694 844 2741; baseline 0.003 -13"><span class='ocrx_word' id='word_1_330' title='bbox 224 2694 302 2729; x_wconf 78' lang='lat'><strong>490.</strong></span> <span class='ocrx_word' id='word_1_331' title='bbox 327 2696 366 2729; x_wconf 89' lang='lat' dir='ltr'><strong>B.</strong></span> <span class='ocrx_word' id='word_1_332' title='bbox 390 2696 467 2730; x_wconf 87' lang='lat' dir='ltr'><strong>con.</strong></span> <span class='ocrx_word' id='word_1_333' title='bbox 488 2706 522 2741; x_wconf 85' lang='lat' dir='ltr'><strong>p.</strong></span> <span class='ocrx_word' id='word_1_334' title='bbox 545 2694 621 2730; x_wconf 78' lang='lat'><strong>447.</strong></span> <span class='ocrx_word' id='word_1_335' title='bbox 644 2696 682 2730; x_wconf 84' lang='lat' dir='ltr'><strong>C.</strong></span> <span class='ocrx_word' id='word_1_336' title='bbox 705 2695 782 2731; x_wconf 77' lang='lat'><strong>456.</strong></span> <span class='ocrx_word' id='word_1_337' title='bbox 805 2696 844 2730; x_wconf 87' lang='lat' dir='ltr'><strong>C.</strong></span> 
     </span>
    </p>
   </div>
  </div>
 </body>
</html>
