1696 2976
470 0 515 15 Η
549 0 646 42 ‘'³435‘’
654 0 721 36 Ψ*
785 0 795 42 2³
808 0 874 37 “5¹³1‘'
886 0 951 50 ³:3³?
957 0 1606 57 ftfflgfflw‘sffiwswffieffigg
1621 48 1630 55 ἰ

1144 57 1149 71 ζ
1167 60 1173 68 ¹
1202 60 1204 62 ’
1512 66 1518 74 ,
1633 61 1636 62 ⁷

195 104 250 148 90
737 79 1027 145 pun-'oms

195 219 358 281 ταύτην
379 220 460 280 τὴν
481 222 661 280 τέχνην,
692 219 747 279 ἣν
771 221 826 279 δὴ
849 220 965 282 παρὰ
987 223 1064 268 τοῦ
1094 221 1254 281 πατρὸς
1283 221 1573 282 μεμαθήκασι,

197 287 300 335 καθ’
329 287 433 335 οσον
455 286 543 342 οἷός
566 287 604 334 τ’
632 281 688 346 ἦν
709 286 733 333 ὁ
758 287 897 348 πατὴρ
920 291 992 335 καὶ
1015 292 1061 335 οἰ
1078 291 1155 335 τοῦ
1178 287 1336 348 πατρὸς
1358 288 1523 348 φίλοι”
1499 309 1574 336 ον-

195 375 263 411 τες
286 354 528 414 ὁμότεχνοι,
552 354 731 409 τούτους
754 360 815 401 ἔτι
837 361 902 410 τίς
924 353 980 402 ἂν
1003 354 1237 414 διδάξειεν,
1261 354 1313 401 οὐ
1337 355 1490 416 ῥοίδιον
1511 357 1575 403 οἵ·

195 443 272 483 μαι
296 423 421 480 εἶναι,
447 442 480 468 ω
506 421 751 480 Σώκρατες,
775 421 940 469 τούτων
963 422 1228 469 διδάσκαλον
1243 425 1458 481 φανῆναι,
1488 426 1576 469 τῶν
1691 462 1696 481 a

197 491 244 536 δὲ
268 488 462 548 ἀπείρων
484 487 732 535 παντάπασι
764 488 975 550 ῥᾴδιον,
978 488 1090 535 οὕτω
1123 490 1171 535 δὲ
1201 488 1353 549 ἀρετῆς
1387 491 1460 536 καὶ
1489 491 1577 535 τῶν
1690 500 1696 552 j

195 555 340 602 ἄλλων
363 555 552 602 πάντων.
578 554 688 602 ἀλλὰ
705 554 788 602 κᾶν
812 561 853 602 εἰ
872 555 1020 614 ὀλίγον
1044 561 1132 602 ἔστι
1155 575 1218 610 τις
1241 554 1356 610 ὅστις
1380 557 1576 615 διαφέρει

195 623 317 682 ἡμῶν
341 622 604 683 προβιβάσαι
629 627 690 676 εἰς
713 621 886 681 ἀρετήν,
909 622 1141 681 ἀγαπητόν.
1171 616 1252 669 Ὧν
1275 622 1329 682 δὴ
1353 622 1436 681 ἐγώ
1459 623 1575 682 οἶμαι

196 689 257 745 εἷς
282 691 408 748 εἶναι,
435 692 506 735 καὶ
532 688 824 748 διαφερόντως
847 688 902 736 ἂν
924 693 1012 735 τῶν
1034 689 1179 736 ἄλλων
1201 688 1452 749 ἀνθρώπων
1474 688 1577 748 ὀνῆ-

195 763 274 804 σαί
291 777 387 803 τινα
411 757 517 816 πρὸς
546 756 593 803 τὸ
633 755 767 803 καλὸν
800 758 872 802 καὶ
894 755 1065 815 ἀγαθὸν
1087 759 1316 815 γενέσθαι,
1348 758 1420 802 καὶ
1449 754 1577 811 ἀξίως

194 829 271 871 τοῦ
293 827 457 884 μισθοῦ
480 822 532 870 ὃν
554 822 807 883 πράττομαι,
831 825 903 869 καὶ
927 829 988 869 ἔτι
1006 829 1220 881 πλείονος,
1245 822 1352 870 ὥστε
1366 825 1437 869 καὶ
1460 821 1577 884 αὐτῷ

196 897 343 938 δοκεῖν
365 894 424 953 τῷ
447 890 645 950 μαθόντι.
673 890 745 936 διὰ
767 894 901 936 ταῦτα
926 892 998 936 καὶ
1021 890 1096 936 τὸν
1119 889 1280 949 τρόπον
1293 894 1368 948 τῆς
1384 889 1577 949 πράξεως

192 962 270 1005 τοῦ
292 961 456 1017 μισθοῦ
478 961 673 1004 τοιοῦτον
691 963 938 1015 πεποίημαι.
966 958 1143 1004 ἐπειδὰν
1160 956 1242 1017 γάρ
1259 977 1323 1010 τις
1347 958 1450 1015 παρ’
1474 959 1578 1015 ἐμοῦ

193 1025 330 1086 μάθῃ,
356 1025 432 1072 ἐὰν
453 1026 534 1083 μὲν
557 1024 778 1083 βούληται,
803 1023 1028 1071 ἀπέδωκεν
1045 1022 1068 1070 ὃ
1087 1023 1171 1082 ἐγώ
1189 1023 1425 1084 πράττομαι
1442 1021 1578 1082 ἀργύ-

281 1158 320 1192 Ρ,
340 1158 415 1190 3-28.
433 1156 472 1188 B.
507 1151 587 1199 ὀνῆ
597 1152 687 1198 σαι]
720 1155 822 1188 Libri
845 1166 968 1189 omnes
991 1155 1145 1199 νοῆσαι,
1170 1155 1264 1197 quod
1287 1154 1492 1189 emendavit
1506 1154 1569 1187 Do

192 1204 300 1235 breus
317 1201 458 1235 advers.
473 1201 559 1243 II.p
565 1202 666 1233 ..391

281 1257 305 1279 α
315 1244 364 1279 πέ
374 1246 461 1279 δωκ
471 1255 486 1278 ε
495 1243 531 1288 ν]
543 1245 643 1277 Libri
650 1239 903 1286 ἀποδέδωκεν,
913 1244 1004 1287 quod
1013 1244 1192 1288 Sauppius
1200 1244 1308 1288 plane
1318 1244 1437 1278 eiecit.
1447 1244 1501 1276 De
1510 1243 1579 1275 hac

193 1292 454 1334 permutatione
472 1290 626 1332 perfecti
643 1293 677 1321 et
687 1290 815 1322 aoristi
831 1300 864 1322 v.
883 1289 966 1332 adp
971 1290 1088 1322 ,320A
1103 1293 1139 1321 et
1156 1289 1257 1323 Stud.
1270 1288 1443 1332 philolog.
1459 1298 1494 1330 p.
1502 1288 1578 1320 85).

193 1337 398 1369 Perfectum
414 1334 640 1367 Heindorfius
658 1335 711 1366 sic
728 1333 901 1375 defendit,
924 1301 966 1366 UJt)
979 1334 1253 1376 interpretetur:
1276 1332 1418 1376 quando
1440 1332 1518 1376 quis
1537 1342 1580 1364 ex

194 1392 249 1413 me
266 1380 402 1418 didicit,
420 1380 493 1413 ubi
509 1379 722 1417 voluerit,
739 1379 811 1411 iam
828 1379 1041 1412 numeravit
1075 1378 1144 1411 Sed
1160 1378 1287 1410 nulla·
1278 1389 1314 1410 ιιι
1332 1377 1400 1410 tali
1417 1377 1580 1420 perfecto

194 1426 352 1459 conditio
371 1434 450 1457 esse
467 1427 597 1467 potest.
614 1423 789 1466 Exempla
804 1423 887 1456 vide
905 1434 961 1465 ap.
981 1423 1132 1465 Kriiger.
1151 1423 1211 1455 Gr.
1230 1425 1283 1455 53.
1301 1425 1333 1464 3,
1349 1423 1383 1456 4.

192 1518 277 1547 tem
295 1512 438 1546 facile
459 1516 528 1545 est
552 1512 755 1544 invenire
772 1522 852 1544 ma—

193 1559 395 1602 gistrum:
431 1556 579 1589 eadem
611 1557 744 1588 etiam
772 1557 853 1589 vir-

193 1603 304 1636 tutis
343 1605 680 1642 ceterarumque
713 1610 851 1633 rerum

193 1648 377 1682 omnium
394 1646 510 1678 ratio
528 1649 605 1679 est.
639 1645 756 1679 Stallb.

237 1686 348 1725 ἀλλὰ
392 1683 477 1723 κᾶν
515 1686 554 1723 εἰ
598 1684 755 1732 ὀλίγον
791 1687 850 1731 -Ῑ

193 1737 268 1770 sed
285 1737 321 1769 si
339 1736 439 1777 quis
457 1738 524 1767 est
546 1734 620 1775 qui
643 1734 716 1767 vel
733 1733 850 1776 paul-

193 1780 476 1814 lulumnobis
499 1779 543 1810 in
567 1789 615 1811 eo
638 1781 853 1821 praestet,

193 1829 240 1858 ut
256 1826 372 1858 alios
390 1823 441 1856 ad
466 1824 679 1856 virtutem
703 1833 857 1865 prove·

192 1868 855 1903 liat:contentiessedebemus.

919 1513 1136 1554 Protagoras
1167 1511 1202 1543 h.
1222 1511 1245 1543 l.
1279 1511 1323 1543 de
1351 1511 1483 1543 virtute
1508 1513 1579 1543 tra-

920 1556 1038 1589 denda
1053 1556 1221 1593 disserat,
1237 1555 1370 1598 νοῆσαι
1380 1554 1514 1587 nullum
1522 1555 1582 1587 hic

920 1601 1032 1633 habet
1047 1599 1180 1639 loeum;
1199 1594 1335 1642 ὀνῆσαι
1345 1598 1581 1632 eodemmodo

919 1645 1074 1687 positum
1107 1647 1163 1676 est
1191 1644 1235 1677 de
1249 1643 1355 1694 Rep.
1408 1644 1508 1676 ,600
1529 1643 1581 1674 D.

921 1688 1024 1741 εἴπερ
1056 1684 1136 1727 οἷός
1167 1683 1202 1720 τ’
1240 1678 1286 1730 ἦν
1324 1698 1415 1729 προς
1445 1681 1582 1731 ἀρετὴν

923 1728 1058 1784 ὀνῆσαι
1076 1727 1314 1784 ἀνθρώπους.

970 1773 1047 1811 τὸν
1085 1772 1253 1819 τρόπον
1287 1794 1334 1800 -
1370 1775 1584 1810 τοιοῦτον

924 1820 1042 1866 πεπ.]
1082 1822 1168 1854 Rem
1198 1821 1306 1864 paulo
1330 1821 1438 1854 aliter
1460 1824 1586 1853 narrat

925 1866 1142 1899 Aristoteles
1163 1866 1282 1900 Ethic.
1303 1866 1440 1898 Nicom.
1464 1865 1525 1897 IX
1545 1866 1582 1897 1·

192 1916 247 1947 De
264 1907 336 1947 κᾶν
360 1911 411 1955 εἰ,
437 1912 530 1955 quod
547 1916 611 1945 aut
625 1923 704 1945 cum
719 1912 860 1944 indica-

191 1960 267 1992 tivo
291 1962 355 1991 aut
378 1968 457 1990 cum
487 1958 650 2000 optativo
676 1956 860 1998 coniungi-

193 2007 262 2042 tur,
293 2014 326 2037 v.
353 2002 567 2035 Stallbaum.
600 2001 644 2034 ad
675 2000 858 2033 Phaedon.

192 2059 226 2091 p.
246 2050 285 2080 71
308 2048 349 2079 B.
411 2046 636 2079 Sententiam
673 2045 860 2078 illustrant

191 2091 398 2125 Archidami
428 2091 540 2123 verba
570 2089 812 2142 ap.;1*hueyd.
830 2089 858 2130 Ι,

192 2138 252 2170 84:
283 2130 379 2169 πολὺ
396 2102 614 2187 διαφέρεινρ
617 2129 663 2167 οὗ
679 2133 741 2167 δεῖ
755 2133 858 2185 νομί·

195 2182 271 2222 ζειν
299 2174 505 2234 ἄνθρωπον
527 2173 745 2230 ἀνθρώπου,
769 2173 856 2220 κρά-

193 2236 319 2259 τιστον
356 2221 399 2258 δε
438 2220 536 2258 εἶναι
574 2232 675 2261 οστις
707 2203 748 2255 ἕν
779 2225 856 2260 τοῖς

193 2263 507 2347 ἄνὲγκὸιοτὲίτοὲς
524 2263 759 2345 παιδεύεται.
770 2310 782 2354 ]
802 2311 830 2342 E

355 2325 376 2347 ν
526 2325 554 2346 ω
571 2323 591 2346 ο
654 2322 701 2344 αι
724 2329 766 2334 ——
834 2322 855 2343 x

195 2359 250 2391 his
268 2359 379 2401 igitur
395 2325 450 2391 mg
471 2323 754 2390 ai'bitrorp‘unum
776 2366 855 2388 esse

194 2407 231 2436 et
266 2406 413 2445 praeter
452 2406 593 2434 ceteros
627 2401 856 2437 institutione

194 2447 450 2488 meaaliquem,
463 2446 855 2489 volutiHippocratem‚

196 2492 242 2525 ad
264 2492 434 2525 virtutem
456 2492 579 2523 iuvare
603 2499 727 2533 posse,
750 2489 855 2530 idque

195 2538 267 2577 sic,
295 2539 336 2568 ut
362 2535 491 2577 dignus
519 2536 585 2567 sim
614 2545 657 2567 ea
680 2532 856 2573 mercede,

196 2591 301 2624 quam
319 2581 441 2622 exigo,
465 2579 626 2621 adeoque
651 2580 759 2612 etiam
782 2587 856 2609 ma-

196 2627 292 2666 iore,
324 2625 378 2657 ita
405 2628 446 2655 ut
471 2624 539 2666 ipsi
570 2625 679 2656 etiam
703 2622 858 2655 discenti

198 2672 252 2702 ita
267 2669 445 2703 videatur.
462 2669 509 2703 cf.
526 2668 633 2710 Hipp.
651 2669 679 2702 Ι.
698 2679 732 2710 p.
741 2666 861 2700 2818:

198 2709 328 2752 ἱκανὸς
353 2709 389 2746 εἶ
407 2707 508 2755 παρὰ
531 2711 604 2745 τῶν
627 2709 720 2745 νέων
741 2705 859 2744 πολλὰ

199 2754 369 2811 χρήματα
408 2750 606 2810 λαμβάνων
652 2754 705 2789 ἔτι
747 2753 861 2788 πλείω

198 2798 360 2846 ωφελεῖν
398 2795 449 2836 ὧν
480 2796 692 2844 λαμβάνεις.
746 2800 861 2841 Quum

925 1905 1030 1953 (οπερ
1082 1908 1217 1962 (gaal
1221 1908 1286 1943 καὶ
1333 1904 1586 1962 Πρωταγόραν

926 1955 1064 1997 ποιεῖν)
1088 1965 1152 1988 οτε
1175 1949 1244 1998 γὰρ
1256 1949 1476 2005 διδάξειειν
1490 1949 1584 2006 ‹idq-

925 2011 1028 2041 ποτε,
1052 1998 1205 2053 τιμῆσαι
1227 1993 1306 2032 τὸν
1313 1993 1491 2050 μαθόντα
1507 1993 1584 2031 ἔκε-

926 2047 1045 2087 λευεν,
1076 2053 1167 2077 οσου
1194 2042 1304 2076 donet
1324 2037 1414 2084 ἄξια
1436 2037 1585 2076 ἐπίστα-

926 2090 1040 2131 σθαι,
1075 2086 1141 2122 καὶ
1178 2083 1363 2130 ἐλάμβανε
1395 2086 1583 2121 τοσοῦτον.

924 2134 1075 2166 Veriora
1105 2133 1230 2174 reique
1260 2135 1413 2165 naturae
1444 2132 1587 2174 aptiora

923 2178 1091 2211 videntur
1107 2187 1197 2214 esse,
1222 2186 1312 2218 quae
1330 2176 1437 2208 Plato
1452 2176 1486 2210 h
1500 2176 1524 2210 i.
1541 2175 1585 2208 de

925 2222 1110 2265 sophistae
1133 2221 1300 2253 instituto
1317 2220 1480 2261 tradidit,
1506 2230 1586 2253 eum

922 2277 995 2299 non
1010 2276 1144 2306 omnes,
1161 2264 1224 2298 sed
1240 2275 1301 2298 eos
1323 2268 1464 2297 tautum
1479 2264 1585 2298 disei-

923 2311 1039 2354 pulos,
1057 2311 1119 2352 qui
1135 2310 1327 2353 pecuniam
1343 2310 1388 2342 ab
1407 2309 1485 2351 ipso
1502 2318 1583 2341 con-

922 2356 1086 2388 stitutam
1103 2354 1244 2387 solvere
1260 2354 1472 2394 noluissent,
1490 2354 1586 2385 iura·

924 2403 979 2432 tos
987 2399 1202 2442 disciplinas
1210 2398 1404 2431 aestimare
1413 2400 1451 2430 et
1457 2397 1585 2438 quanti

924 2445 1200 2482 aestimassent
1246 2444 1387 2474 tantum
1443 2440 1584 2473 solvere

922 2489 1085 2521 iussisse.
1117 2489 1208 2521 Eum
1231 2486 1316 2519 aliis
1338 2486 1448 2518 etiam
1465 2485 1586 2518 condi·

923 2533 1083 2566 tionibus
1099 2532 1262 2565 docuisse
1278 2533 1488 2572 argumento
1503 2533 1588 2562 sunt

924 2589 981 2617 ea,
998 2587 1091 2619 quae
1108 2577 1239 2609 deeius
1253 2574 1318 2608 lite
1335 2584 1414 2606 cum
1429 2573 1586 2607 Euathlo

926 2621 1072 2654 tradunt
1089 2620 1262 2663 Apuleius
1284 2618 1379 2651 mor.
1398 2618 1459 2653 1v.
1479 2619 1532 2651 18.
1550 2622 1587 2651 et

927 2666 1126 2698 GelliusN.
1144 2665 1185 2698 Δ.
1202 2664 1244 2696 V.
1269 2665 1319 2696 10.
1346 2662 1433 2695 Cum
1458 2652 1586 2705 quibus

929 2711 1110 2743 consentit
1174 2708 1356 2750 Diogenes
1405 2707 1586 2745 Laertius,

929 2755 990 2796 qui
1012 2754 1088 2793 (IX.
1112 2753 1170 2795 59)
1199 2752 1432 2794 Protagoram
1454 2751 1544 2784 dicit
1563 2761 1587 2783 a

929 2798 1081 2841 singuiis
1122 2796 1310 2840 discipulis
1346 2795 1587 2830 institutionis
