1682 2944
250 279 300 313 24
717 271 1107 311 PROLEGOMENA

253 398 335 424 esse
354 384 553 423 evincitur.
564 404 619 411 —
635 383 755 421 Docet
780 381 882 420 enim
902 381 1074 420 Socrates
1093 381 1194 419 bona
1213 384 1253 419 et
1271 380 1371 418 mala
1388 393 1583 431 nunquam

253 440 366 479 simul
395 440 538 486 amitti,
577 439 643 476 scd
679 438 842 476 alterum
879 449 1027 487 semper
1054 437 1211 475 alterius
1240 436 1363 474 locum
1391 448 1583 486 occupare.

254 497 383 544 Longe
412 495 525 533 aliam
553 499 681 532 autem
709 506 792 531 esse
818 492 1005 530 rationem
1040 492 1095 530 ait
1121 492 1259 530 doloris
1288 497 1328 530 et
1355 491 1582 541 voluptatis:

254 552 354 589 hanc
391 550 492 588 enim
529 562 608 587 una
645 562 730 587 cum
767 549 831 586 illo
859 561 971 597 saepe
1010 544 1111 585 finiri
1141 559 1218 585 uno
1255 547 1462 597 eodemque
1490 551 1583 584 tem-

254 619 344 656 pore
391 618 514 656 neque
560 604 703 643 diutius
741 617 785 642 eo
832 602 963 641 sentiri
973 602 1025 650 ⁴⁶).
1091 601 1199 643 Quae
1236 614 1296 640 res
1334 615 1408 653 quo
1447 601 1585 639 clarius

255 661 510 709 intelligatur,
548 673 667 711 quum
705 660 778 697 alia
815 659 927 696 affert
963 658 1003 695 in
1041 658 1226 703 medium,
1264 662 1346 696 tum
1373 657 1585 695 sitientium

256 717 543 767 bibentiumque
571 715 787 765 exemplum
823 716 1098 752 commemorat.
1154 713 1237 751 Hos
1272 713 1374 751 enim
1401 713 1456 751 ait
1482 713 1585 751 sitim

257 776 372 823 atque
409 772 645 821 voluptatem
682 770 845 808 bibendo
884 773 1100 819 perceptam
1137 768 1250 806 simul
1287 768 1480 806 amittere:
1521 768 1585 806 siti

258 827 359 866 enim
395 827 577 865 restincta
623 825 738 864 etiam
784 824 935 863 bibendi
974 823 1248 862 iucunditatem
1293 823 1405 861 finiri.
1480 822 1587 864 Quae

257 883 411 933 quidem
439 882 565 920 omnia
601 894 719 932 quum
756 881 811 919 ita
848 883 1064 929 comparata
1100 879 1196 925 sint,
1233 883 1278 917 ut
1316 892 1339 917 a
1366 878 1518 917 Callicle
1547 878 1587 915 in

258 938 416 976 dubium
446 937 571 975 vocari
601 949 677 974 non
697 935 924 987 queant“)‚
953 935 1136 981 Socrates,
1165 939 1210 972 ut
1234 934 1461 973 sententiam
1480 946 1588 971 suam

257 994 378 1041 magis
407 994 521 1031 etiam
552 992 757 1037 confirmet,
787 991 834 1028 ad
855 995 1033 1042 quartum
1054 990 1293 1040 progreditur
1311 994 1587 1038 argumentum,

259 1062 334 1099 quo
370 1048 460 1086 boni
498 1052 538 1086 et
575 1047 730 1085 iucundi
778 1050 954 1084 naturam
991 1045 1179 1083 diversam
1226 1058 1307 1083 esse
1344 1046 1588 1083 demonstret.

260 1105 301 1142 P.
333 1104 423 1142 497.
454 1105 501 1141 A.
531 1124 586 1130 —-
615 1103 660 1140 D.
717 1101 867 1140 Accidit
894 1113 1181 1151 saepenumero,
1220 1100 1366 1151 inquit,
1395 1104 1440 1138 ut
1467 1100 1589 1137 malus

260 1159 380 1208 magis
408 1160 470 1197 vel
497 1159 662 1207 gaudeat
688 1157 751 1196 vel
771 1158 897 1195 doleat
925 1169 1037 1207 quam
1066 1158 1189 1195 bonus
1217 1161 1256 1194 et
1274 1156 1470 1194 honestus.
1500 1155 1589 1193 vel-

259 1215 317 1253 uti
352 1214 509 1253 timidus
547 1219 661 1264 atque
696 1213 857 1261 ignavus
894 1212 1068 1250 hostibus
1104 1211 1493 1262 appropinquantibus
1528 1211 1590 1248 vel

260 1269 539 1307 discedentibus
577 1269 697 1307 multo
734 1267 998 1306 vehementius
1036 1267 1188 1315 angitur
1225 1271 1303 1318 aut·
1331 1267 1494 1304 laetatur
1533 1279 1589 1311 cc,

261 1325 327 1375 qui
357 1329 416 1363 est
443 1329 626 1362 strenuus·
660 1336 703 1361 ac
730 1323 850 1362 fortis.
909 1322 948 1360 Si
977 1322 1095 1370 igitur
1130 1322 1339 1359 iucundum
1375 1326 1414 1360 et
1451 1322 1592 1360 bonum

261 1385 362 1418 esset
388 1393 508 1417 unum
527 1380 714 1430 idemque,
743 1382 966 1429 sequeretur
986 1377 1112 1423 etiam,
1142 1381 1185 1415 ut
1212 1378 1347 1422 malus,
1376 1377 1467 1427 quia
1493 1378 1592 1415 bono

261 1435 526 1473 vehementius
555 1435 694 1483 gaudet
721 1439 760 1472 et
787 1434 873 1483 plus
901 1432 1062 1482 percipit
1088 1432 1308 1482 voluptatis,
1337 1432 1469 1470 melior
1494 1434 1592 1470 bono

261 1503 531 1540 saepenumero
559 1489 781 1527 iudicandus
809 1492 920 1526 esset.
977 1486 1063 1528 Qua
1090 1487 1238 1526 ratione
1265 1500 1376 1525 nemo
1412 1492 1471 1526 est
1499 1488 1592 1538 quin

260 1547 390 1584 videat
408 1559 557 1583 omnem
585 1545 666 1583 tolli
688 1544 899 1582 honestatis
919 1542 1202 1594 voluptatisque
1221 1542 1481 1581 diversitatem
1491 1542 1592 1590 W).

261 1603 303 1639 P.
335 1603 425 1639 497.
455 1602 499 1638 E.
540 1622 595 1627 -
633 1604 724 1637 499.
755 1602 801 1637 A.
841 1621 896 1626 —
933 1599 1031 1636 Tum
1070 1611 1160 1636 vero
1198 1598 1391 1643 Callicles,
1430 1611 1593 1636 errorem

262 1670 373 1694 suum
402 1656 535 1693 callide
564 1655 825 1700 dissimulans,
865 1655 1033 1692 Putasne
1061 1658 1124 1699 tu,
1155 1667 1176 1690 o
1205 1655 1321 1699 bone,
1349 1654 1494 1704 inquit,
1533 1667 1593 1691 me

263 1719 329 1749 aut
366 1711 540 1762 quemvis
578 1710 695 1748 alium
742 1709 933 1748 hominem
976 1722 1053 1747 non
1090 1709 1308 1747 existimare
1356 1709 1449 1746 alias
1486 1709 1594 1746 volu·
1634 1735 1647 1745 .

262 1772 387 1816 ptates
415 1779 497 1804 esse
525 1766 718 1811 meliores,
758 1765 851 1803 alias
888 1764 1059 1814 peiores?
1097 1763 1183 1805 Qua
1212 1764 1376 1802 hominis
1404 1764 1594 1802 sententia

263 1823 503 1871 comprobata
531 1822 703 1859 Socrates
732 1820 869 1858 deinde
897 1820 1146 1858 subtilissima
1174 1820 1503 1868 argumentatione
1531 1820 1594 1857 de-

262 1881 448 1915 monstrat
475 1878 728 1914 humanarum
757 1876 948 1914 actionum
975 1876 1091 1914 finem
1117 1888 1193 1912 non
1224 1875 1272 1913 ad
1300 1874 1395 1912 illud
1414 1880 1595 1924 spectare,

263 1934 364 1984 quod
400 1933 607 1970 iucundum
645 1932 898 1981 appellemus,
937 1932 1003 1969 sed
1041 1930 1151 1968 unice
1190 1930 1238 1968 ad
1272 1931 1415 1968 bonum
1450 1931 1595 1968 referri.

263 1987 390 2029 Quum
428 2001 477 2025 ex
515 1991 583 2025 tua
618 1987 738 2036 ipsius
777 1986 987 2033 sententia,
1034 1986 1181 2037 inquit,
1219 1986 1462 2035 voluptatum
1499 1986 1596 2023 aliae

262 2045 394 2089 bonae,
425 2043 521 2080 aliae
551 2042 671 2079 malae
699 2042 787 2087 sint,
826 2042 915 2080 illae
943 2047 1072 2080 autem
1098 2041 1232 2087 utiles,
1272 2041 1344 2078 hae
1372 2041 1528 2078 inutiles
1557 2046 1596 2078 et

262 2098 399 2136 noxiae
428 2098 562 2135 merito
591 2098 823 2143 habeantur,
854 2096 1037 2147 sequitur,
1066 2100 1112 2135 ut
1136 2097 1208 2133 hae
1229 2096 1486 2145 aspernandae
1507 2095 1595 2140 sint,

263 2154 351 2191 illae
380 2166 470 2191 vcro
497 2153 608 2190 unice
636 2152 882 2201 expetendae.
939 2152 1077 2202 Itaque
1114 2155 1264 2190 tantum
1292 2152 1419 2196 abest,
1457 2156 1500 2188 ut
1530 2164 1595 2188 vo-

263 2208 422 2259 luptatis
443 2220 576 2246 caussa
593 2207 801 2258 quidquam
820 2207 1015 2253 faciamus,
1043 2211 1089 2245 ut
1106 2206 1173 2244 illa
1190 2206 1284 2255 ipsa,
1314 2219 1412 2257 quae
1431 2206 1596 2244 iucunda

264 2269 373 2310 sunt,
412 2265 595 2302 bonorum
624 2263 748 2311 gratia
776 2263 949 2311 eligenda
977 2267 1017 2300 et
1045 2262 1260 2312 expetenda
1287 2261 1510 2307 videantur,
1548 2262 1595 2299 de

264 2333 342 2370 qua
369 2332 409 2357 re
438 2319 553 2357 etiam
583 2318 715 2356 Polum
753 2318 1023 2356 assentientem
1059 2317 1238 2365 habeo†).
1277 2318 1318 2354 P.
1350 2322 1441 2355 499.
1471 2318 1513 2354 Β.
1542 2338 1597 2344 --

267 2379 357 2412 500.
370 2375 689 2412 A.—Transfert
707 2379 836 2412 autem
864 2374 957 2411 haec
976 2374 1023 2411 ad
1043 2377 1165 2411 artem
1182 2372 1385 2410 oratoriam
1413 2373 1596 2423 docetque

265 2430 496 2476 accuratius,
526 2443 592 2467 eur
619 2429 806 2467 rhetorice
833 2429 871 2466 in
902 2429 1159 2478 superioribus
1188 2430 1236 2466 ab
1267 2428 1483 2466 adulatione
1511 2440 1595 2477 pro·

332 2592 365 2631 *)
390 2591 487 2625 Conf.
511 2589 684 2624 Phaedon.
708 2601 740 2633 p.
763 2589 816 2623 60.
841 2591 878 2624 B.
904 2590 941 2625 C.
966 2591 1009 2625 D.

332 2636 386 2676 **)
411 2636 462 2667 De
485 2635 550 2667 hac
572 2635 863 2678 argumentatione
887 2634 975 2667 cons.
999 2634 1131 2667 Philcb.
1155 2645 1187 2677 p.
1210 2632 1266 2669 39.
1289 2634 1333 2666 D.
1355 2631 1409 2667 43.
1433 2633 1474 2667 A.

333 2680 406 2719 ***)
433 2679 485 2712 Ad
509 2679 593 2712 haee
616 2679 801 2712 contendas
823 2678 954 2712 Philob.
979 2689 1011 2721 p.
1034 2678 1088 2714 45.
1113 2680 1151 2713 C.
1174 2679 1214 2713 E.
1238 2677 1292 2713 55.
1314 2678 1355 2711 Β.

332 2726 368 2765 †)
392 2725 445 2756 De
468 2724 549 2757 boni
571 2728 606 2756 et
627 2723 767 2757 iucundi
790 2723 985 2757 discrimine
1009 2734 1040 2758 v,
1065 2728 1198 2766 prseter
1219 2733 1278 2764 ea,
1313 2732 1401 2767 quae
1424 2720 1524 2754 modo
1547 2721 1597 2754 in-

267 2768 464 2809 dicavimus,
488 2767 620 2803 Phileb.
643 2779 676 2812 p,
699 2767 752 2805 12.
777 2769 815 2802 C.
838 2778 932 2811 seqq.
