1682 2944
546 521 1073 573 PROLEGOMENA

779 625 845 657 AD

359 705 778 771 GORGIAM
811 703 1265 769 PLATONIS.

216 905 507 956 Quadripartita
544 905 623 943 erit
655 904 778 942 omnis
814 904 910 942 haec
949 916 1065 954 quam
1102 900 1322 940 instituturi
1351 912 1485 939 sumus

131 963 179 1000 de
210 963 352 1011 Gorgia
379 962 554 1000 Platonis
582 961 811 1013 disquisitio.
868 959 1043 997 Primum
1079 958 1183 996 enim
1212 956 1485 1008 disputationis

132 1019 173 1056 in
202 1020 274 1057 hoc
301 1019 398 1057 libro
426 1018 583 1057 habitae
612 1030 802 1056 summam
830 1030 874 1054 eo
902 1017 1014 1054 modo
1042 1016 1263 1062 referemus,
1294 1018 1339 1052 ut
1366 1026 1483 1065 quae-

132 1088 220 1113 nam
275 1076 311 1113 ei
350 1075 524 1114 subiecta
571 1074 623 1113 sit
668 1074 831 1112 materia
878 1085 1054 1124 quaeque
1099 1071 1216 1109 huius
1265 1071 1387 1120 ipsius
1433 1070 1484 1108 sit

130 1132 322 1179 tractatio,
351 1132 407 1170 ita
434 1131 699 1182 perspiciatur,
729 1135 774 1169 ut
802 1143 880 1167 non
901 1130 1013 1167 modo
1043 1128 1261 1166 difficillimi
1287 1131 1327 1166 et
1354 1139 1484 1165 rerum

131 1188 320 1227 varietate
360 1189 565 1226 admodum
593 1187 769 1237 impediti
806 1186 992 1225 sermonis
1021 1191 1208 1237 tanquam
1244 1184 1320 1223 iter
1358 1183 1482 1234 aperi-

132 1249 238 1291 atur,
274 1258 411 1283 verum
449 1245 567 1283 etiam
606 1243 823 1292 legentibus
862 1243 974 1294 quasi
1011 1242 1122 1280 filum
1161 1241 1354 1292 quoddam
1393 1240 1482 1277 Ari-

133 1302 299 1338 adneum
338 1301 533 1347 tradatur,
570 1299 679 1337 cuius
708 1299 889 1349 prudenti
904 1302 992 1337 'usu
1021 1311 1170 1336 omnem
1209 1297 1483 1347 disputationis

133 1356 236 1395 viam
265 1360 305 1394 et
330 1356 518 1395 rationem
556 1356 680 1394 tutius
708 1368 904 1405 permeare
940 1358 1096 1406 queant.
1154 1353 1267 1395 Quod
1303 1356 1405 1391 certe
1434 1354 1482 1390 ad

131 1413 331 1451 Platonem
358 1412 653 1461 intelligendum
680 1416 832 1450 tantum
858 1411 990 1451 valere
1018 1415 1211 1461 putamus,
1241 1414 1287 1448 ut
1315 1410 1383 1462 qui
1412 1409 1483 1448 tali

131 1469 306 1507 lectionis
335 1469 557 1507 adiumento
587 1472 762 1516 careant,
802 1468 917 1519 quale
953 1480 1170 1518 comparare
1199 1480 1291 1505 sane
1330 1466 1481 1504 diffieil-

130 1525 266 1563 limum
294 1538 378 1563 esse
407 1525 471 1564 vel
500 1539 551 1564 ex
588 1539 632 1563 eo
661 1525 911 1573 intelligitur,
955 1525 1058 1576 quod
1096 1523 1163 1575 qui
1192 1536 1317 1573 nuper
1344 1524 1392 1561 de
1422 1536 1481 1560 ar-

131 1582 325 1630 gumentis
361 1586 401 1620 et
431 1582 598 1620 consiliis
636 1581 821 1621 librorum
858 1581 1146 1620 Platonicorum
1184 1579 1367 1618 subtilius
1405 1579 1482 1617 dis-

129 1642 266 1687 putare
293 1638 559 1685 instituerunt,
586 1638 614 1675 ii
643 1651 721 1676 non
749 1638 865 1676 aliam
893 1639 942 1676 ob
962 1650 1137 1676 caussam
1165 1637 1213 1674 ad
1233 1636 1350 1674 miras
1368 1649 1482 1686 saepe

131 1707 254 1743 nugas
291 1695 438 1744 delapsi
476 1699 587 1741 sunt,
637 1708 754 1746 quam
791 1695 895 1746 quod
932 1707 1010 1732 non
1046 1697 1257 1733 tenuerunt
1294 1693 1480 1731 librorum

130 1763 328 1797 summam,
359 1755 404 1789 ut
430 1751 551 1800 igitur
577 1751 647 1798 illi,
677 1751 743 1803 qui
772 1751 842 1790 tali
871 1754 1027 1789 careant
1052 1751 1274 1789 adimente
1304 1754 1344 1788 et
1370 1762 1480 1798 prae-

131 1807 247 1854 sidio,
264 1826 272 1834 ·
285 1807 448 1845 multam
475 1807 516 1845 in
544 1808 706 1857 legendo
744 1821 899 1858 operam
926 1808 1071 1846 frustra
1099 1806 1336 1845 consumturi
1374 1806 1480 1844 vide-

130 1868 255 1902 antur.
340 1864 528 1914 Exposita
594 1867 726 1903 autem
790 1864 1063 1914 disputationis
1127 1875 1278 1902 summa
1343 1862 1481 1901 deinde

130 1932 359 1975 quaeremus
405 1921 452 1958 de
501 1920 585 1957 eius
624 1920 782 1958 consilio
831 1924 871 1959 et
907 1920 1122 1970 proposito,
1170 1919 1361 1970 siquidem
1407 1919 1481 1956 hoc

130 1976 285 2013 demum
312 1975 494 2024 indagato
513 1976 597 2014 fieri
625 1976 778 2026 poterit,
806 1979 851 2015 ut
879 1977 927 2014 ad
955 1977 1167 2026 pleniorem
1186 1975 1478 2014 accuratiorem-

129 2045 206 2082 que
245 2032 417 2070 universi
456 2033 580 2081 operis
609 2032 907 2082 intelligentiam
942 2033 1203 2083 perveniatur.
1263 2033 1348 2070 Iam
1386 2045 1478 2071 vero

129 2088 245 2126 huius
273 2088 328 2126 rei
357 2089 582 2140 quaestione
611 2089 788 2128 absoluta
802 2089 918 2128 tertio
946 2090 1026 2127 loco
1046 2089 1329 2140 disputabimus
1359 2089 1478 2127 etiam

128 2144 176 2182 de
202 2157 331 2182 rerum
357 2144 606 2194 dispositione
634 2148 752 2197 atque
780 2150 862 2184 arte
897 2146 1198 2196 compositionis,
1240 2159 1319 2197 qua
1350 2146 1475 2195 philo-

127 2201 271 2250 sophus
298 2201 340 2238 in
367 2203 566 2240 tractando
594 2201 867 2252 disputationis
896 2206 1123 2251 argumento
1151 2216 1245 2240 usus
1275 2202 1341 2240 sit.
1393 2201 1479 2244 Quo

127 2256 210 2306 ipso
249 2257 456 2304 efficietur,
504 2262 549 2296 ut
595 2259 698 2310 quod
744 2259 1053 2309 proposuerimus
1097 2260 1144 2297 de
1192 2272 1342 2297 summa
1389 2259 1479 2297 libri

128 2313 323 2351 sententia
351 2318 391 2351 et
418 2314 556 2352 ultima
588 2315 738 2354 ratione
764 2315 949 2354 iudicium
976 2315 1118 2355 certius
1145 2315 1393 2362 confirmetur
1421 2320 1478 2354 at-

76 2370 90 2381 ‘
129 2382 204 2420 que
232 2369 389 2407 uberius
414 2369 642 2409 illustretur.

212 2425 390 2476 Denique
408 2426 525 2464 etiam
545 2428 593 2465 de
612 2428 850 2477 temporibus
871 2428 1161 2477 explicabimus,
1190 2429 1331 2479 quibus
1353 2442 1476 2466 sermo

129 2481 192 2519 vel
221 2482 386 2531 scriptus
415 2482 467 2520 sit
493 2483 557 2521 vel
595 2484 751 2522 habitus
778 2485 968 2533 fingatur,
1007 2483 1319 2536 quandoquidem
1358 2485 1475 2523 etiam

127 2537 266 2575 harum
292 2551 422 2575 rerum
449 2539 589 2577 notitia
617 2541 665 2577 ad
682 2541 802 2579 totius
831 2541 956 2591 operis
985 2541 1154 2580 rationes
1176 2546 1292 2593 atquc
1322 2555 1477 2579 caussas

128 2593 170 2630 in
206 2594 415 2632 illustriore
452 2594 538 2633 luce
571 2598 767 2645 ponendas
804 2610 882 2634 non
920 2611 998 2634 una
1034 2611 1083 2635 ex
1111 2602 1220 2647 parte
1249 2599 1322 2636 erit
1349 2598 1475 2636 utilis-

128 2649 235 2687 sima.
301 2650 376 2688 His
413 2651 589 2689 omnibus
633 2656 764 2691 autem
802 2658 999 2704 utcunque
1038 2654 1256 2692 dilucidatis
1298 2655 1476 2692 futurum

128 2719 211 2744 esse
238 2719 452 2756 speramus,
492 2711 538 2746 ut
565 2709 667 2758 apud
695 2709 869 2748 Platonis
899 2710 1060 2757 amicos,
1098 2711 1181 2750 sive
1208 2710 1285 2749 illis
1313 2714 1476 2749 utantur
