1676 2938
363 156 607 197 GORGIAS.
636 156 681 196 P.
712 159 815 197 519..
838 159 931 197 520.
961 157 1022 196 ed.
1053 158 1111 197 st.

1356 161 1438 199 319

83 276 151 309 σοι
194 269 356 320 α”λογον
403 262 514 308 εἶναι
551 267 726 321 ἀγαθὸν
754 267 990 319 ,φάσκοντα
1027 266 1305 322 πεποιηκέναι
1341 267 1439 314 τινὰ

83 329 328 387 μέμφεσθαι
365 332 526 388 τούτῳ,
569 329 634 375 ὅτι
670 327 742 384 ὑφ’
782 330 942 375 ἑαυτοῦ
979 333 1149 387 ἀγαθὸς
1176 329 1368 387 γεγονώς
1394 348 1438 375 τε

82 396 155 439 καὶ
173 396 236 439 ὢν
256 395 399 440 ἔπειτα
418 399 609 453 πονηρός
629 397 765 447 ἐστιν;
796 399 934 440 ΚΑΛ.
952 393 1127 452 ’Ἑμοιγε
1155 398 1284 442 δοκεῖ.
1333 400 1439 442 ΣΩ.

87 464 264 505 Οὐκοῦν
301 464 471 513 ἀκούεις
496 471 675 506 τοιαῦτα
701 464 916 517 λεγόντων
942 467 1030 506 τῶν
1058 465 1317 517 φασκόντων
1343 478 1437 508 παιή

82 529 222 571 δεύειν
259 526 526 583 ἀνθρώπους
553 530 612 579 εἰς
638 530 818 585 α’ρετήνς
871 531 1009 571 ΚΑΛ.
1036 527 1225 584 ”Εγωγε.
1265 530 1372 573 ἀλλὰ
1399 532 1441 587 ve}
1469 531 1553 573 520

83 593 138 635 ἂν
174 594 314 648 λέγοις
349 595 596 648 ἀνθρώπων
633 593 731 649 πέρι
770 595 948 644 οὐδενὸς
975 595 1127 646 aiginam
1167 598 1270 638 ΣιΩι.
1316 597 1367 655 Τί
1396 592 1435 638 δ’

83 659 138 701 ἂν
178 660 273 714 περὶ
310 658 486 713 ἐκείνων
520 659 680 715 λέγοις,
721 663 764 704 οἳ
800 662 1040 716 φάσκοντες
1077 663 1337 715 προεστάναι
1363 669 1439 718 τῆς

82 726 244 775 πόλεως
269 741 342 768 και
370 722 674 781 ἐπιμελεῖσθαι,
702 727 817 776 ὅπως
844 726 903 776 ὡς
930 727 1123 805 βελτίστη
1151 726 1278 779 ἔσται,
1302 729 1438 770 πάλιν

82 792 211 846 αὐτῆς
251 798 588 846 κατηγοροῦσιν,
630 792 736 834 ὅταν
772 793 977 847 τύχωσιν,
1022 795 1080 843 ὡς
1116 795 1437 849 πονηροτάτης;

83 858 162 899 οἴει
199 873 238 899 τι
277 857 498 912 διαφέρειν
530 858 715 908 τούτους
742 857 941 909 ἐκείνων,·
981 860 1152 910 ταύτόν,
1193 862 1227 902 ὠ
1254 858 1437 915 μακάρι’,

81 921 165 964 ἐστὶ
205 923 413 978 σοφιστης
438 923 510 966 καὶ
538 923 726 978 ῥήτωρ,
743 924 769 978 ἢ
799 923 926 978 ἐγγύς
953 941 993 967 τι
1021 925 1092 967 καὶ
1119 928 1436 982 παοαπλήσιον,

81 987 219 1042 ὥςπερ
257 988 339 1043 ἐγὼ
374 987 522 1044 ἔλεγον
557 991 874 1045 πρὸςΠῶλον.
903 990 958 1032 σὺ
996 991 1042 1034 δὲ
1080 989 1130 1033 δι’
1165 994 1350 1046 ἄγνοιαν
1387 992 1436 1035 τὸ
1467 991 1505 1033 Β

79 1053 158 1108 μὲν
174 1054 396 1108 πάγκαλόν
419 1071 460 1097 τι
488 1055 567 1098 οἴει
595 1053 719 1110 εἶναι,
748 1055 828 1111 τὴν
857 1056 1104 1112 ῥητορικήν,
1132 1064 1211 1100 τοῦ
1238 1056 1284 1100 δὲ
1311 1074 1436 1101 κατα-

148 1171 714 1223 έθέλωνᾶποκρίνεσθαι]
750 1180 867 1224 steph.
892 1191 970 1214 omn
994 1182 1072 1215 Par.
1096 1182 1137 1215 E.
1162 1158 1436 1225 dnonpi'vaooac.

149 1270 186 1301 Ρ.
209 1268 288 1303 520.
342 1270 390 1304 Τι
419 1267 447 1302 δ’
478 1268 530 1302 ἂν
562 1272 670 1312 περὶ
708 1270 782 1315 ε’κ.]
821 1272 1044 1306 Heindorfius
1075 1267 1120 1305 αὖ
1152 1283 1256 1315 corr„
1297 1278 1436 1318 recepta

78 1313 246 1348 librorum
264 1315 484 1358 quorundam
506 1316 655 1350 lectione
677 1316 795 1361 λέγεις.

125 1429 168 1461 D.
227 1425 288 1462 Ὡς
333 1426 408 1472 ἄλη
416 1430 506 1464 θῶς
549 1429 568 1462 δ
580 1428 745 1477 ημηγ.]ι

79 1474 210 1518 Tangit
230 1474 293 1508 illa
317 1441 475 1508 Callnielis
492 1487 531 1522 p.
551 1442 630 1509 482.
654 1476 693 1509 C.

125 1541 210 1584 Cap.
241 1542 381 1575 LXXV.
435 1544 475 1576 E.
530 1541 721 1585 συχνοὺς

80 1589 220 1619 τείνω
234 1591 324 1620 τών-
337 1587 495 1632 λόγων]
522 1589 720 1622 Dic-,tionem

77 1631 251 1666 illustravi
269 1634 313 1666 ad
329 1644 362 1676 p.
377 1634 454 1668 465.
472 1636 512 1667 Ε.
559 1635 627 1667 Pro
651 1638 721 1667 τῶν

76 1676 188 1721 λόγων
221 1689 239 1711 e
269 1679 407 1722 vulgari
442 1682 575 1713 ratione
605 1680 721 1713 dieen-

77 1723 158 1756 dum
188 1724 255 1757 fuit
287 1725 366 1759 τοὺς
398 1724 534 1769 λογους.
589 1726 656 1759 Sed
687 1737 720 1758 v.

77 1769 231 1802 Matth.
257 1771 288 1810 ἓ.
311 1769 389 1804 320.
421 1777 456 1803 et
486 1781 574 1814 quae
598 1772 720 1815 scripsi

76 1814 120 1847 ad
145 1814 301 1858 Sympos.
325 1827 358 1859 p.
379 1815 459 1850 209.
482 1818 525 1850 Α.

123 1882 226 1916 εἰπὲ
258 1882 367 1926 πρὸς
401 1884 573 1938 qagzc'ov]
614 1886 719 1918 Intel-

75 1928 196 1971 ligitur
217 1930 349 1972 Iupiter
375 1930 546 1963 amicitiae
567 1941 719 1974 praeses,

77 1973 118 2006 de
136 1985 257 2016 q.uov
281 1976 473 2019 Bergler.
497 1976 542 2009 ad
564 1977 719 2020 Alciphr.

76 2029 107 2061 p.
134 2018 214 2053 24.3
252 2020 475 2055 Ruhnken.
508 2021 553 2055 ad
584 2023 716 2056 Timae-

76 2075 110 2106 p
140 2064 216 2099 124.
278 2066 480 2102 Oreuzer.
519 2068 562 2100 ad
605 2068 717 2103 Procl.

75 2120 110 2152 p.
132 2109 210 2144 238.
234 2112 275 2144 Τ.
294 2111 320 2144 Ι.
353 2112 546 2156 Euthyphr.
570 2124 604 2157 p.
620 2114 651 2149 6.
671 2115 715 2146 B:

76 2153 160 2188 ἀλλά
183 2167 241 2196 μοι
262 2156 342 2190 εἰπὲ
363 2157 454 2200 πρὸς
467 2160 599 2200 φιλίου.
625 2160 717 2195 conf.

76 2211 180 2243 supra
209 2212 242 2244 p.
273 2201 351 2236 500.
382 2205 424 2237 Β.
465 2223 509 2229 -
554 2205 716 2243 ἔπειτα,

77 2250 232 2279 tamen.
255 2258 288 2280 V.
309 2248 353 2281 ad
368 2250 578 2304 Phaedon-p
581 2249 661 2284 ..70
675 2251 716 2283 Ε.

121 2293 158 2325 Ρ.
182 2291 261 2326 520.
294 2291 397 2327 ἀλλὰ
422 2297 462 2328 τί
483 2292 534 2327 ἂν
557 2313 600 2320 --
625 2293 715 2338 ἀξι-

75 2337 179 2416 ἷῖἐέέ
200 2337 283 2417 {551¹
285 2349 394 2418 ⁸32⁰.ss
406 2340 717 2420 Ἐῗιὶῖέῗιοῗιῗίἕ.

74 2429 110 2460 in
134 2430 375 2473 Protagoram,
405 2431 602 2473 Prodicum,
627 2432 716 2466 alios

75 2474 213 2508 virtutis
227 2477 428 2520 magistr083
453 2487 534 2510 nam
552 2478 716 2521 Gorgiam

74 2530 111 2552 se
144 2531 215 2553 non
246 2523 403 2563 virtutis,
433 2522 494 2555 sed
522 2522 660 2555 dicendi
681 2528 717 2557 et

74 2565 284 2607 reipublicae
293 2567 495 2600 tractandae
514 2569 715 2611 magistrum

74 2611 266 2652 professum
297 2623 372 2646 esse
398 2613 500 2646 docet
521 2613 620 2647 loeus
642 2615 716 2647 Me-

75 2657 177 2689 nonis
206 2668 237 2699 p.
270 2655 324 2691 95.
357 2658 395 2691 C.
465 2659 626 2693 Ceterum
670 2671 715 2693 ne

73 2702 206 2735 mireris
219 2702 412 2745 Calliclem,
434 2705 547 2737 virum
564 2703 715 2747 civilem,

789 1431 828 1463 in
876 1430 1050 1474 sophistas
1097 1435 1167 1465 tam
1211 1431 1436 1465 inclementer

789 1476 931 1517 invehi;
962 1477 1082 1510 eodem
1112 1476 1214 1510 modo
1236 1478 1375 1521 Anytus
1398 1479 1434 1511 in

789 1522 939 1555 Menone
962 1533 996 1566 p.
1020 1521 1074 1556 91.
1100 1522 1152 1564 C.,
1176 1523 1238 1556 ubi
1260 1535 1293 1556 v.
1317 1527 1436 1557 annot.

790 1567 940 1602 caussas
974 1568 1078 1601 huius
1109 1569 1180 1603 odii
1210 1571 1434 1612 exposuimus

788 1613 948 1658 Prolegg.
973 1614 1017 1647 ad
1040 1614 1192 1658 Euthyd.
1216 1625 1249 1658 p.
1273 1613 1324 1648 61·
1341 1627 1411 1659 seq.

835 1679 941 1713 ὅταν
966 1679 1173 1726 τῖ’χωσιν]
1199 1683 1235 1715 si
1259 1683 1433 1724 quando

789 1732 1015 1782 accnusant.
1069 1728 1181 1770 Supra
1211 1739 1244 1771 p.
1275 1727 1353 1761 518.
1386 1729 1433 1761 C:

789 1773 833 1810 οἵ,
857 1770 904 1805 ἂν
927 1771 1017 1805 οὕτω
1043 1772 1206 1815 τύχωσιν,
1236 1772 1432 1817 ἐμπλήσαι-

790 1829 843 1851 τες
859 1837 905 1842 -
921 1819 1214 1860 προςαπολοῦσυ.
1250 1821 1433 1862 Perperam

788 1863 1172 1897 Findeisenius:
1202 1865 1431 1907 „quando

789 1909 1022 1942 civitatem
1051 1920 1174 1952 quam
1199 1911 1432 1953 improbis-

789 1954 939 1987 simam
984 1956 1165 1998 experti
1211 1956 1431 2018 fuerunt.''

787 1999 852 2032 Int.
877 2003 1162 2044 κατηγοροῦντες.

834 2066 962 2101 ταύτό
978 2081 1012 2107 ν,
1035 2069 1062 2102 ὠ
1082 2075 1186 2109 aaz„
1199 2088 1242 2093 —
1259 2067 1280 2114 ἦ
1300 2068 1432 2114 ἐγγύς

788 2125 823 2146 τι
847 2114 917 2147 καὶ
943 2112 997 2158 π.]
1034 2115 1193 2158 Sympos.
1223 2126 1257 2158 p.
1279 2114 1358 2150 202.
1382 2117 1430 2149 Β·

786 2158 896 2202 μηδέι
913 2166 940 2192 ’τι
963 2161 1092 2200 μᾶλλον
1115 2161 1196 2194 οἴου
1222 2161 1302 2194 δεῖν
1326 2159 1433 2194 αὐτὸν

787 2203 935 2247 αἰσχρὸν
950 2206 1006 2238 καὶ
1023 2203 1132 2238 κακὸν
1156 2219 1214 2239 ει]
1217 2218 1260 2243 αι
1285 2204 1372 2240 ἀλλά
1395 2220 1431 2240 τι

786 2249 959 2292 μεταξύ.
1004 2250 1093 2284 Ibid.
1118 2257 1201 2285 sect.
1225 2252 1275 2285 D.
1309 2254 1343 2285 τί
1363 2264 1432 2286 ουν

786 2293 832 2328 ἂν
868 2314 914 2321 -
949 2297 1005 2340 εἴη
1044 2294 1064 2329 o‘
1097 2292 1232 2340 Ἑρως,·
1278 2297 1430 2341 θνητός,·

779 2339 919 2374 Ἠκιστά
932 2354 980 2385 γε.
1015 2339 1111 2375 Ἀλλὰ
1138 2345 1171 2375 τί
1189 2340 1281 2386 uriz,-
1299 2341 1428 2385 Ὥςπερ

786 2384 824 2419 τὰ
850 2385 1014 2428 πρότερα,
1040 2388 1120 2431 ἔφη,
1145 2387 1270 2430 μεταξὺ
1294 2389 1432 2432 θνητοῦ

785 2433 841 2464 καὶ
857 2430 1051 2465 ἀθανάτοι..
1090 2435 1205 2476 Atque
1221 2435 1271 2467 ita
1293 2435 1430 2488 saepius

785 2477 890 2533 ἐγγυς
914 2490 952 2517 τι,
975 2477 1104 2520 μεταξύ
1127 2491 1165 2518 τι,
1187 2478 1431 2524 παραπλήσιόν

786 2535 814 2556 τι
852 2519 946 2556 εἶπαι
985 2525 1144 2566 ponitur,
1187 2525 1251 2558 ubi
1287 2526 1430 2559 adiecti-

783 2579 867 2602 vum
896 2569 1050 2602 eiusdem
1079 2570 1347 2626 significationis
1370 2582 1428 2605 ex-

784 2615 1004 2656 speetaveris,

829 2658 975 2700 ὥςπερ
992 2657 1096 2704 ἐγώ
1132 2661 1303 2704 ἔλεγοι]
1345 2661 1425 2694 Vid.

782 2716 815 2747 p.
838 2704 920 2751 465.
941 2705 980 2740 C.
1001 2715 1035 2739 c.
1059 2706 1136 2741 XX.
