1690 2892
465 231 712 271 GORGIAS.
742 231 786 270 P.
818 231 911 269 507.
941 231 1002 269 ed.
1033 231 1089 269 St.
1373 231 1453 268 279

95 344 229 398 μηδὲν
257 343 428 384 δεῖσθαι
453 345 534 383 τοῦ
561 340 830 391 κολάζεσθαι,
872 337 948 380 ἐὰν
977 338 1022 380 δὲ
1050 339 1186 393 δεηθῇ
1214 337 1241 392 ἢ
1271 338 1400 387 αὐτὸς
1427 338 1453 392 ἢ

94 412 221 457 ἄλλος
257 423 320 457 τις
357 409 443 449 τῶν
482 406 675 457 οἰκείων,
713 405 740 459 ἢ
781 400 951 458 ἰδιώτης
987 404 1013 457 ἢ
1042 404 1187 454 πόλις,
1232 402 1454 446 ἐπιθετεόν

94 475 218 528 δίκην
255 473 324 515 καὶ
362 470 618 521 κολαστέον,
661 471 697 512 εἰ
733 468 873 524 μέλλει
910 470 1125 523 εὐδαίμων
1163 465 1285 511 εἶναι.
1327 463 1454 519 οὗτος

95 539 234 594 ἔμοιγε
262 538 382 580 δοκεῖ
406 538 432 580 ὁ
459 538 619 585 σκοπὸς
647 532 771 586 εἶναι,
810 535 919 588 πρὸς
947 533 1000 577 ὃν
1028 533 1242 589 βλέποντα
1270 535 1337 577 δεῖ
1362 537 1453 590 ζῆν,

94 604 165 647 καὶ
202 604 344 646 πάντα
380 604 439 652 εἰς
476 609 604 645 τοῦτο
642 601 694 643 τὰ
731 601 867 643 αὑτοῦ
894 601 1174 643 συντείνοντα
1201 600 1274 642 καὶ
1301 601 1353 643 τὰ
1380 607 1455 655 τῆς

94 672 277 719 πόλεως,
315 665 431 718 ὅπως
466 668 719 722 δικαιοσύνη
755 665 960 720 παρέσται
999 666 1072 709 καὶ
1101 667 1364 720 σωφροσύνη
1392 672 1452 718 τῷ

93 735 290 792 μακαρίῳ
311 733 504 788 μέλλοντι
528 732 715 784 ἔσεσθαι,
745 732 857 775 οὕτω
876 733 1091 786 πράττειν,
1121 733 1201 773 οὐκ
1221 730 1453 786 ἐπιθυμίας
1483 736 1520 779 Ε

95 801 230 844 ἐῶντα
252 801 515 849 ἀκολάστους
535 795 646 841 εἶναι
665 799 735 841 καὶ
753 800 909 848 ταύτας
928 797 1223 853 ἐπιχειροῦντα
1242 800 1452 852 πληροῦν,

95 869 312 923 ἀνήνυτον
340 866 488 917 κακόν,
526 868 685 920 λῃστοῦ
713 865 812 918 βίον
840 867 989 916 ζῶντα.
1020 867 1117 906 οὔτε
1146 863 1228 917 γὰρ
1257 863 1313 905 ἂν
1339 866 1453 919 ἄλλῳ

95 929 315 988 α’νθρώπῳ
353 929 591 986 προςφιλὴς
629 931 684 972 ἂν
721 931 784 985 εἴη
822 930 846 972 ὁ
873 936 1069 979 τοιοῦτος
1096 932 1194 971 οὔτε
1222 933 1334 983 θεῷ·
1363 944 1450 971 κοι-

94 1002 252 1041 νωνεῖν
286 997 369 1052 γὰρ
406 997 638 1046 ἀδύνατος·
680 993 764 1052 ὅτῳ
799 995 845 1038 δὲ
882 996 940 1050 μὴ
970 993 1033 1037 ἔνι
1061 995 1289 1044 κοινωνία,
1332 995 1453 1049 φιλία

95 1066 175 1107 οὐκ
213 1063 269 1106 ἂν
306 1063 381 1118 εἴη.
411 1062 518 1116 φασὶ
545 1058 583 1104 δ’
615 1062 658 1105 οἷ
683 1062 828 1115 σοφοί,
869 1056 902 1103 ὦ
933 1062 1195 1111 Καλλίκλεις,
1225 1059 1297 1102 καὶ
1326 1061 1453 1112 οὐρα-

95 1132 175 1173 νὸν
213 1129 282 1172 καὶ
322 1135 406 1183 γῆν
442 1128 513 1171 καὶ
553 1127 686 1177 θεοὺς
722 1126 794 1170 καὶ
823 1128 1087 1181 ἀνθρώπους
1115 1126 1194 1181 τὴν
1219 1126 1454 1168 κοινωνίαν

163 1263 209 1296 τὰ
246 1261 382 1296 αὑτοῦ
419 1261 636 1306 συντειν.]
689 1262 780 1295 Ante
823 1259 860 1295 τὰ
895 1259 1005 1294 αὑτοῦ
1039 1261 1132 1294 Flor.
1164 1261 1195 1293 b.
1231 1264 1267 1293 et
1299 1261 1378 1293 Par.
1410 1260 1453 1292 V.

96 1309 226 1342 addunt
256 1311 330 1347 καί,
368 1308 460 1351 quod
489 1309 620 1352 recepit
650 1308 842 1341 Bekkerus.
896 1307 966 1341 Sed
996 1318 1066 1340 non
1098 1310 1260 1350 putamus
1291 1317 1385 1338 nunc
1413 1317 1453 1338 eo

94 1355 263 1389 vocabulo
288 1365 374 1397 opus
398 1364 485 1386 esse.

162 1447 202 1479 E.
251 1443 363 1478 οὕτω
398 1443 629 1488 πράττειν]
673 1441 717 1476 οὐ
749 1443 796 1488 τῷ
826 1443 965 1484 Clark,
1009 1453 1097 1485 quae
1133 1443 1303 1485 scriptura
1341 1441 1455 1484 prodit

95 1491 344 1524 dubitationem
380 1490 422 1523 de
456 1500 523 1523 usu
558 1490 663 1522 huius
698 1489 886 1530 formulae,
929 1499 1031 1532 quem
1066 1489 1158 1521 infra
1191 1488 1454 1520 illustravimus.

95 1537 189 1569 Idem
212 1536 302 1569 liber
325 1536 404 1569 dein
429 1546 509 1569 cum
532 1536 611 1568 Vat.
635 1534 691 1568 καὶ
718 1534 821 1568 ταῦτα
846 1534 928 1576 ἐπιχ.

96 1647 276 1692 ι’διιότης
303 1647 322 1692 ἢ
348 1647 490 1691 πόλις]
529 1648 738 1691 Saepissime

97 1693 235 1737 ἰδιώτης
272 1698 306 1727 et
346 1693 441 1729 πόλις
482 1695 533 1727 sic
571 1694 663 1726 inter
702 1704 738 1726 se

95 1744 324 1794 opponuntur.
370 1741 424 1772 De
452 1739 596 1782 Republ.
622 1740 681 1771 VI.
706 1750 738 1794 p.

96 1785 172 1819 501.
197 1786 245 1818 Α.
277 1783 359 1849 μηῖτε
391 1783 533 1818 ἰδιώτου
565 1783 648 1827 μήτε
675 1782 738 1816 πό-

96 1833 182 1864 λεως
220 1849 265 1854 -
293 1831 473 1870 -αψασθαι,
535 1830 740 1862 1bid.V11.

95 1887 128 1918 p.
143 1874 219 1909 536.
236 1876 276 1908 A.
303 1875 474 1908 Alcibiad.
496 1876 522 1910 Ι.
543 1886 576 1917 p.
593 1874 670 1908 134.
690 1876 740 1907 E:

98 1924 131 1954 τί
158 1919 194 1953 τὸ
218 1918 315 1955 εἰκὸς
341 1921 550 1962 συμβαίνειν
576 1918 693 1962 ἰδιώτῃ
720 1918 740 1963 ἦ

97 1967 152 1999 καὶ
186 1964 280 1999 πόλει
288 1977 300 2005 ;
334 1966 507 1998 Alcibiad.
532 1966 575 1997 ΙΙ.
606 1976 638 2008 p.
664 1964 740 1998 150.

97 2013 144 2044 A:
191 2010 297 2044 πολλὰ
342 2008 371 2043 δ’
419 2010 472 2045 εἰς
521 2008 740 2052 ἀνθρώπους

98 2055 332 2100 ἡμαρτηκότας
352 2057 407 2088 καὶ
429 2054 574 2099 ἰδιώτην
596 2056 652 2088 καὶ
680 2055 741 2088 πό-

97 2105 149 2135 λιν
188 2103 285 2144 ἔχειν.
326 2102 435 2145 Legg.
465 2102 493 2135 I.
528 2112 561 2144 p.
592 2100 669 2135 645.
688 2090 741 2133 Ἣ.

96 2146 174 2180 641.
198 2149 239 2180 A.
277 2147 337 2180 IX.
361 2158 394 2190 p.
417 2146 495 2181 864.
525 2148 567 2179 A.
610 2147 742 2189 Cratyl.

98 2204 130 2236 p.
153 2191 231 2226 385.
254 2193 297 2225 A.
335 2193 441 2225 Plura
475 2192 607 2225 dabunt
636 2193 741 2224 inter-

98 2242 210 2280 pretes
256 2238 289 2270 D
301 2248 318 2269 e
329 2249 361 2270 m
369 2249 390 2271 ο
398 2249 414 2271 s
424 2237 467 2270 th
478 2250 496 2271 e
504 2249 538 2270 n.
575 2238 740 2280 Apparat.

99 2283 324 2316 Sehaefer.
351 2284 393 2316 Τ.
415 2283 476 2316 IV.
499 2294 534 2326 p.
549 2281 586 2316 4.
614 2284 741 2316 Veram

97 2340 173 2362 esse
207 2329 393 2361 lectionem
428 2328 607 2372 vulgatam
638 2330 742 2361 etiam

98 2386 142 2407 ex
166 2384 206 2406 eo
229 2377 381 2416 apparet,
410 2374 502 2416 quod
525 2374 686 2407 Socrates
708 2378 743 2407 et

97 2420 132 2452 in
148 2418 383 2462 superioribus
398 2418 440 2451 de
451 2419 564 2462 patria
575 2420 742 2452 iniuriosa

97 2465 303 2507 loquebatur
331 2475 366 2506 p.
387 2462 465 2498 480.
490 2465 548 2506 B.‚
583 2468 618 2498 et
648 2465 742 2498 dein-

99 2521 180 2552 ceps
204 2510 300 2542 addit
326 2510 427 2542 haec:
461 2508 500 2542 τὰ
523 2507 631 2542 αὑτοῦ
657 2521 740 2543 συν-

99 2558 256 2588 τείνοντα
305 2556 362 2587 καὶ
412 2552 451 2587 τὰ
495 2559 552 2598 τῆς
600 2554 741 2591 πόλεως.

100 2620 145 2625 —
168 2602 428 2633 συντείνειν
450 2612 483 2632 τι
503 2600 569 2635 εἴς
591 2613 642 2639 τι,
668 2602 743 2634 ali—

101 2645 202 2688 quid
245 2645 296 2678 ad
344 2644 523 2688 aliquid
567 2646 742 2688 referre,

100 2691 261 2733 frequens
290 2691 414 2731 dictio,
450 2701 553 2733 quam
575 2692 744 2735 exemplis

99 2736 319 2769 illustrarunt
340 2735 570 2769 Heindorf.
594 2736 639 2769 ad
662 2737 695 2770 h.
719 2738 743 2770 l.

101 2785 135 2814 et
170 2782 327 2815 Astius
365 2781 411 2815 ad
449 2781 557 2826 Legg.
595 2792 629 2825 p.
665 2781 743 2816 398.

807 1648 1001 1680 Pronomen
1034 1650 1134 1678 τοῦτο
1166 1646 1255 1678 refer
1286 1645 1330 1678 ad
1361 1655 1453 1687 seqq.

809 1691 904 1726 ὅπως
932 1692 961 1724 δ.
988 1692 1163 1734 παρέσται.
1204 1691 1339 1723 Deinde
1363 1690 1453 1723 οὕτω

809 1736 972 1780 πράττειν
1003 1743 1056 1770 est
1083 1737 1126 1769 id
1149 1737 1290 1779 ipsum
1315 1746 1455 1779 agere,

808 1795 855 1816 sc.
874 1787 914 1816 ut
927 1784 1043 1816 omnia
1066 1782 1135 1815 huc
1159 1782 1363 1814 referantur.
1398 1782 1455 1814 Sic

809 1829 901 1862 enim
947 1827 1037 1861 οὕτω
1081 1825 1243 1870 πράττειν
1280 1832 1315 1860 et
1354 1830 1454 1859 τοῦτο

809 1872 971 1916 πράττειν
1003 1873 1164 1916 usurpari
1198 1872 1241 1905 ad
1273 1874 1457 1905 Menexen.

809 1930 841 1963 p.
864 1917 941 1952 244.
966 1921 1008 1951 D.
1032 1919 1223 1951 docuimus.

855 1965 895 1997 E.
934 1961 1159 2021 ἀνήνυτον
1183 1960 1336 2017 κακόν]
1363 1963 1406 1995 Η.
1425 1974 1454 1998 e.

810 2008 896 2051 ὅπερ
914 2008 1012 2042 ἐστὶν
1026 2007 1208 2053 ἀνήνυτον
1224 2006 1341 2041 κακόν.
1366 2009 1455 2041 Nam

809 2056 981 2098 appositio
998 2055 1042 2088 ad
1057 2059 1164 2088 totam
1183 2054 1389 2088 sententiam
1405 2065 1455 2087 re-

809 2101 962 2134 ferenda.
986 2112 1019 2133 v.
1043 2100 1195 2134 Matth.
1219 2101 1250 2140 ἓ.
1273 2098 1352 2133 431.
1392 2101 1456 2132 Est

808 2150 925 2180 autem
959 2143 1134 2190 ἀνήνυτον
1171 2144 1281 2178 κακόν
1318 2146 1455 2188 proprie

809 2192 987 2233 malum,
1031 2192 1142 2234 quod
1182 2203 1269 2224 non
1308 2195 1458 2233 potest

808 2238 973 2280 perfici
1008 2242 1047 2270 et
1079 2237 1130 2270 ad
1163 2238 1334 2269 exitum
1367 2247 1456 2279 per-

810 2283 938 2324 duci,
977 2283 1010 2315 h.
1044 2294 1072 2315 e.
1108 2282 1234 2315 nullo
1266 2292 1456 2324 unquam

810 2333 1006 2371 tempore
1061 2327 1277 2360 sanabile.
1362 2327 1455 2360 Voce

810 2385 894 2407 usus
910 2378 962 2407 est
979 2373 1207 2416 philosophus
1227 2374 1330 2405 etiam
1346 2372 1455 2406 Phae·

811 2419 890 2452 don.
939 2418 1025 2453 ..84
1042 2420 1084 2451 A.
1108 2419 1295 2461 Sophisnp
1299 2416 1399 2451 ..264
1415 2419 1455 2451 Β.

810 2467 864 2498 De
880 2430 953 2507 Rep
957 2464 1027 2496 ubl.
1046 2464 1159 2506 VILp
1163 2462 1264 2497 ,531.
1282 2464 1323 2495 A.
1346 2463 1453 2507 Legg.

810 2511 870 2544 IV.
895 2522 930 2553 p.
931 2476 1028 2542 p714.
1054 2510 1096 2542 A.
1121 2510 1163 2542 V.
1212 2508 1322 2543 7,35.
1346 2510 1385 2541 B.

857 2556 966 2596 φασὶ
993 2552 1022 2587 δ’
1048 2555 1091 2587 οἱ
1116 2557 1267 2595 σοφοί,
1294 2549 1322 2587 ὦ
1349 2555 1455 2587 Καλ·

811 2600 935 2644 λικλ,]
971 2598 1274 2641 Schol..oo‹p01¹›s·
1299 2599 1456 2632 ἐνταῦθα

812 2644 891 2681 τοὺς
939 2645 1213 2688 Πυθαγορείους
1263 2644 1350 2687 φησὶ
1398 2645 1455 2677 καὶ

814 2691 1132 2733 διαφερόντως
1157 2690 1230 2723 τὸν
1254 2688 1455 2729 Ἐμπεδο-

813 2736 914 2770 κλέα
936 2747 1075 2777 (pavum
1078 2749 1115 2769 τα
1133 2735 1195 2779 τὴν
1217 2737 1335 2775 φιλίαν
1350 2734 1458 2767 ἑιοῦν

813 2782 874 2826 τὴν
909 2786 1068 2825 σφαῖραν
1086 2780 1133 2825 (ἢ)
1164 2779 1332 2814 ἑνοποιὸν
1355 2775 1458 2813 εἶναι.
