1702 2924
535 204 776 244 GORGIAS.
806 205 851 243 P.
881 207 974 242 483.
1005 204 1065 243 ed.
1097 205 1154 243 St.
1445 205 1523 241 199

173 330 248 365 τας
274 314 404 357 πλέον
442 313 572 369 ἔχειν,
610 313 682 355 ἵνα
716 311 775 368 μὴ
804 314 948 355 αὐτῶν
976 311 1108 355 πλέον
1135 312 1278 367 ἔχωσι,
1308 310 1523 366 λέγουσιν,

173 381 232 430 ὡς
260 381 438 435 αἰσχρὸν
474 379 544 422 καὶ
580 379 732 421 ἄδικον
768 379 817 420 τὸ
845 380 1135 429 πλεονεκτεῖν,
1172 377 1243 420 καὶ
1283 383 1410 420 τοῦτο
1437 374 1524 419 ἔστι

172 447 221 487 τὸ
250 446 435 494 ἀδικεῖν,
477 443 525 487 τὸ
553 442 684 487 πλέον
710 446 796 485 τῶν
823 445 965 485 ἄλλων
993 443 1130 498 ζητεῖν
1158 441 1287 498 ἔχειν·
1326 443 1524 496 ἀγαπῶσι

172 511 273 564 γάρ,
315 507 453 564 οἶμαι,
493 508 614 551 αὐτοὶ
643 509 697 551 ἂν
725 508 774 551 τὸ
812 509 909 551 ἴσον
937 507 1058 563 ἔχωσι
1097 509 1356 562 φαυλότεροι
1392 511 1524 558 ὄντες.

177 576 283 635 Cap.
313 576 536 620 XXXIX.
593 575 664 618 διὰ
700 580 836 618 ταῦτα
889 575 942 631 δὴ
979 578 1099 632 νόμῳ
1146 577 1224 632 μὲν
1260 583 1388 618 τοῦτο
1436 575 1523 627 ἀδι-

172 658 252 686 κον
280 642 351 685 καὶ
380 642 554 697 αἰσχρὸν
580 640 756 696 λέγεται,
785 641 833 683 τὸ
862 642 993 684 πλέον
1016 645 1152 697 ζητεῖν
1176 640 1284 696 ἔχειν
1311 645 1398 683 τῶν
1423 643 1524 683 πολ-

172 711 272 758 λῶν,
302 707 371 750 καὶ
400 708 564 750 ἀδικεῖν
592 708 697 749 αὐτὸ
725 710 953 749 καλοῦσιν·
993 708 1022 762 ἡ
1049 705 1094 749 δέ
1121 722 1183 761 γε,
1213 703 1356 762 οἶμαι,
1396 708 1525 761 φύσις

172 773 280 828 αὐτὴ
307 773 539 828 ἀποφαίνει
567 773 672 815 αὐτό
687 806 697 823 ,
737 773 802 814 ὅτι
828 773 995 815 δίκαιόν
1021 770 1109 814 ἐστι.
1147 773 1226 814 τὸν
1253 773 1411 827 ἀμείνω
1448 777 1527 813 τοῦ
1565 770 1607 812 D

170 839 361 893 χείρονος
389 836 666 893 πλέον·έ’χειν
693 838 764 880 καὶ
799 838 877 880 τὸν
914 838 1212 891 δυνατώτερον
1247 842 1327 881 τοῦ
1367 838 1524 879 ἀδυνα-

170 903 370 958 τωτέρου.
426 904 552 959 δηλοῖ
575 903 621 946 δὲ
647 908 783 946 ταῦτα
809 906 1026 959 πολλαχοῦ
1055 903 1119 946 ὅτι
1149 903 1286 953 οὕτως
1314 900 1416 958 ἔχει,
1454 902 1525 945 καὶ

171 1041 267 1085 οἶμαι
289 1045 340 1078 sic
363 1044 452 1077 inter
474 1044 659 1077 articulum
689 1047 725 1078 et
758 1055 883 1078 nomen
911 1045 1130 1078 interiectum
1161 1044 1250 1078 bene
1279 1048 1395 1078 tuetur
1417 1044 1526 1077 Hein-

170 1090 299 1123 dorfius
336 1091 556 1148 comparatis
576 1090 664 1124 locis
698 1091 751 1122 De
783 1091 866 1133 Rep.
898 1091 994 1123 VIII.
1036 1101 1068 1133 p.
1100 1089 1176 1124 564.
1206 1092 1249 1122 A.
1282 1094 1315 1122 et
1343 1090 1522 1122 Demosth.

170 1137 267 1179 Lept-
294 1137 325 1176 §-
349 1133 399 1176 4.
423 1136 484 1168 ubi
517 1132 610 1175 οἶμαι
642 1136 733 1168 inter
764 1136 1052 1178 praepositionem
1083 1139 1117 1168 et
1139 1146 1265 1168 nomen
1296 1136 1523 1170 interiectum.

172 1183 223 1214 De
248 1181 396 1214 articulo
420 1181 508 1213 conf.
531 1181 710 1213 Demosth.
734 1181 810 1213 adv.
836 1181 968 1214 Conon.
992 1192 1023 1223 p.
1037 1179 1134 1214 1268.
1148 1179 1203 1214 27.
1228 1181 1280 1214 ed.
1304 1182 1360 1214 R:
1386 1181 1423 1213 οἱ
1444 1179 1524 1224 γάρ,

171 1222 287 1266 οἶμαι,
321 1225 487 1268 βέλτιστοι
517 1227 572 1258 καὶ
604 1224 722 1268 ἣκιστα
752 1238 781 1258 κ.
814 1239 838 1259 τ.
870 1227 910 1265 λ.,
944 1227 1022 1259 coll.
1056 1226 1231 1259 Schaefer.
1262 1227 1390 1269 Appar.
1415 1227 1456 1259 T.
1481 1226 1524 1258 V.

171 1283 204 1315 p.
228 1270 283 1304 96.
329 1270 428 1304 Adde
450 1271 504 1304 De
533 1272 616 1313 Rep.
647 1271 742 1303 VIII.
771 1282 805 1314 p.
835 1270 912 1304 568.
945 1272 982 1306 C.
1038 1271 1178 1305 Scilicet
1209 1272 1361 1305 Graecos
1390 1274 1526 1305 constat

172 1315 394 1370 parenthesin
419 1317 559 1358 arctius,
583 1327 686 1359 quam
709 1327 773 1349 nos
788 1316 949 1358 solemus,
974 1328 1051 1349 cum
1063 1318 1226 1360 primaria
1243 1318 1413 1350 enuntiati
1427 1320 1524 1360 parte

171 1362 395 1395 coniunxisse
419 1365 454 1394 et
474 1372 553 1395 cum
577 1372 618 1394 ea
640 1362 738 1394 velut
759 1363 796 1394 in
819 1373 927 1395 unum
951 1363 1159 1396 confudisse.
1194 1364 1310 1396 Tenui
1333 1367 1449 1396 tamen
1473 1363 1524 1394 in-

171 1407 443 1462 terpunctionem
464 1407 719 1463 perspicuitatis
743 1417 877 1440 caussa.

238 1454 280 1485 D.
298 1449 550 1494 ἀποφαίνει
574 1449 700 1495 αὐτό]
727 1452 783 1485 Sic
808 1452 925 1485 Clark.
942 1453 1021 1485 Vat.
1045 1452 1152 1486 Coisl.
1170 1452 1274 1487 Vind.
1290 1452 1320 1486 1.
1336 1452 1368 1487 2.
1389 1452 1420 1486 6.
1444 1453 1524 1486 Par.

171 1498 374 1530 BCEFW.
397 1498 489 1531 Flor.
513 1509 543 1531 a.
567 1497 600 1530 b.
625 1508 657 1531 c.
680 1498 711 1530 d.
736 1498 759 1530 f.
775 1509 819 1532 m.
845 1509 874 1531 0.
899 1509 926 1531 s.
950 1509 988 1530 x.
1008 1498 1112 1542 Vulg.
1137 1495 1332 1554 ἀποφαίνοι
1355 1496 1409 1531 ἄν.
1434 1498 1524 1531 Bek-

171 1543 275 1576 kerus
299 1546 333 1575 et
355 1543 456 1576 Turr.
481 1554 524 1576 ex
548 1544 628 1576 Par.
651 1544 693 1576 V.
719 1543 886 1576 dederunt
910 1541 1104 1585 ἀποφαίνει
1128 1539 1183 1576 αὖ.

170 1666 207 1697 in
242 1664 353 1698 libera
384 1665 563 1708 republica
601 1666 810 1705 viventibus,

170 1711 285 1753 qualis
327 1711 394 1743 fuit
423 1712 548 1744 civitas
577 1712 812 1753 Atheniensis,

170 1758 314 1789 verbum
345 1756 497 1790 medium
525 1762 729 1800 usurpatur;
761 1769 812 1790 se-

172 1812 232 1834 cus
255 1812 310 1834 res
334 1812 370 1834 se
393 1802 517 1843 habet,
541 1803 602 1834 ubi
624 1813 736 1836 sermo
761 1808 813 1836 est

170 1846 212 1879 de
243 1847 419 1889 tyrannis,
450 1848 511 1890 qni
541 1848 677 1881 civibus
706 1849 812 1892 impe-

171 1895 251 1925 rant
288 1902 377 1934 quae
417 1891 493 1925 fieri
536 1893 699 1935 cupiunt,
744 1895 812 1936 ipsi

170 1941 285 1969 autem
302 1937 437 1980 legibus
453 1948 524 1970 non
541 1937 811 1994 obstringuntur.

170 2001 215 2006 —-
246 1981 349 2016 τοὺς
392 1981 610 2018 ἐπαίνους
643 1989 677 2016 et
713 1982 812 2018 τοὺς

171 2024 342 2070 ψόγους
375 2028 520 2061 articulo
555 2028 690 2062 adiecto
728 2029 812 2062 dicit

169 2071 326 2106 laudes
360 2076 396 2104 et
435 2074 811 2116 vituperationes,

171 2117 297 2160 quibus
338 2118 391 2150 uti
434 2123 695 2152 consueverunt.
742 2120 812 2152 vid.

170 2163 398 2196 Matthiae.
433 2164 492 2197 Gr.
517 2165 547 2205 §-
570 2164 647 2199 267.
679 2166 813 2198 Krue-

172 2218 256 2252 ger.
281 2208 339 2241 Gr.
364 2209 394 2249 §-
419 2208 476 2250 46,
497 2209 529 2250 5,
554 2209 585 2243 1.

217 2253 255 2285 C.
294 2251 495 2297 ἀγαπῶσι
531 2253 634 2299 γάρ,
675 2251 810 2299 οἶμαι]

172 2309 265 2331 nam
290 2300 490 2332 contenti
513 2305 634 2340 sunt,
659 2304 699 2333 ut
719 2301 810 2334 Men.

195 2342 281 2376 7.5.
307 2343 346 2376 G.
370 2344 422 2376 De
452 2344 596 2388 Republ.
621 2346 700 2389 I.p
704 2344 813 2380 330.

171 2389 209 2420 B.
234 2388 308 2476 IILp
321 2386 454 2431 p..399
478 2389 518 2422 C.
541 2391 583 2423 V.
613 2390 746 2434 p450.
770 2391 812 2424 A.

172 2434 263 2466 Tim.
312 2399 398 2466 .29.
424 2433 462 2466 C.
485 2434 596 2477 p..30
613 2402 659 2468 11³3.
684 2436 728 2471 al.

218 2479 302 2521 Cap.
332 2445 507 2512 XXXIXp
526 2481 571 2513 D.
616 2478 811 2522 ἀποφαί-

175 2535 238 2556 νει
261 2521 378 2561 αὐτό,
404 2523 474 2556 ὅτι
485 2524 542 2579 „DJ
588 2526 743 2569 Vulgata
765 2526 813 2558 le-

173 2570 239 2601 etio
263 2566 457 2610 ἀποφαίνοι
481 2567 524 2602 ἄν
544 2581 615 2603 rem
636 2571 748 2604 lenius
774 2582 813 2604 ac

172 2614 359 2647 modestius
390 2615 580 2657 significat,
618 2627 720 2659 quam
751 2627 812 2659 pro

174 2659 330 2693 Calliclis
350 2660 515 2703 superbia
538 2665 572 2694 et
594 2661 813 2695 confidentia.

173 2703 279 2737 Codd.
316 2704 457 2748 plurimi
490 2704 682 2748 ἀποφαίνει
717 2704 812 2745 αὐτό,

173 2749 264 2792 quod
317 2751 553 2794 recipiendum
604 2753 814 2796 putavimus,

881 1678 1088 1710 quamquam
1125 1678 1196 1700 non
1232 1667 1394 1710 displicet
1433 1667 1526 1711 quod

880 1713 1111 1746 Bekkerus
1145 1723 1190 1745 ex
1212 1723 1282 1745 uno
1307 1713 1382 1746 cod.
1406 1713 1449 1746 V.
1473 1725 1524 1746 re-

881 1759 974 1800 cepit
996 1755 1190 1799 ἀποφαίνει
1221 1752 1276 1791 αὖ.
1323 1759 1414 1791 Nam
1437 1758 1524 1790 diffi-

882 1803 983 1836 cilior
1004 1803 1069 1836 illa
1098 1803 1200 1836 lectio
1223 1803 1329 1836 facile
1352 1804 1465 1846 potuit
1487 1805 1523 1836 in

881 1849 980 1891 peius
1009 1850 1154 1889 mutari,
1192 1849 1301 1882 altera
1330 1859 1399 1882 non
1431 1849 1524 1882 item.

882 1894 1018 1936 Quippe
1041 1891 1127 1926 αὐτό
1156 1893 1372 1927 referendum
1399 1898 1450 1927 est
1481 1894 1525 1927 ad

883 1937 919 1971 τὸ
944 1938 1050 1971 πλέον
1075 1940 1189 1982 ζητεῖν
1211 1939 1301 1981 ἔχειν
1317 1943 1386 1972 τῶν
1401 1937 1523 1976 ἄλλων.

882 1985 997 2025 Quum
1021 1989 1136 2017 autem
1158 1984 1332 2017 sufficeret
1353 1984 1525 2018 addidisse

883 2029 931 2062 ὅτι
948 2028 1084 2062 δίκαιόν
1102 2028 1183 2068 ἐστι,
1210 2030 1373 2064 Callicles
1388 2030 1524 2063 dicendi

881 2075 1013 2108 fervore
1043 2075 1224 2118 abreptus,
1254 2076 1420 2118 neglectis
1450 2086 1525 2108 ver-

882 2120 936 2152 bis
950 2120 1247 2163 praecedentibus,
1270 2121 1397 2154 adiecit
1420 2121 1523 2154 etiam

881 2165 985 2198 haec:
1019 2163 1079 2198 τὸν
1107 2164 1241 2206 ἀμείνω
1273 2170 1334 2200 τοῦ
1362 2169 1523 2210 χείρονος

881 2223 910 2244 κ.
937 2223 961 2243 τ.
987 2212 1013 2243 λ.

928 2255 1062 2299 δηλοῖ
1101 2256 1148 2288 δὲ
1193 2260 1324 2289 ταῦτα
1376 2258 1524 2290 πολλα-

881 2301 966 2344 χοῦ]
998 2303 1043 2334 Η.
1074 2312 1103 2334 e.
1143 2303 1425 2335 manifestum
1460 2307 1525 2336 est

882 2351 1024 2379 autem
1048 2346 1138 2387 hoe,
1163 2346 1248 2390 δῆλα
1273 2347 1313 2380 δὲ
1337 2346 1440 2380 ταῦτα’
1455 2347 1525 2381 ἐστι

882 2393 1061 2435 πολλαχοῦ.
1107 2392 1317 2425 Herodot.
1353 2393 1422 2434 IX,
1461 2392 1524 2427 68:

883 2436 985 2480 δηλοῖ
1029 2449 1063 2469 τε
1106 2436 1201 2477 ἐμοὶ,
1248 2436 1298 2470 ὅτι
1339 2436 1449 2470 πάντα
1487 2437 1526 2471 τὰ

883 2481 1151 2569 ZZZZZAE?
1166 2481 1526 2570 {35555'0'13'3‘33353

882 2576 984 2605 ταῦτα
1019 2571 1058 2605 δὲ
1098 2570 1135 2604 τὰ
1168 2573 1302 2606 ἔπεα-
1313 2573 1414 2627 δηλοῖ
1448 2575 1525 2616 (pa-

881 2619 976 2660 tet),
1015 2616 1066 2650 ὅτι
1099 2614 1163 2650 οὐκ
1193 2616 1341 2662 Ὀμήρου
1381 2616 1418 2651 τὰ
1452 2617 1524 2651 Κύ-

883 2674 966 2704 πρια
991 2661 1076 2695 ἔπειτ’
1101 2662 1206 2703 ἑστιι,
1230 2664 1292 2696 ubi
1310 2664 1525 2697 Valcken.

881 2708 1007 2740 frustra
1039 2707 1080 2752 δη
1066 2709 1143 2741 λον
1173 2708 1376 2753 corrigebat.
1414 2709 1524 2742 Plat.

880 2754 934 2786 De
957 2753 1101 2796 Republ.
1125 2754 1185 2787 VI.
1216 2766 1250 2798 p.
1273 2753 1350 2788 497.
1376 2754 1420 2787 C:
1453 2753 1527 2788 τότε
