1676 2938
207 194 287 229 292
742 190 1000 231 PLATONIS

208 299 293 338 τῶν
321 298 623 351 συμπλεόντων
661 297 741 340 οὐκ
768 295 895 346 ἐάσας
919 300 1305 352 καταποντωθῆναι
1339 296 1412 340 καὶ
1446 296 1537 347 οὓς·

210 376 326 410 τινας
354 359 561 414 ἔβλαψεν,
598 361 729 411 εἰδὼς,
767 360 831 404 ὅτι
858 361 985 403 οὐδὲν
1012 362 1169 411 αὐτοὺς
1196 362 1388 415 βελτίους
1414 361 1538 415 ἐξεβί-

98 443 180 484 512
210 426 338 478 βασεν
364 426 390 479 ἢ
420 422 503 467 οἷοι
532 423 737 480 ἐνέβησαν
765 428 861 467 οὔτε
888 425 940 467 τὰ
967 427 1137 479 σώματα
1164 428 1260 467 οὔτε
1287 425 1362 475 τὰς
1388 427 1537 480 ψυχάς.

209 491 412 542 λογίζεται
439 486 531 539 οὖν,
560 489 625 531 ὅτι
651 490 754 539 οὐκ,
783 490 819 531 εἰ
844 487 923 543 μέν
949 505 1011 538 τις
1037 491 1231 543 μεγάλοις
1257 489 1328 532 καὶ
1355 490 1540 539 ἀνιάτοις

210 555 418 608 νοσήμασι
465 554 570 595 κατὰ
619 555 666 595 τὸ
712 559 832 605 σῶμα
879 555 1159 607 συνεχόμενος
1211 553 1269 608 μὴ
1316 554 1539 608 ἀπεπνίγη,

211 612 335 666 οὗτος
371 617 448 671 μὲν
476 619 627 666 ἄθλιός
663 618 798 667 ἐστιν,
840 614 903 659 ὅτι
941 618 1020 659 οὐκ
1057 617 1270 668 ἀπέθανε,
1309 617 1380 660 καὶ
1415 618 1541 660 οὐδὲν

211 677 279 723 ὑπ’
308 683 442 723 αὐτοῦ
470 680 701 735 ὠφέληται·
743 682 778 723 εἰ
804 681 849 723 δέ
876 697 937 730 τις
965 684 1049 734 ἄρα
1087 681 1133 723 ἐν
1159 685 1218 739 τῷ
1245 686 1323 724 τοῦ
1350 683 1541 735 σώματος

211 744 451 800 τιμιωτέρῳ,
491 753 540 800 τῇ
577 752 691 800 ψυχῇ
706 778 717 797 ,
754 746 889 788 πολλὰ
916 747 1134 800 νοσήματα
1161 745 1242 801 ἔχει
1277 746 1349 788 καὶ
1375 746 1540 793 ἀνίατα,

210 811 348 865 τούτῳ
374 810 419 852 δὲ
448 808 624 863 βιωτέον
663 809 748 851 ἐστὶ
785 810 855 852 καὶ
889 817 1044 852 τοῦτον
1070 810 1284 864 ὀνήσειεν,
1322 813 1378 852 ἄν
1415 825 1458 851 τε
1497 809 1541 851 ἐκ

197 876 422 928 ’θαλάττης
457 877 512 916 ἄν
537 889 581 916 τε
610 873 655 916 ἐκ
684 875 958 928 δικαστηρίου
995 877 1051 916 ἄν
1078 889 1121 915 τε
1148 877 1333 916 ἄλλοθεν
1360 874 1540 916 ὁποθεν-

216 1010 396 1055 Αἰγύπτου
419 1009 441 1055 ἢ
463 1010 501 1044 ἐκ
525 1010 603 1043 Ποι
595 1023 664 1043 του
689 1010 767 1054 τύχῃ
794 1010 950 1050 σώσασα,
980 1009 1001 1044 ἃ
1027 1015 1094 1044 nov
1124 1011 1166 1055 δὴ
1189 1012 1264 1054 &ey
1265 1023 1326 1051 ον,
1356 1013 1411 1044 καὶ
1435 1009 1543 1044 αυτὸν

212 1056 267 1088 καὶ
293 1055 414 1089 παῖδας
439 1057 493 1088 καὶ
517 1054 667 1109 χρήματα
690 1056 745 1088 καὶ
769 1061 951 1112 γυναῖκας,
987 1053 1055 1088 ἀπο
1057 1023 1264 1099 βιβάσασαθγ
1257 1056 1310 1090 εἰς
1334 1054 1394 1089 τὸν
1415 1056 1542 1096 λιμὲιηα

212 1099 276 1132 ἐὰν
299 1100 468 1140 πάμπολυ,
494 1098 614 1143 ταύτης
638 1103 694 1142 τῆς
716 1098 862 1143 μεγάλης
885 1097 1088 1143 εὐεργεσίας
1112 1100 1173 1133 δύο
1199 1098 1348 1154 δραχμὰς
1364 1098 1541 1142 ἐπράξατο.

212 1146 306 1178 Iusto
329 1145 514 1186 audacius,
537 1156 602 1178 nee
624 1156 709 1188 opus
733 1149 784 1177 est
807 1146 994 1178 mutatione
1017 1146 1100 1178 ulla.
1146 1145 1260 1178 Verba
1283 1143 1346 1178 ἐὰν
1370 1143 1474 1185 πάμπ.
1498 1163 1541 1170 —-

211 1187 413 1233 εὐεργεσιαε
442 1201 511 1222 non
541 1191 710 1232 expressit
730 1190 968 1223 Fieinus.1n
996 1201 1064 1223 uno
1088 1191 1166 1223 Par.
1197 1191 1333 1234 punctis
1361 1194 1480 1223 notata
1509 1194 1544 1223 et

211 1235 406 1276 parenthesi
427 1234 561 1267 inclusa
584 1239 674 1267 sunt.

278 1280 318 1312 E.
347 1277 368 1323 ἢ
392 1276 480 1312 οἶοι
511 1277 751 1322 ἐνέβησαν]
783 1279 823 1310 οἳ
844 1278 960 1314 Clark,
984 1278 1062 1312 vat.
1086 1278 1189 1311 vind.
1212 1277 1244 1312 6.
1274 1279 1352 1312 Par.
1375 1277 1541 1312 CEFW.

257 1406 295 1438 P.
341 1404 417 1438 512.

486 1406 705 1459 λογίζεται
751 1399 842 1443 οὖν,

914 1417 966 1437 vot
1003 1405 1138 1437 ἔταττον
1177 1405 1302 1445 ἔμενον
1337 1403 1449 1446 ὥςπερ
1487 1405 1542 1438 καὶ

215 1448 276 1483 ὅτι
306 1448 398 1488 οὐκ,
431 1449 578 1490 εἰμὲν
602 1448 668 1493 -]
715 1450 844 1482 Prima-

910 1446 1007 1484 ἄλλος
1039 1461 1103 1484 τις·
1137 1452 1196 1482 τοῦ
1226 1449 1265 1483 δὲ
1288 1451 1378 1483 θεοῦ
1409 1448 1542 1484 ιαίιον-

213 1497 300 1526 rium
330 1474 460 1537 periodi
490 1494 675 1527 membrum
705 1495 756 1527 sie
785 1504 844 1549 po—

212 1540 315 1571 tuerit
343 1539 530 1571 enuntiari:
570 1539 733 1592 λογίζεται
766 1533 843 1576 οὖ,ι

214 1582 263 1616 ὅτι
294 1581 337 1615 οὐ
361 1582 507 1625 βιωτέον
536 1581 643 1615 τούτω
668 1582 780 1620 ἐστίν,
811 1583 848 1615 εἴ

215 1639 261 1661 τις
286 1627 326 1660 ἐν
350 1631 387 1671 τῇ
403 1631 502 1683 ,ψυχῇ
535 1617 637 1660 πολλα
673 1625 844 1670 νοσήματα

214 1673 280 1714 ἔχει
303 1672 358 1704 καὶ
390 1669 532 1704 α’νιαια.·
563 1676 740 1715 reputat
769 1672 846 1714 igi-

213 1722 282 1749 tur
312 1727 454 1749 seeum
485 1717 616 1749 vitam
646 1727 727 1748 non
751 1726 845 1748 esse

214 1761 414 1801 vitalem,
443 1762 479 1793 si
508 1762 605 1803 quis
628 1761 783 1794 multis
806 1765 846 1794 et

215 1805 549 1838 insanabilibus
581 1806 713 1838 animi
742 1816 845 1838 mor-

215 1851 280 1883 bis
309 1849 491 1883 laboret.
543 1850 611 1883 Sed
639 1861 706 1892 quo
736 1851 845 1893 magis

214 1899 380 1937 augeatur
421 1895 523 1927 huius
567 1896 754 1928 sententiae
792 1895 846 1928 vie

213 1939 408 1981 clariusque
431 1939 710 1981 exsplendeseat‚
742 1939 846 1972 aliam

214 1985 437 2023 sententiam.
476 1994 562 2026 quae
592 1985 757 2017 minorem
788 1984 846 2016 ha-

215 2029 273 2061 bet
299 2029 520 2071 gravitatem,
559 2028 638 2061 huic
675 2029 724 2061 ita
753 2039 846 2072 prae·

214 2074 333 2114 mittit,
363 2077 401 2105 ut
423 2073 559 2105 insertis
581 2073 759 2115 particulis
782 2073 847 2113 μέν

215 2122 249 2150 et
272 2117 310 2150 δέ
332 2117 472 2150 alteram
502 2117 545 2149 ad
568 2117 708 2151 alteram
731 2118 847 2150 referri

215 2166 367 2204 oportere
399 2161 579 2205 significet.
634 2163 744 2202 Quam
775 2163 847 2204 qui-

215 2207 292 2239 dem
315 2206 540 2239 membrorum
573 2207 846 2239 coniunctionem

216 2252 341 2293 optime
364 2251 549 2284 illustravit
566 2252 601 2284 M
611 2251 712 2286 atth.
726 2253 757 2291 §-
770 2250 845 2284 622.

215 2295 246 2329 4.
270 2296 312 2328 ef.
344 2297 596 2328 Buttmann.
625 2296 682 2328 Gr.
714 2305 745 2337 p.
769 2294 847 2329 434.

214 2340 267 2373 ed.
290 2339 408 2373 decim.
454 2341 597 2373 Prorsus
620 2339 738 2372 eadem
760 2344 847 2372 stru-

215 2388 328 2417 cturae
350 2385 437 2417 ratio
461 2388 512 2417 est
533 2395 565 2427 p.
590 2384 666 2417 516.
690 2385 736 2417 E:
766 2382 845 2417 οὔκ·

216 2440 280 2461 ουν
311 2429 351 2461 οἴ
381 2440 419 2471 γε
453 2426 582 2483 ἀγαθοὶ
615 2426 744 2481 ἡνίοχοι
781 2430 846 2461 κτλ..

214 2473 411 2507 Particulae
445 2484 510 2513 μεν
545 2492 588 2497 -
626 2472 689 2513 μὲν
727 2476 761 2506 et
807 2473 848 2506 δὲ

217 2536 260 2543 --
306 2516 345 2550 δέ
395 2517 511 2550 eodem
568 2518 668 2550 modo
716 2518 847 2561 positae

216 2566 308 2602 sunt,
330 2572 396 2604 quo
407 2562 563 2617 Apolog.
587 2563 717 2596 Soerat.
741 2572 771 2604 p.
790 2561 846 2597 28.

216 2608 261 2640 E:
274 2605 355 2659 ἐγώ
377 2600 554 2660 obv-8211&
574 2604 620 2639 ἂν
635 2607 714 2650 εἴην
729 2606 846 2660 εἰργα-

219 2650 353 2690 σμένος,
377 2650 421 2690 el,
445 2649 500 2683 ὅτε
523 2650 587 2690 μέν
606 2662 647 2690 με
671 2649 744 2683 ο[“”
723 2663 846 2705 αρχον-

217 2707 269 2729 τες
292 2696 485 2733 ἔτατιου-,
511 2693 583 2728 τότε
606 2695 671 2735 μὲν
693 2690 738 2728 οὗ
758 2695 845 2728 ἐκεῖ·

912 1505 967 1528 τος
997 1513 1040 1518 -
1071 1493 1225 1527 ἐνταῦθα
1256 1494 1296 1527 δὲ
1326 1514 1368 1519 -
1398 1496 1543 1534 λείποιμι

911 1536 971 1582 τὴν
995 1536 1106 1580 τάξιν.
1141 1538 1202 1571 ubi
1232 1549 1264 1572 v.
1298 1543 1413 1572 annot.
1460 1540 1544 1572 Uni—

911 1594 1044 1615 versam
1083 1583 1152 1616 loci
1187 1584 1390 1617 sententiam
1422 1583 1543 1616 Latine

911 1628 1171 1671 interpretamur
1193 1629 1259 1661 siet
1296 1628 1454 1670 Itaque
1486 1638 1545 1660 ee-

912 1683 1003 1705 eum
1027 1676 1221 1715 reputat,
1245 1683 1368 1714 quum
1392 1673 1446 1713 is,
1469 1673 1542 1715 qui

911 1717 1082 1760 magnis
1130 1721 1173 1749 et
1211 1716 1543 1750 insanabilibus

912 1762 1113 1804 eorporis
1142 1762 1305 1795 morbis
1334 1761 1544 1794 afflictus

911 1806 955 1838 in
985 1807 1092 1839 mari
1122 1817 1208 1839 non
1238 1806 1444 1849 perierit,
1475 1806 1544 1839 mi-

913 1861 981 1883 ser
1003 1851 1060 1883 sit
1081 1851 1198 1892 ideo,
1228 1851 1330 1893 quia
1352 1861 1433 1883 non
1459 1861 1544 1892 per-

913 1895 1042 1936 ierit,
1088 1905 1166 1928 nee
1211 1906 1303 1928 eum
1346 1899 1544 1938 oportere

913 1940 1085 1980 vivere,
1129 1940 1200 1983 qui
1236 1939 1279 1972 in
1322 1950 1388 1980 eo,
1435 1939 1544 1982 quod

914 1994 1094 2026 corpore
1126 1984 1432 2027 praestantius
1469 1988 1544 2024 est,

913 2030 957 2061 in
980 2029 1140 2070 animo,
1169 2028 1333 2061 multoe
1365 2033 1406 2061 et
1435 2029 1544 2062 insa-

914 2072 1087 2106 nabiles
1139 2071 1303 2105 habeat
1360 2072 1542 2108 morbos,

915 2117 1017 2150 Vides
1055 2117 1160 2160 igitur
1197 2114 1261 2150 οὐκ
1297 2118 1464 2160 pertinere
1501 2118 1543 2150 ad

913 2162 1108 2204 primariam
1140 2166 1272 2194 tantum
1304 2163 1408 2194 totius
1439 2173 1544 2195 enun-

913 2207 989 2238 tiati
1012 2210 1141 2249 partem
1174 2216 1284 2249 neque
1306 2207 1422 2239 referri
1446 2217 1545 2249 posse

914 2251 1016 2283 etiam
1039 2250 1081 2283 ad
1104 2251 1281 2283 interiecta
1296 2251 1399 2284 haee:
1424 2250 1461 2283 el
1480 2251 1544 2291 μέν

915 2306 961 2329 τις
984 2293 1097 2338 μεγᾰλ.
1130 2306 1158 2326 κ.
1183 2307 1208 2328 ι.
1232 2296 1278 2332 λ..
1307 2296 1342 2328 in
1373 2306 1440 2338 qua
1470 2306 1545 2328 aen-

914 2340 1021 2372 tentia
1041 2339 1545 2375 fuitHeindorfius.P1-or-

914 2395 973 2417 sus
996 2384 1085 2416 alius
1106 2385 1242 2427 generis
1255 2388 1309 2417 est
1324 2384 1455 2427 illudp.
1466 2383 1544 2418 508.

914 2429 953 2461 Β.
979 2429 1140 2462 Proxima
1160 2429 1216 2462 καὶ
1241 2432 1363 2462 τοῦτον
1382 2426 1546 2472 ὀνήσειεν

913 2472 1062 2516 pendent
1099 2477 1133 2506 et
1161 2474 1237 2516 ipsa
1266 2483 1286 2506 ο
1314 2473 1545 2527 superioribus

914 2517 1002 2550 illis:
1032 2518 1198 2560 λογιζειαι
1225 2529 1311 2556 ουν,
1336 2516 1405 2555 ὅτι,
1436 2518 1485 2550 ita
1508 2525 1546 2549 ut

914 2561 1061 2605 negandi
1085 2561 1253 2605 particula
1266 2571 1361 2595 nune
1375 2563 1457 2595 item
1473 2563 1544 2594 nni—

914 2617 969 2639 mo
999 2606 1181 2648 repetenda
1209 2607 1271 2646 αἰὲς
1300 2617 1380 2640 nm
1411 2610 1543 2639 senten-

914 2652 964 2684 tia
984 2650 1071 2684 haee
1101 2656 1171 2684 esti
1200 2654 1379 2694 reputat
1406 2651 1546 2694 igitur

914 2714 956 2721 —
980 2706 1088 2737 eum,
1127 2696 1202 2738 qui
1237 2696 1371 2728 animi
1402 2696 1546 2729 morbo
