1676 2938
185 192 264 228 324
730 190 988 231 PLA'I'ONIS

186 298 315 351 νηρός
340 310 387 350 γε
425 295 486 338 ὢν
524 296 694 350 ἀγαθὸν
730 299 852 339 ὄντα·
889 293 984 352 μηδ’
1018 296 1083 339 ὅτι
1109 297 1408 352 ἀφαιρήσεται,
1444 297 1519 340 ἐάν

188 376 227 402 τι
253 359 352 413 ἔχω,
396 360 466 402 ἵνα
493 359 551 414 μὴ
578 356 633 402 αὖ
661 359 743 413 ἐγὼ
770 361 894 410 εἴπω,
933 361 996 403 ὅτι
1017 358 1124 403 Ἀλλ’
1153 362 1413 416 ἀφελόμενος
1440 363 1518 416 οὐχ

123 434 159 478 C
188 424 265 475 ἕξει
293 424 317 466 ὅ
342 440 381 466 τι
407 426 599 479 χρήσεται
627 426 793 475 αὐτοῖς,
831 420 917 467 ἀλλ’
959 425 1095 477 ὥςπερ
1131 440 1182 480 με
1208 426 1363 475 ἀδίκως
1400 427 1516 480 ἀφεί-

187 493 300 540 λετο,
339 488 450 531 οὕτω
489 490 558 530 καὶ
595 489 739 543 λαβὼν
774 490 927 539 ἀδίκως
963 491 1176 544 χρήσεται·
1217 491 1254 533 εἰ
1279 489 1325 532 δὲ
1351 490 1517 540 ἀδίκως..

188 555 388 607 αἰσχρῶς·
418 554 453 594 εἰ
481 553 524 595 δὲ
553 553 744 608 αἰσχρῶς,
773 557 922 603 κακῶς.

271 618 377 677 Cap.
406 618 658 662 LXXVII.'
698 621 833 661 ΚΑΛ.
861 616 942 668 ’Ὡς
968 634 1039 673 μοι
1079 619 1241 669 δοκεῖς,
1282 613 1316 660 ὦ
1343 619 1515 673 Σώκρα-

253 772 273 806 ὅ
297 786 329 806 τι
352 773 552 817 χρήσεται
576 771 747 816 αὐτοῖς]
795 773 853 806 Sic
876 772 956 806 libri
979 784 1107 815 omnes,
1130 777 1169 806 ιιι
1190 773 1249 806 hic
1271 772 1407 816 quidem
1430 773 1519 806 futu-

185 829 260 851 rum
283 818 397 851 locum
421 828 520 851 suum
543 822 616 851 tuto
639 818 804 851 obtineat.

252 907 290 940 0.
308 905 373 942 Ὦς
396 918 470 947 μοι
495 906 644 942 δοκεῖς
667 925 711 931 —-
735 904 982 949 πιστεύειν]
1008 906 1125 940 Clark.
1148 907 1235 940 Ven.
1262 906 1343 940 ΞΣ.
1367 906 1467 940 Vind-
1485 905 1517 940 2.

186 1049 468 1150 3213‘253152123
482 1048 665 1148 σῆῖνεῖἶη
657 1049 817 1128 ἔῖιΐὲἔν·

187 1140 312 1178 ποθεν,
338 1143 408 1174 πῶς
433 1138 481 1172 ὅτι
504 1137 523 1171 ὁ
546 1138 703 1182 Τήλεφος
727 1151 816 1183 yrm-

188 1186 324 1226 ρίζεται.
355 1183 442 1217 οὕτω
466 1184 522 1217 καὶ
547 1183 716 1217 ἐνταῦθα·
748 1185 818 1217 εἴτε

186 1227 311 1262 κόλακα
334 1230 446 1263 θέλεις
470 1228 584 1262 εἰπεῖν
616 1227 676 1261 τὸν
707 1232 816 1262 τοιοῦ-

186 1285 247 1306 τον
277 1274 346 1306 εἴτε
387 1272 551 1306 διάκονον
586 1274 655 1306 εἴτε
685 1271 816 1306 ὁντινα-

187 1322 270 1357 οῦ,ν
309 1318 377 1356 δεῖ,
392 1318 532 1372 φησὶν
569 1316 588 1350 ό
620 1318 815 1373 Καλλικλῆς,

186 1366 340 1395 τοιοῦτον
368 1358 459 1395 εἶναι
492 1363 571 1404 περὶ
609 1361 671 1405 τὴν
707 1362 815 1395 πόλιν.

184 1407 218 1440 Is
242 1408 346 1450 igitur
374 1408 497 1450 respici
523 1411 620 1450 putat
649 1406 701 1439 ad'
719 1407 818 1440 Tele·

183 1452 288 1494 phum
312 1452 495 1494 Euripidis.
532 1451 631 1492 Quod
654 1462 720 1494 quo
743 1452 816 1484 iure

183 1498 233 1528 ita
255 1497 427 1538 statuerit,
460 1496 552 1528 haud
575 1507 658 1529 sane
681 1496 817 1529 decerni

184 1545 303 1583 potest.
338 1541 410 1574 Nec
433 1551 513 1573 vero
536 1541 679 1573 multum
705 1541 816 1582 refert,

184 1589 223 1618 ut
244 1586 278 1617 id
308 1586 474 1626 sciamus,
506 1595 610 1627 quum
641 1585 737 1618 locus
760 1586 816 1618 vel

184 1631 234 1662 sic
277 1630 451 1663 commode
493 1629 656 1672 explicari
699 1631 815 1673 possit.

183 1675 318 1707 Etenim
342 1675 498 1708 Socrates
530 1679 708 1717 postquam
731 1674 817 1707 illud

187 1718 438 1762 διακονήσαντα
469 1719 624 1752 Calliclis
655 1720 817 1762 interpre-

185 1768 277 1796 tatus
301 1768 353 1796 est
380 1775 440 1806 per
463 1762 730 1802 κολακεύσονια,
761 1764 816 1797 hic

185 1810 408 1842 exacerbatus
452 1809 566 1841 animo
618 1819 686 1840 non
742 1810 816 1841 sine

186 1854 371 1886 acrimonia
407 1853 603 1896 respondet:
653 1853 696 1886 Si
733 1853 816 1885 tibi

186 1898 348 1940 volupe
372 1901 438 1930 est
460 1899 623 1941 Mysum
648 1897 750 1930 adeo
774 1901 816 1931 te

186 1952 362 1976 vocare:
387 1942 429 1975 ad
453 1953 538 1985 quae
562 1943 723 1974 reticetur
737 1953 816 1985 apo-

186 1987 278 2020 dosis
301 1989 369 2020 fere
393 1987 494 2020 haec:
528 1998 602 2030 per
623 1997 684 2019 me
708 1987 818 2020 licet

184 2033 241 2064 vel
258 2031 456 2075 equidem
479 2031 593 2064 nihil
617 2031 816 2074 impedio.

186 2077 290 2118 Quae,
313 2077 521 2119 aposiopesis
550 2075 721 2118 loquentis
751 2077 815 2109 iro—

185 2123 262 2153 niae
285 2121 388 2164 plane
421 2125 473 2153 est
495 2126 725 2154 consentanea
755 2131 818 2154 nec

185 2165 369 2208 quidquam
392 2165 495 2198 habet
517 2165 690 2205 inusitati,
714 2175 818 2207 quum

184 2215 262 2287 post
292 2211 478 2243 sententias
508 2190 745 2252 hypotheticas
783 2211 819 2242 in

200 2265 268 2287 0018
300 2254 470 2287 similibus
494 2264 562 2287 non
588 2264 663 2287 raro
688 2255 819 2287 omitta—

185 2304 240 2331 tur
262 2309 304 2341 ap
307 2299 431 2333 odosis.
456 2309 487 2330 v.
511 2309 656 2341 suprap
659 2297 766 2333 ..503
781 2299 818 2331 C.

185 2344 322 2386 Protag.
345 2354 377 2386 p.
390 2342 523 2377 311.D.
539 2342 615 2377 325.
629 2344 672 2376 D.
687 2347 722 2375 et
732 2353 819 2385 quae

186 2388 398 2431 collegerunt
438 2389 579 2431 interpp.
608 2387 652 2420 ad
689 2388 819 2420 Arist.

185 2433 275 2465 Plut.
289 2443 320 2464 v.
333 2431 411 2466 458.
430 2433 604 2475 Gregor.
622 2432 816 2465 Corinth.

248 2476 325 2510 802.
363 2476 557 2510 Fischer.
600 2476 643 2510 ad
679 2476 818 2510 Weller.

187 2521 448 2555 T.111.P..11
478 2532 510 2564 p.
541 2520 684 2575 35seq.
728 2522 817 2554 Tum

187 2576 267 2599 vero
297 2566 424 2610 pergit:
464 2576 556 2598 nam
588 2567 677 2599 nisi
712 2565 817 2599 haee

188 2612 288 2654 (quae
311 2621 375 2654 ego
396 2610 460 2643 tibi
477 2611 581 2650 suasi,
602 2614 642 2643 ut
656 2609 818 2654 reipubli-

187 2666 246 2688 cae
262 2656 335 2688 sive
350 2654 619 2688 Atheniensibus
636 2654 816 2697 inservias)

195 2701 328 2733 facies
358 2704 422 2734 etc.
479 2700 555 2741 Quo
586 2699 661 2734 loco
693 2710 816 2733 sermo-

885 1061 962 1084 nem
978 1051 1051 1084 eius
1066 1055 1229 1093 protenus
1243 1051 1293 1083 ita
1312 1049 1518 1093 interpellat,

884 1100 923 1127 ut
951 1095 1026 1138 ipse
1055 1100 1203 1128 mentem
1240 1104 1282 1127 ac
1315 1095 1518 1128 sententiam

885 1140 958 1173 eius
981 1141 1111 1183 aperiat
1132 1150 1173 1173 ac
1196 1139 1355 1173 declaret.
1398 1140 1516 1192 Itaque

884 1185 1102 1218 manifestum
1132 1188 1184 1217 est
1205 1185 1374 1227 Mysum
1403 1184 1519 1217 vocari

884 1239 978 1262 nunc
1014 1230 1204 1270 hominem,
1242 1239 1341 1283 quem
1380 1229 1517 1272 impune

884 1274 987 1307 liceat
1009 1275 1120 1306 omnis
1149 1274 1284 1317 generis
1314 1273 1517 1306 contumelia

886 1324 920 1351 et
942 1319 1070 1351 iniuria
1099 1318 1287 1358 lacessere,
1320 1322 1438 1360 utpote
1468 1328 1517 1351 se-
1563 1352 1567 1357 ,

885 1364 1020 1396 cordem
1058 1366 1159 1405 atque
1198 1362 1417 1396 imbecillum.
1462 1363 1516 1395 Ex

885 1418 952 1450 quo
975 1407 1143 1450 liquidum
1173 1412 1225 1440 est
1252 1407 1376 1450 respici
1398 1407 1517 1450 ntique

884 1452 927 1485 ad
971 1453 1204 1495 proverbium:
1251 1452 1389 1485 Μυσῶν
1433 1453 1516 1490 λεία,

884 1496 974 1539 quod
994 1496 1433 1531 Schleiermacherus
1455 1496 1519 1529 ali-

884 1546 935 1573 ter
950 1545 1051 1583 atque
1066 1540 1211 1574 debebat
1229 1540 1409 1574 intellexit.
1440 1541 1519 1573 Ete-

885 1587 955 1626 nim
978 1590 1178 1628 usurpatum
1201 1585 1287 1618 illud
1310 1590 1362 1618 est
1379 1586 1517 1618 omnino

885 1630 926 1663 de
957 1631 1018 1671 iis,
1059 1631 1117 1672 qui
1147 1631 1285 1673 impune
1323 1640 1345 1663 a
1375 1629 1516 1672 quibus-

884 1674 968 1707 libet
1003 1675 1185 1708 laeduntnr
1220 1685 1262 1708 ac
1300 1673 1515 1717 diripiuntur.

885 1720 1006 1753 Ortum
1029 1721 1155 1763 quippe
1179 1723 1232 1752 est
1248 1730 1269 1752 a
1286 1719 1408 1762 Mysis,
1431 1729 1517 1762 quos

884 1768 1042 1805 narrant,
1072 1775 1139 1807 quo
1170 1767 1321 1817 tempore
1343 1763 1518 1816 Telephus

883 1808 1519 1886 {3ss5‘31555”.2222.3”‡23222¹¹2.221

884 1898 976 1931 Usus
999 1902 1050 1930 est
1071 1897 1252 1942 proverbio
1274 1897 1519 1931 Demosthe-

883 1953 1000 2020 llzgissk.
1002 1940 1418 2030 Ρέῗςιιέἳὲιίιιιοιοῗέδι
1429 1941 1518 2019 Rieu}-

885 2031 1106 2073 tor.1,16.,
1138 2031 1200 2064 ubi
1222 2041 1328 2074 agens
1358 2030 1399 2064 de
1431 2030 1518 2064 locis

885 2076 1191 2109 coniecturalibus.
1237 2075 1292 2108 καὶ
1332 2073 1411 2110 τοὺς
1448 2073 1517 2108 ὑπὸ

888 2121 1021 2153 πολλῶν
1041 2118 1119 2153 dam
1143 2119 1287 2158 θέντας,
1311 2120 1437 2162 inquit,
1461 2120 1517 2152 ml

886 2163 932 2207 μὴ
957 2164 1218 2220 ἐπεξελθοιτας
1251 2183 1294 2189 -
1331 2161 1379 2199 ὥς
1415 2161 1517 2198 ὄντας

886 2206 1017 2286 κῖιὰιιΐ
1026 2221 1044 2241 ν
1057 2209 1518 2286 παροιᾼῖάινᾶΜυσῶνιλίεάυζ

886 2264 908 2285 ιι
935 2265 947 2286 ι
993 2264 1013 2286 a
1039 2264 1075 2286 es
1103 2264 1169 2296 exp
1185 2264 1237 2287 ica
1265 2263 1364 2286 onem
1438 2263 1518 2296 agn.

886 2298 973 2331 conf.
1003 2299 1105 2331 etism
1143 2299 1392 2342 Harpocrat.
1425 2308 1453 2330 s.
1484 2307 1517 2329 v.

885 2341 1006 2386 p1.23
1020 2342 1071 2376 ed.
1083 2343 1177 2386 Lips.
1201 2342 1384 2376 Bekker.
1407 2342 1517 2374 Aneo-

885 2387 954 2419 dot.
986 2388 1085 2420 Tom.
1108 2388 1134 2420 1.
1157 2385 1297 2430 2279,
1332 2385 1396 2426 15„
1426 2385 1517 2418 unde

885 2432 985 2464 etiam
1023 2433 1058 2464 in
1095 2431 1218 2465 iambis
1255 2429 1439 2464 Simonidis
1484 2434 1518 2462 et

885 2476 1042 2509 stratidis
1065 2475 1187 2510 Medea
1206 2475 1297 2509 illud
1317 2478 1517 2518 usurpatum

884 2531 958 2553 esse
988 2521 1162 2554 discimus.
1218 2521 1398 2553 Praetereo
1435 2529 1517 2551 vero

883 2565 1002 2608 Mysos
1018 2567 1154 2598 constat
1171 2568 1308 2608 prepter
1329 2562 1517 2597 secordiam

883 2610 984 2642 valde
1029 2610 1135 2643 fuisse
1173 2611 1380 2649 contemtos,
1426 2607 1517 2640 unde

882 2658 992 2687 ortum
1014 2654 1100 2687 iliud
1121 2652 1356 2697 proverbium.
1384 2652 1521 2685 Μυσῶν

882 2699 1037 2741 ἔσχατος,
1074 2699 1292 2741 Mysorum
1327 2695 1519 2734 ultimus,
