<?xml version="1.0" encoding="UTF-8"?>
<!DOCTYPE html PUBLIC "-//W3C//DTD XHTML 1.0 Transitional//EN"
    "http://www.w3.org/TR/xhtml1/DTD/xhtml1-transitional.dtd">
<html xmlns="http://www.w3.org/1999/xhtml" xml:lang="en" lang="en">
 <head>
  <title>
</title>
<meta http-equiv="Content-Type" content="text/html;charset=utf-8" />
  <meta name='ocr-system' content='tesseract 3.04.00' />
  <meta name='ocr-capabilities' content='ocr_page ocr_carea ocr_par ocr_line ocrx_word'/>
</head>
<body>
  <div class='ocr_page' id='page_1' title='image "./operaomniarecens02platuoft/operaomniarecens02platuoft_0079.png"; bbox 0 0 1690 2912; ppageno 0'>
   <div class='ocr_carea' id='block_1_1' title="bbox 446 156 1446 198">
    <p class='ocr_par' dir='ltr' id='par_1_1' title="bbox 446 156 1446 198">
     <span class='ocr_line' id='line_1_1' title="bbox 446 156 1446 198; baseline -0.006 0"><span class='ocrx_word' id='word_1_1' title='bbox 446 159 520 198; x_wconf 91' lang='lat' dir='ltr'>AD</span> <span class='ocrx_word' id='word_1_2' title='bbox 548 158 794 198; x_wconf 82' lang='lat' dir='ltr'>GORGIAM</span> <span class='ocrx_word' id='word_1_3' title='bbox 822 156 1094 196; x_wconf 82' lang='lat' dir='ltr'><strong>PLATONIS.</strong></span> <span class='ocrx_word' id='word_1_4' title='bbox 1394 156 1446 193; x_wconf 88' lang='lat'>73</span> 
     </span>
    </p>
   </div>
   <div class='ocr_carea' id='block_1_2' title="bbox 89 267 1448 2699">
    <p class='ocr_par' dir='ltr' id='par_1_2' title="bbox 94 267 1448 367">
     <span class='ocr_line' id='line_1_2' title="bbox 94 267 1448 322; baseline -0.004 -11"><span class='ocrx_word' id='word_1_5' title='bbox 94 272 235 322; x_wconf 85' lang='lat' dir='ltr'>petitas</span> <span class='ocrx_word' id='word_1_6' title='bbox 282 273 330 310; x_wconf 89' lang='lat' dir='ltr'>ad</span> <span class='ocrx_word' id='word_1_7' title='bbox 367 271 725 322; x_wconf 81' lang='lat' dir='ltr'>interpretationem</span> <span class='ocrx_word' id='word_1_8' title='bbox 768 270 857 309; x_wconf 88' lang='lat' dir='ltr'>libri</span> <span class='ocrx_word' id='word_1_9' title='bbox 896 270 1107 322; x_wconf 77' lang='lat' dir='ltr'>quidquam</span> <span class='ocrx_word' id='word_1_10' title='bbox 1152 270 1276 307; x_wconf 86' lang='lat' dir='ltr'>bonae</span> <span class='ocrx_word' id='word_1_11' title='bbox 1324 267 1448 317; x_wconf 87' lang='lat' dir='ltr'>frugis</span> 
     </span>
     <span class='ocr_line' id='line_1_3' title="bbox 97 329 271 367; baseline -0.006 0"><span class='ocrx_word' id='word_1_12' title='bbox 97 329 271 367; x_wconf 89' lang='lat' dir='ltr'>contulit.</span> 
     </span>
    </p>

    <p class='ocr_par' dir='ltr' id='par_1_3' title="bbox 96 358 1446 661">
     <span class='ocr_line' id='line_1_4' title="bbox 152 358 1446 434; baseline -0.003 -11"><span class='ocrx_word' id='word_1_13' title='bbox 152 385 391 424; x_wconf 82' lang='lat' dir='ltr'>Platonis</span> <span class='ocrx_word' id='word_1_14' title='bbox 418 384 626 434; x_wconf 84' lang='lat' dir='ltr'>Dialogi</span> <span class='ocrx_word' id='word_1_15' title='bbox 655 385 768 432; x_wconf 91' lang='lat' dir='ltr'>duo,</span> <span class='ocrx_word' id='word_1_16' title='bbox 798 358 1013 432; x_wconf 81' lang='lat' dir='ltr'>Gorgias</span> <span class='ocrx_word' id='word_1_17' title='bbox 1043 387 1090 422; x_wconf 88' lang='lat' dir='ltr'>ct</span> <span class='ocrx_word' id='word_1_18' title='bbox 1118 383 1446 421; x_wconf 76' lang='lat' dir='ltr'>Theaetetus,</span> 
     </span>
     <span class='ocr_line' id='line_1_5' title="bbox 96 439 1446 481; baseline -0.002 -2"><span class='ocrx_word' id='word_1_19' title='bbox 96 442 329 481; x_wconf 86' lang='lat' dir='ltr'>Emendavit</span> <span class='ocrx_word' id='word_1_20' title='bbox 357 444 397 480; x_wconf 90' lang='lat' dir='ltr'>et</span> <span class='ocrx_word' id='word_1_21' title='bbox 424 445 554 480; x_wconf 89' lang='lat' dir='ltr'>annot.</span> <span class='ocrx_word' id='word_1_22' title='bbox 593 441 781 480; x_wconf 82' lang='lat' dir='ltr'>instruxit</span> <span class='ocrx_word' id='word_1_23' title='bbox 809 441 853 479; x_wconf 89' lang='lat' dir='ltr'>L.</span> <span class='ocrx_word' id='word_1_24' title='bbox 882 441 926 478; x_wconf 88' lang='lat' dir='ltr'>F.</span> <span class='ocrx_word' id='word_1_25' title='bbox 956 439 1313 478; x_wconf 82' lang='lat' dir='ltr'>Heindorfius.</span> <span class='ocrx_word' id='word_1_26' title='bbox 1371 441 1446 476; x_wconf 86' lang='lat' dir='ltr'>Ae-</span> 
     </span>
     <span class='ocr_line' id='line_1_6' title="bbox 98 490 1446 538; baseline -0.001 -2"><span class='ocrx_word' id='word_1_27' title='bbox 98 499 198 537; x_wconf 82' lang='lat' dir='ltr'>cedit</span> <span class='ocrx_word' id='word_1_28' title='bbox 217 497 446 537; x_wconf 84' lang='lat' dir='ltr'>Auctarium</span> <span class='ocrx_word' id='word_1_29' title='bbox 475 490 851 538; x_wconf 82' lang='lat' dir='ltr'>animadversionum</span> <span class='ocrx_word' id='word_1_30' title='bbox 870 498 950 535; x_wconf 90' lang='lat' dir='ltr'>Ph.</span> <span class='ocrx_word' id='word_1_31' title='bbox 980 497 1150 535; x_wconf 89' lang='lat' dir='ltr'>Buttm</span> <span class='ocrx_word' id='word_1_32' title='bbox 1162 496 1292 534; x_wconf 89' lang='lat' dir='ltr'>anni.</span> <span class='ocrx_word' id='word_1_33' title='bbox 1321 495 1446 534; x_wconf 85' lang='lat' dir='ltr'>Berol.</span> 
     </span>
     <span class='ocr_line' id='line_1_7' title="bbox 100 553 1446 605; baseline -0.001 -13"><span class='ocrx_word' id='word_1_34' title='bbox 100 558 218 594; x_wconf 87' lang='lat'><strong>1805.</strong></span> <span class='ocrx_word' id='word_1_35' title='bbox 250 559 285 593; x_wconf 91' lang='lat'>8.</span> <span class='ocrx_word' id='word_1_36' title='bbox 314 554 446 593; x_wconf 89' lang='lat' dir='ltr'>Editio</span> <span class='ocrx_word' id='word_1_37' title='bbox 473 555 816 605; x_wconf 86' lang='lat' dir='ltr'>praestantissima,</span> <span class='ocrx_word' id='word_1_38' title='bbox 845 568 882 593; x_wconf 78' lang='lat' dir='ltr'>v.</span> <span class='ocrx_word' id='word_1_39' title='bbox 904 554 1071 592; x_wconf 86' lang='lat' dir='ltr'>Praefat.</span> <span class='ocrx_word' id='word_1_40' title='bbox 1101 554 1150 591; x_wconf 89' lang='lat' dir='ltr'>ad</span> <span class='ocrx_word' id='word_1_41' title='bbox 1179 553 1222 591; x_wconf 86' lang='grc' dir='ltr'>Τ.</span> <span class='ocrx_word' id='word_1_42' title='bbox 1250 553 1283 591; x_wconf 92' lang='grc' dir='ltr'>Ι.</span> <span class='ocrx_word' id='word_1_43' title='bbox 1313 553 1446 603; x_wconf 89' lang='lat' dir='ltr'>Operr.</span> 
     </span>
     <span class='ocr_line' id='line_1_8' title="bbox 96 611 1445 661; baseline -0.002 -11"><span class='ocrx_word' id='word_1_44' title='bbox 96 612 194 650; x_wconf 91' lang='lat' dir='ltr'>Plat.</span> <span class='ocrx_word' id='word_1_45' title='bbox 204 625 240 661; x_wconf 90' lang='lat' dir='ltr'>p.</span> <span class='ocrx_word' id='word_1_46' title='bbox 251 612 296 649; x_wconf 91' lang='lat' dir='ltr'>L.</span> <span class='ocrx_word' id='word_1_47' title='bbox 307 611 489 661; x_wconf 71' lang='lat' dir='ltr'>Repetite.</span> <span class='ocrx_word' id='word_1_48' title='bbox 506 612 602 650; x_wconf 88' lang='lat' dir='ltr'>haec</span> <span class='ocrx_word' id='word_1_49' title='bbox 620 612 738 650; x_wconf 89' lang='lat' dir='ltr'>editio</span> <span class='ocrx_word' id='word_1_50' title='bbox 755 615 815 650; x_wconf 87' lang='lat' dir='ltr'>est</span> <span class='ocrx_word' id='word_1_51' title='bbox 833 614 992 649; x_wconf 85' lang='lat' dir='ltr'>curante</span> <span class='ocrx_word' id='word_1_52' title='bbox 1011 611 1301 649; x_wconf 90' lang='lat' dir='ltr'>Buttmanno</span> <span class='ocrx_word' id='word_1_53' title='bbox 1328 613 1445 647; x_wconf 87' lang='lat'><strong>1829.</strong></span> 
     </span>
    </p>

    <p class='ocr_par' dir='ltr' id='par_1_4' title="bbox 94 663 1448 1001">
     <span class='ocr_line' id='line_1_9' title="bbox 179 663 1445 720; baseline -0.002 -13.984"><span class='ocrx_word' id='word_1_54' title='bbox 179 663 441 720; x_wconf 78' lang='grc' dir='ltr'><strong><em>Ξενοφωντος</em></strong></span> <span class='ocrx_word' id='word_1_55' title='bbox 454 664 887 719; x_wconf 77' lang='grc' dir='ltr'><em>Ἀπομνημονεύματα</em></span> <span class='ocrx_word' id='word_1_56' title='bbox 913 681 978 705; x_wconf 87' lang='grc' dir='ltr'>και</span> <span class='ocrx_word' id='word_1_57' title='bbox 1005 664 1288 712; x_wconf 82' lang='grc' dir='ltr'><strong><em>Πλάτωνος</em></strong></span> <span class='ocrx_word' id='word_1_58' title='bbox 1317 666 1357 704; x_wconf 95' lang='lat' dir='ltr'><strong><em>I</em></strong></span> <span class='ocrx_word' id='word_1_59' title='bbox 1365 680 1445 717; x_wconf 80' lang='grc' dir='ltr'>ορ-</span> 
     </span>
     <span class='ocr_line' id='line_1_10' title="bbox 94 722 1446 778; baseline -0.001 -16"><span class='ocrx_word' id='word_1_60' title='bbox 94 722 176 775; x_wconf 79' lang='grc' dir='ltr'>γιά</span> <span class='ocrx_word' id='word_1_61' title='bbox 188 739 231 772; x_wconf 88' lang='grc' dir='ltr'>ς,</span> <span class='ocrx_word' id='word_1_62' title='bbox 269 722 496 771; x_wconf 74' lang='grc' dir='ltr'><strong><em>ἐκδιδόντος</em></strong></span> <span class='ocrx_word' id='word_1_63' title='bbox 531 724 596 763; x_wconf 82' lang='grc' dir='ltr'>καὶ</span> <span class='ocrx_word' id='word_1_64' title='bbox 627 723 893 778; x_wconf 75' lang='grc' dir='ltr'><strong><em>διορθοῦντος</em></strong></span> <span class='ocrx_word' id='word_1_65' title='bbox 921 724 980 762; x_wconf 88' lang='lat' dir='ltr'><strong>A.</strong></span> <span class='ocrx_word' id='word_1_66' title='bbox 1010 723 1064 762; x_wconf 91' lang='lat' dir='ltr'>K.</span> <span class='ocrx_word' id='word_1_67' title='bbox 1104 723 1157 773; x_wconf 90' lang='lat' dir='ltr'>(h.</span> <span class='ocrx_word' id='word_1_68' title='bbox 1189 737 1220 762; x_wconf 92' lang='lat' dir='ltr'>e.</span> <span class='ocrx_word' id='word_1_69' title='bbox 1252 722 1446 775; x_wconf 76' lang='grc' dir='ltr'><strong>Κοραης).</strong></span> 
     </span>
     <span class='ocr_line' id='line_1_11' title="bbox 94 777 1448 833; baseline -0.001 -13.978"><span class='ocrx_word' id='word_1_70' title='bbox 94 777 166 819; x_wconf 83' lang='grc' dir='ltr'>Ἐν</span> <span class='ocrx_word' id='word_1_71' title='bbox 193 780 419 833; x_wconf 31' lang='grc' dir='ltr'><strong><em>Παρισιᾞοις</em></strong></span> <span class='ocrx_word' id='word_1_72' title='bbox 449 783 496 820; x_wconf 98' lang='lat' dir='ltr'>A.</span> <span class='ocrx_word' id='word_1_73' title='bbox 532 785 649 820; x_wconf 91' lang='lat'><strong>1825.</strong></span> <span class='ocrx_word' id='word_1_74' title='bbox 682 785 717 819; x_wconf 88' lang='grc'>8.</span> <span class='ocrx_word' id='word_1_75' title='bbox 776 782 848 819; x_wconf 87' lang='lat' dir='ltr'>Est</span> <span class='ocrx_word' id='word_1_76' title='bbox 885 781 981 819; x_wconf 87' lang='lat' dir='ltr'>haec</span> <span class='ocrx_word' id='word_1_77' title='bbox 1008 793 1096 830; x_wconf 86' lang='lat' dir='ltr'>pars</span> <span class='ocrx_word' id='word_1_78' title='bbox 1135 780 1272 831; x_wconf 91' lang='lat' dir='ltr'>quinta</span> <span class='ocrx_word' id='word_1_79' title='bbox 1300 780 1448 818; x_wconf 63' lang='lat' dir='ltr'>decima</span> 
     </span>
     <span class='ocr_line' id='line_1_12' title="bbox 94 837 1448 888; baseline 0 -13"><span class='ocrx_word' id='word_1_80' title='bbox 94 838 357 876; x_wconf 84' lang='lat' dir='ltr'>Bibliothecae</span> <span class='ocrx_word' id='word_1_81' title='bbox 377 838 544 877; x_wconf 84' lang='lat' dir='ltr'>Graecae</span> <span class='ocrx_word' id='word_1_82' title='bbox 573 852 596 876; x_wconf 86' lang='lat' dir='ltr'>a</span> <span class='ocrx_word' id='word_1_83' title='bbox 623 838 707 877; x_wconf 85' lang='lat' dir='ltr'>viro</span> <span class='ocrx_word' id='word_1_84' title='bbox 735 837 1066 888; x_wconf 84' lang='lat' dir='ltr'>praestantissimo</span> <span class='ocrx_word' id='word_1_85' title='bbox 1090 837 1228 876; x_wconf 86' lang='lat' dir='ltr'>editae.</span> <span class='ocrx_word' id='word_1_86' title='bbox 1267 837 1448 875; x_wconf 81' lang='lat' dir='ltr'>Continet</span> 
     </span>
     <span class='ocr_line' id='line_1_13' title="bbox 94 893 1446 941; baseline -0.002 -8"><span class='ocrx_word' id='word_1_87' title='bbox 94 894 239 933; x_wconf 87' lang='lat' dir='ltr'>scholia</span> <span class='ocrx_word' id='word_1_88' title='bbox 276 895 421 933; x_wconf 88' lang='lat' dir='ltr'>Graeca</span> <span class='ocrx_word' id='word_1_89' title='bbox 458 899 498 934; x_wconf 91' lang='lat' dir='ltr'>et</span> <span class='ocrx_word' id='word_1_90' title='bbox 535 897 671 934; x_wconf 87' lang='lat' dir='ltr'>breves</span> <span class='ocrx_word' id='word_1_91' title='bbox 711 894 870 933; x_wconf 82' lang='lat' dir='ltr'>editoris</span> <span class='ocrx_word' id='word_1_92' title='bbox 909 894 1198 941; x_wconf 85' lang='lat' dir='ltr'>annotationes,</span> <span class='ocrx_word' id='word_1_93' title='bbox 1238 893 1382 931; x_wconf 77' lang='lat' dir='ltr'>maxim</span> <span class='ocrx_word' id='word_1_94' title='bbox 1385 907 1446 931; x_wconf 85' lang='lat' dir='ltr'>am</span> 
     </span>
     <span class='ocr_line' id='line_1_14' title="bbox 94 951 432 1001; baseline 0.003 -13"><span class='ocrx_word' id='word_1_95' title='bbox 94 955 243 1001; x_wconf 89' lang='lat' dir='ltr'>partem</span> <span class='ocrx_word' id='word_1_96' title='bbox 271 951 432 989; x_wconf 83' lang='lat' dir='ltr'>criticas.</span> 
     </span>
    </p>

    <p class='ocr_par' dir='ltr' id='par_1_5' title="bbox 93 1001 1447 1568">
     <span class='ocr_line' id='line_1_15' title="bbox 179 1001 1446 1060; baseline -0.002 -14"><span class='ocrx_word' id='word_1_97' title='bbox 179 1001 383 1060; x_wconf 87' lang='lat' dir='ltr'>Praeterea</span> <span class='ocrx_word' id='word_1_98' title='bbox 419 1008 599 1046; x_wconf 86' lang='lat' dir='ltr'>Astius</span> <span class='ocrx_word' id='word_1_99' title='bbox 639 1008 759 1046; x_wconf 89' lang='lat' dir='ltr'>edidit</span> <span class='ocrx_word' id='word_1_100' title='bbox 796 1007 1196 1045; x_wconf 85' lang='lat' dir='ltr'>Commentarios</span> <span class='ocrx_word' id='word_1_101' title='bbox 1243 1007 1293 1044; x_wconf 90' lang='lat' dir='ltr'>in</span> <span class='ocrx_word' id='word_1_102' title='bbox 1332 1007 1446 1045; x_wconf 92' lang='lat' dir='ltr'>Gor-</span> 
     </span>
     <span class='ocr_line' id='line_1_16' title="bbox 96 1063 1445 1114; baseline 0.001 -13"><span class='ocrx_word' id='word_1_103' title='bbox 96 1064 143 1113; x_wconf 86' lang='lat' dir='ltr'>gi</span> <span class='ocrx_word' id='word_1_104' title='bbox 156 1077 225 1101; x_wconf 90' lang='lat' dir='ltr'>am</span> <span class='ocrx_word' id='word_1_105' title='bbox 252 1065 365 1114; x_wconf 84' lang='lat' dir='ltr'>longe</span> <span class='ocrx_word' id='word_1_106' title='bbox 393 1065 606 1103; x_wconf 88' lang='lat' dir='ltr'>uberrimos</span> <span class='ocrx_word' id='word_1_107' title='bbox 626 1068 665 1102; x_wconf 88' lang='lat' dir='ltr'>et</span> <span class='ocrx_word' id='word_1_108' title='bbox 685 1064 976 1114; x_wconf 87' lang='lat' dir='ltr'>copiosissimos,</span> <span class='ocrx_word' id='word_1_109' title='bbox 1008 1064 1074 1113; x_wconf 89' lang='lat' dir='ltr'>Op</span> <span class='ocrx_word' id='word_1_110' title='bbox 1086 1078 1106 1102; x_wconf 93' lang='lat' dir='ltr'>e</span> <span class='ocrx_word' id='word_1_111' title='bbox 1117 1077 1172 1101; x_wconf 90' lang='lat' dir='ltr'>ru</span> <span class='ocrx_word' id='word_1_112' title='bbox 1183 1077 1223 1101; x_wconf 92' lang='lat' dir='ltr'>m</span> <span class='ocrx_word' id='word_1_113' title='bbox 1251 1063 1397 1102; x_wconf 82' lang='lat' dir='ltr'>Plato</span> <span class='ocrx_word' id='word_1_114' title='bbox 1408 1077 1445 1102; x_wconf 92' lang='lat' dir='ltr'>n.</span> 
     </span>
     <span class='ocr_line' id='line_1_17' title="bbox 96 1120 1446 1172; baseline 0 -14"><span class='ocrx_word' id='word_1_115' title='bbox 96 1120 180 1158; x_wconf 85' lang='lat' dir='ltr'><strong>Vol.</strong></span> <span class='ocrx_word' id='word_1_116' title='bbox 210 1121 285 1158; x_wconf 92' lang='lat' dir='ltr'>XI.</span> <span class='ocrx_word' id='word_1_117' title='bbox 314 1135 350 1171; x_wconf 90' lang='lat' dir='ltr'>p.</span> <span class='ocrx_word' id='word_1_118' title='bbox 385 1122 579 1168; x_wconf 85' lang='lat'><strong>1—478.‚</strong></span> <span class='ocrx_word' id='word_1_119' title='bbox 617 1121 658 1158; x_wconf 90' lang='lat' dir='ltr'>in</span> <span class='ocrx_word' id='word_1_120' title='bbox 687 1121 828 1172; x_wconf 88' lang='lat' dir='ltr'>quibus</span> <span class='ocrx_word' id='word_1_121' title='bbox 856 1121 1011 1159; x_wconf 84' lang='lat' dir='ltr'>videtur</span> <span class='ocrx_word' id='word_1_122' title='bbox 1047 1121 1235 1172; x_wconf 82' lang='lat' dir='ltr'>quidquid</span> <span class='ocrx_word' id='word_1_123' title='bbox 1264 1124 1378 1159; x_wconf 87' lang='lat' dir='ltr'>antea</span> <span class='ocrx_word' id='word_1_124' title='bbox 1405 1121 1446 1159; x_wconf 90' lang='lat' dir='ltr'>in</span> 
     </span>
     <span class='ocr_line' id='line_1_18' title="bbox 93 1177 1446 1228; baseline 0.001 -14"><span class='ocrx_word' id='word_1_125' title='bbox 93 1177 198 1214; x_wconf 86' lang='lat' dir='ltr'>hune</span> <span class='ocrx_word' id='word_1_126' title='bbox 226 1178 367 1215; x_wconf 87' lang='lat' dir='ltr'>librum</span> <span class='ocrx_word' id='word_1_127' title='bbox 396 1178 581 1228; x_wconf 88' lang='lat' dir='ltr'>scriptum</span> <span class='ocrx_word' id='word_1_128' title='bbox 616 1183 718 1216; x_wconf 88' lang='lat' dir='ltr'>esset</span> <span class='ocrx_word' id='word_1_129' title='bbox 746 1191 950 1226; x_wconf 84' lang='lat' dir='ltr'>congerere</span> <span class='ocrx_word' id='word_1_130' title='bbox 980 1182 1018 1215; x_wconf 90' lang='lat' dir='ltr'>et</span> <span class='ocrx_word' id='word_1_131' title='bbox 1048 1177 1189 1216; x_wconf 87' lang='lat' dir='ltr'>additis</span> <span class='ocrx_word' id='word_1_132' title='bbox 1218 1178 1299 1215; x_wconf 87' lang='lat' dir='ltr'>suis</span> <span class='ocrx_word' id='word_1_133' title='bbox 1329 1191 1446 1215; x_wconf 86' lang='lat' dir='ltr'>anno-</span> 
     </span>
     <span class='ocr_line' id='line_1_19' title="bbox 94 1233 1446 1286; baseline 0.001 -14"><span class='ocrx_word' id='word_1_134' title='bbox 94 1234 306 1272; x_wconf 89' lang='lat' dir='ltr'>tationibus</span> <span class='ocrx_word' id='word_1_135' title='bbox 334 1247 558 1284; x_wconf 82' lang='lat' dir='ltr'>percensere</span> <span class='ocrx_word' id='word_1_136' title='bbox 587 1234 767 1272; x_wconf 87' lang='lat' dir='ltr'>voluisse.</span> <span class='ocrx_word' id='word_1_137' title='bbox 825 1233 1084 1275; x_wconf 75' lang='lat' dir='ltr'>Quamobrem</span> <span class='ocrx_word' id='word_1_138' title='bbox 1117 1234 1235 1272; x_wconf 89' lang='lat' dir='ltr'>etiam</span> <span class='ocrx_word' id='word_1_139' title='bbox 1262 1235 1446 1286; x_wconf 84' lang='lat' dir='ltr'>pleraque</span> 
     </span>
     <span class='ocr_line' id='line_1_20' title="bbox 95 1290 1446 1342; baseline 0.002 -16"><span class='ocrx_word' id='word_1_140' title='bbox 95 1290 224 1327; x_wconf 88' lang='lat' dir='ltr'>omnia</span> <span class='ocrx_word' id='word_1_141' title='bbox 252 1303 404 1337; x_wconf 83' lang='lat' dir='ltr'>eorum,</span> <span class='ocrx_word' id='word_1_142' title='bbox 444 1304 542 1342; x_wconf 88' lang='lat' dir='ltr'>quae</span> <span class='ocrx_word' id='word_1_143' title='bbox 571 1304 640 1328; x_wconf 90' lang='lat' dir='ltr'>nos</span> <span class='ocrx_word' id='word_1_144' title='bbox 677 1291 719 1328; x_wconf 90' lang='lat' dir='ltr'>in</span> <span class='ocrx_word' id='word_1_145' title='bbox 757 1291 880 1340; x_wconf 87' lang='lat' dir='ltr'>prima</span> <span class='ocrx_word' id='word_1_146' title='bbox 909 1291 1077 1329; x_wconf 87' lang='lat' dir='ltr'>editione</span> <span class='ocrx_word' id='word_1_147' title='bbox 1117 1291 1375 1341; x_wconf 83' lang='lat' dir='ltr'>exposuimus,</span> <span class='ocrx_word' id='word_1_148' title='bbox 1406 1292 1446 1330; x_wconf 85' lang='lat' dir='ltr'>in</span> 
     </span>
     <span class='ocr_line' id='line_1_21' title="bbox 95 1347 1446 1387; baseline 0.002 -3"><span class='ocrx_word' id='word_1_149' title='bbox 95 1347 386 1385; x_wconf 86' lang='lat' dir='ltr'>Commentariis</span> <span class='ocrx_word' id='word_1_150' title='bbox 423 1347 508 1386; x_wconf 86' lang='lat' dir='ltr'>istis</span> <span class='ocrx_word' id='word_1_151' title='bbox 546 1347 610 1386; x_wconf 81' lang='lat' dir='ltr'>vel</span> <span class='ocrx_word' id='word_1_152' title='bbox 646 1347 783 1385; x_wconf 90' lang='lat' dir='ltr'>iisdem</span> <span class='ocrx_word' id='word_1_153' title='bbox 820 1347 885 1386; x_wconf 80' lang='lat' dir='ltr'>vel</span> <span class='ocrx_word' id='word_1_154' title='bbox 923 1347 1008 1385; x_wconf 90' lang='lat' dir='ltr'>aliis</span> <span class='ocrx_word' id='word_1_155' title='bbox 1045 1347 1174 1386; x_wconf 88' lang='lat' dir='ltr'>verbis</span> <span class='ocrx_word' id='word_1_156' title='bbox 1212 1348 1446 1387; x_wconf 85' lang='lat' dir='ltr'>referuntur.</span> 
     </span>
     <span class='ocr_line' id='line_1_22' title="bbox 96 1403 1447 1455; baseline 0.002 -15"><span class='ocrx_word' id='word_1_157' title='bbox 96 1403 171 1440; x_wconf 85' lang='lat' dir='ltr'>Sed</span> <span class='ocrx_word' id='word_1_158' title='bbox 200 1403 292 1454; x_wconf 89' lang='lat' dir='ltr'>quid</span> <span class='ocrx_word' id='word_1_159' title='bbox 321 1403 376 1441; x_wconf 86' lang='lat' dir='ltr'>rei</span> <span class='ocrx_word' id='word_1_160' title='bbox 397 1404 456 1451; x_wconf 86' lang='lat' dir='ltr'>sit,</span> <span class='ocrx_word' id='word_1_161' title='bbox 486 1404 561 1453; x_wconf 88' lang='lat' dir='ltr'>ipsi</span> <span class='ocrx_word' id='word_1_162' title='bbox 582 1404 755 1453; x_wconf 84' lang='lat' dir='ltr'>legentes</span> <span class='ocrx_word' id='word_1_163' title='bbox 782 1404 950 1451; x_wconf 79' lang='lat' dir='ltr'>videant,</span> <span class='ocrx_word' id='word_1_164' title='bbox 981 1404 1154 1442; x_wconf 88' lang='lat' dir='ltr'>adhibita</span> <span class='ocrx_word' id='word_1_165' title='bbox 1171 1408 1304 1443; x_wconf 90' lang='lat' dir='ltr'>tamen</span> <span class='ocrx_word' id='word_1_166' title='bbox 1322 1405 1447 1455; x_wconf 88' lang='lat' dir='ltr'>prima</span> 
     </span>
     <span class='ocr_line' id='line_1_23' title="bbox 99 1459 1445 1512; baseline 0.003 -16"><span class='ocrx_word' id='word_1_167' title='bbox 99 1463 230 1497; x_wconf 85' lang='lat' dir='ltr'>nostra</span> <span class='ocrx_word' id='word_1_168' title='bbox 259 1459 446 1507; x_wconf 83' lang='lat' dir='ltr'>editione,</span> <span class='ocrx_word' id='word_1_169' title='bbox 487 1474 535 1498; x_wconf 92' lang='lat' dir='ltr'>ne</span> <span class='ocrx_word' id='word_1_170' title='bbox 564 1460 603 1497; x_wconf 90' lang='lat' dir='ltr'>in</span> <span class='ocrx_word' id='word_1_171' title='bbox 635 1474 802 1498; x_wconf 88' lang='lat' dir='ltr'>errorem</span> <span class='ocrx_word' id='word_1_172' title='bbox 841 1466 958 1512; x_wconf 88' lang='lat' dir='ltr'>atque</span> <span class='ocrx_word' id='word_1_173' title='bbox 986 1461 1162 1499; x_wconf 87' lang='lat' dir='ltr'>fraudem</span> <span class='ocrx_word' id='word_1_174' title='bbox 1199 1460 1445 1510; x_wconf 84' lang='lat' dir='ltr'>inducantur,</span> 
     </span>
     <span class='ocr_line' id='line_1_24' title="bbox 95 1515 1379 1568; baseline 0.003 -15"><span class='ocrx_word' id='word_1_175' title='bbox 95 1515 215 1553; x_wconf 83' lang='lat' dir='ltr'>sicubi</span> <span class='ocrx_word' id='word_1_176' title='bbox 246 1516 339 1567; x_wconf 89' lang='lat' dir='ltr'>quid</span> <span class='ocrx_word' id='word_1_177' title='bbox 366 1517 488 1564; x_wconf 90' lang='lat' dir='ltr'>nobis,</span> <span class='ocrx_word' id='word_1_178' title='bbox 518 1517 610 1568; x_wconf 90' lang='lat' dir='ltr'>quid</span> <span class='ocrx_word' id='word_1_179' title='bbox 639 1517 786 1556; x_wconf 84' lang='lat' dir='ltr'>Astio</span> <span class='ocrx_word' id='word_1_180' title='bbox 815 1518 1011 1565; x_wconf 85' lang='lat' dir='ltr'>debeatur,</span> <span class='ocrx_word' id='word_1_181' title='bbox 1040 1518 1288 1556; x_wconf 88' lang='lat' dir='ltr'>iudicandum</span> <span class='ocrx_word' id='word_1_182' title='bbox 1317 1519 1379 1557; x_wconf 88' lang='lat' dir='ltr'>sit.</span> 
     </span>
    </p>

    <p class='ocr_par' dir='ltr' id='par_1_6' title="bbox 94 1573 1447 1737">
     <span class='ocr_line' id='line_1_25' title="bbox 177 1573 1447 1623; baseline 0.003 -13"><span class='ocrx_word' id='word_1_183' title='bbox 177 1573 335 1610; x_wconf 73' lang='lat' dir='ltr'>Platons</span> <span class='ocrx_word' id='word_1_184' title='bbox 367 1575 537 1623; x_wconf 71' lang='lat' dir='ltr'>Goryias.</span> <span class='ocrx_word' id='word_1_185' title='bbox 580 1575 795 1612; x_wconf 72' lang='lat' dir='ltr'>Grieohz&#39;seh</span> <span class='ocrx_word' id='word_1_186' title='bbox 823 1576 902 1613; x_wconf 77' lang='lat' dir='ltr'>und</span> <span class='ocrx_word' id='word_1_187' title='bbox 929 1575 1112 1616; x_wconf 56' lang='lat' dir='ltr'>Dentrem,</span> <span class='ocrx_word' id='word_1_188' title='bbox 1144 1576 1215 1613; x_wconf 70' lang='lat' dir='ltr'>mit</span> <span class='ocrx_word' id='word_1_189' title='bbox 1242 1576 1447 1614; x_wconf 69' lang='lat' dir='ltr'>kritiselzen</span> 
     </span>
     <span class='ocr_line' id='line_1_26' title="bbox 94 1628 1444 1684; baseline 0.002 -18"><span class='ocrx_word' id='word_1_190' title='bbox 94 1630 172 1666; x_wconf 79' lang='lat' dir='ltr'>und</span> <span class='ocrx_word' id='word_1_191' title='bbox 198 1630 439 1668; x_wconf 75' lang='lat' dir='ltr'>erklc&#39;irenden</span> <span class='ocrx_word' id='word_1_192' title='bbox 468 1631 766 1680; x_wconf 66' lang='lat' dir='ltr'>Anmerkunyen.</span> <span class='ocrx_word' id='word_1_193' title='bbox 814 1632 993 1680; x_wconf 50' lang='lat' dir='ltr'>Leipziq,</span> <span class='ocrx_word' id='word_1_194' title='bbox 1034 1628 1155 1669; x_wconf 88' lang='grc'><strong>1857.</strong></span> <span class='ocrx_word' id='word_1_195' title='bbox 1196 1635 1231 1669; x_wconf 88' lang='grc'>8.</span> <span class='ocrx_word' id='word_1_196' title='bbox 1262 1633 1354 1670; x_wconf 89' lang='lat' dir='ltr'>min.</span> <span class='ocrx_word' id='word_1_197' title='bbox 1385 1646 1444 1684; x_wconf 87' lang='lat' dir='ltr'>ap</span> 
     </span>
     <span class='ocr_line' id='line_1_27' title="bbox 94 1685 1197 1737; baseline 0.005 -16"><span class='ocrx_word' id='word_1_198' title='bbox 94 1686 126 1722; x_wconf 91' lang='lat' dir='ltr'><strong>F</strong></span> <span class='ocrx_word' id='word_1_199' title='bbox 130 1685 347 1733; x_wconf 88' lang='lat' dir='ltr'>ngelmann</span> <span class='ocrx_word' id='word_1_200' title='bbox 377 1687 482 1724; x_wconf 77' lang='lat' dir='ltr'>Toni.</span> <span class='ocrx_word' id='word_1_201' title='bbox 513 1687 629 1725; x_wconf 91' lang='lat' dir='ltr'><strong>XXI.</strong></span> <span class='ocrx_word' id='word_1_202' title='bbox 659 1687 828 1726; x_wconf 82' lang='lat' dir='ltr'>univers.</span> <span class='ocrx_word' id='word_1_203' title='bbox 859 1700 1019 1737; x_wconf 90' lang='lat' dir='ltr'>operum</span> <span class='ocrx_word' id='word_1_204' title='bbox 1047 1688 1197 1726; x_wconf 88' lang='lat' dir='ltr'>Platon.</span> 
     </span>
    </p>

    <p class='ocr_par' dir='ltr' id='par_1_7' title="bbox 93 1742 1446 1964">
     <span class='ocr_line' id='line_1_28' title="bbox 177 1742 1446 1793; baseline 0.004 -14"><span class='ocrx_word' id='word_1_205' title='bbox 177 1742 240 1779; x_wconf 78' lang='lat' dir='ltr'>Pl</span> <span class='ocrx_word' id='word_1_206' title='bbox 232 1746 333 1780; x_wconf 62' lang='lat' dir='ltr'>atone</span> <span class='ocrx_word' id='word_1_207' title='bbox 374 1744 544 1792; x_wconf 39' lang='lat' dir='ltr'>Gorqzffas</span> <span class='ocrx_word' id='word_1_208' title='bbox 613 1743 699 1782; x_wconf 62' lang='lat' dir='ltr'>Far</span> <span class='ocrx_word' id='word_1_209' title='bbox 736 1746 804 1782; x_wconf 81' lang='lat' dir='ltr'>den</span> <span class='ocrx_word' id='word_1_210' title='bbox 842 1744 1140 1793; x_wconf 67' lang='lat' dir='ltr'>Schulqebrauch</span> <span class='ocrx_word' id='word_1_211' title='bbox 1185 1745 1332 1784; x_wconf 72' lang='lat' dir='ltr'>erkldrt</span> <span class='ocrx_word' id='word_1_212' title='bbox 1377 1760 1446 1784; x_wconf 78' lang='lat' dir='ltr'>von</span> 
     </span>
     <span class='ocr_line' id='line_1_29' title="bbox 94 1798 1444 1851; baseline 0.004 -17"><span class='ocrx_word' id='word_1_213' title='bbox 94 1799 145 1834; x_wconf 84' lang='lat' dir='ltr'>D.</span> <span class='ocrx_word' id='word_1_214' title='bbox 185 1798 360 1837; x_wconf 67' lang='lat' dir='ltr'>Julius</span> <span class='ocrx_word' id='word_1_215' title='bbox 397 1801 655 1838; x_wconf 72' lang='lat' dir='ltr'><strong>Deuschle.</strong></span> <span class='ocrx_word' id='word_1_216' title='bbox 685 1802 854 1850; x_wconf 54' lang='grc' dir='ltr'>Ζείρειζᾳ,</span> <span class='ocrx_word' id='word_1_217' title='bbox 896 1798 1020 1838; x_wconf 89' lang='grc'><strong>1859.</strong></span> <span class='ocrx_word' id='word_1_218' title='bbox 1051 1805 1087 1839; x_wconf 91' lang='grc'>8.</span> <span class='ocrx_word' id='word_1_219' title='bbox 1117 1801 1205 1839; x_wconf 89' lang='lat' dir='ltr'>mai.</span> <span class='ocrx_word' id='word_1_220' title='bbox 1236 1815 1295 1851; x_wconf 90' lang='lat' dir='ltr'>ap.</span> <span class='ocrx_word' id='word_1_221' title='bbox 1325 1803 1368 1840; x_wconf 91' lang='lat' dir='ltr'>B.</span> <span class='ocrx_word' id='word_1_222' title='bbox 1399 1803 1444 1840; x_wconf 88' lang='lat' dir='ltr'>G.</span> 
     </span>
     <span class='ocr_line' id='line_1_30' title="bbox 93 1854 1443 1908; baseline 0.004 -17"><span class='ocrx_word' id='word_1_223' title='bbox 93 1854 294 1902; x_wconf 89' lang='lat' dir='ltr'>Teubner.‚</span> <span class='ocrx_word' id='word_1_224' title='bbox 324 1856 370 1894; x_wconf 92' lang='lat' dir='ltr'>de</span> <span class='ocrx_word' id='word_1_225' title='bbox 400 1870 477 1907; x_wconf 89' lang='lat' dir='ltr'>qua</span> <span class='ocrx_word' id='word_1_226' title='bbox 496 1856 663 1894; x_wconf 87' lang='lat' dir='ltr'>editione</span> <span class='ocrx_word' id='word_1_227' title='bbox 691 1871 728 1895; x_wconf 88' lang='lat' dir='ltr'>v.</span> <span class='ocrx_word' id='word_1_228' title='bbox 750 1858 801 1894; x_wconf 92' lang='lat' dir='ltr'>H.</span> <span class='ocrx_word' id='word_1_229' title='bbox 831 1857 1032 1895; x_wconf 88' lang='lat' dir='ltr'>Bonitz:</span> <span class='ocrx_word' id='word_1_230' title='bbox 1063 1859 1379 1908; x_wconf 69' lang='lat' dir='ltr'>Zeiteokriftfic&#39;r</span> <span class='ocrx_word' id='word_1_231' title='bbox 1409 1861 1443 1897; x_wconf 83' lang='lat' dir='ltr'>d.</span> 
     </span>
     <span class='ocr_line' id='line_1_31' title="bbox 94 1911 1288 1964; baseline 0.004 -17"><span class='ocrx_word' id='word_1_232' title='bbox 94 1913 304 1949; x_wconf 57' lang='lat' dir='ltr'>meo-reich.</span> <span class='ocrx_word' id='word_1_233' title='bbox 328 1914 563 1962; x_wconf 72' lang='lat' dir='ltr'>Gymnasien,</span> <span class='ocrx_word' id='word_1_234' title='bbox 594 1911 717 1951; x_wconf 90' lang='grc'><strong>1859.</strong></span> <span class='ocrx_word' id='word_1_235' title='bbox 747 1913 891 1951; x_wconf 89' lang='lat' dir='ltr'>Fascic.</span> <span class='ocrx_word' id='word_1_236' title='bbox 920 1914 972 1951; x_wconf 88' lang='lat' dir='ltr'>X.</span> <span class='ocrx_word' id='word_1_237' title='bbox 996 1928 1032 1964; x_wconf 89' lang='lat' dir='ltr'>p.</span> <span class='ocrx_word' id='word_1_238' title='bbox 1055 1915 1288 1953; x_wconf 84' lang='lat'><strong>786—808.</strong></span> 
     </span>
    </p>

    <p class='ocr_par' dir='ltr' id='par_1_8' title="bbox 91 1967 1444 2118">
     <span class='ocr_line' id='line_1_32' title="bbox 177 1967 1444 2022; baseline 0.006 -18"><span class='ocrx_word' id='word_1_239' title='bbox 177 1967 334 2006; x_wconf 72' lang='lat' dir='ltr'>Platom</span> <span class='ocrx_word' id='word_1_240' title='bbox 365 1970 536 2018; x_wconf 72' lang='lat' dir='ltr'>Gorqias.</span> <span class='ocrx_word' id='word_1_241' title='bbox 603 1971 685 2007; x_wconf 63' lang='lat' dir='ltr'>Miz</span> <span class='ocrx_word' id='word_1_242' title='bbox 703 1971 926 2020; x_wconf 70' lang='lat' dir='ltr'>Einleitunq</span> <span class='ocrx_word' id='word_1_243' title='bbox 954 1973 1032 2009; x_wconf 80' lang='lat' dir='ltr'>und</span> <span class='ocrx_word' id='word_1_244' title='bbox 1059 1973 1348 2022; x_wconf 74' lang='lat' dir='ltr'>Anmerkunqen</span> <span class='ocrx_word' id='word_1_245' title='bbox 1376 1986 1444 2010; x_wconf 79' lang='lat' dir='ltr'>von</span> 
     </span>
     <span class='ocr_line' id='line_1_33' title="bbox 93 2023 1444 2070; baseline 0.006 -11"><span class='ocrx_word' id='word_1_246' title='bbox 93 2023 295 2062; x_wconf 78' lang='lat' dir='ltr'>Eduard</span> <span class='ocrx_word' id='word_1_247' title='bbox 322 2025 359 2063; x_wconf 88' lang='lat' dir='ltr'><strong><em>J</em></strong></span> <span class='ocrx_word' id='word_1_248' title='bbox 361 2026 465 2064; x_wconf 77' lang='lat' dir='ltr'>ahn.</span> <span class='ocrx_word' id='word_1_249' title='bbox 533 2026 658 2070; x_wconf 66' lang='lat' dir='ltr'>W&#39;em</span> <span class='ocrx_word' id='word_1_250' title='bbox 699 2023 823 2065; x_wconf 84' lang='grc'><strong>1859.</strong></span> <span class='ocrx_word' id='word_1_251' title='bbox 862 2029 897 2064; x_wconf 90' lang='grc'><strong>8.</strong></span> <span class='ocrx_word' id='word_1_252' title='bbox 926 2027 1019 2066; x_wconf 84' lang='lat' dir='ltr'>min.</span> <span class='ocrx_word' id='word_1_253' title='bbox 1086 2028 1216 2066; x_wconf 83' lang='lat' dir='ltr'>Editio</span> <span class='ocrx_word' id='word_1_254' title='bbox 1253 2028 1444 2067; x_wconf 87' lang='lat' dir='ltr'>tironibus</span> 
     </span>
     <span class='ocr_line' id='line_1_34' title="bbox 91 2078 293 2118; baseline 0.01 -3"><span class='ocrx_word' id='word_1_255' title='bbox 91 2078 293 2118; x_wconf 87' lang='lat' dir='ltr'>destinata.</span> 
     </span>
    </p>

    <p class='ocr_par' dir='ltr' id='par_1_9' title="bbox 89 2136 1443 2231">
     <span class='ocr_line' id='line_1_35' title="bbox 174 2136 1443 2194; baseline 0.005 -20"><span class='ocrx_word' id='word_1_256' title='bbox 174 2136 380 2175; x_wconf 84' lang='lat' dir='ltr'>Praeterea</span> <span class='ocrx_word' id='word_1_257' title='bbox 425 2138 472 2176; x_wconf 90' lang='lat' dir='ltr'>de</span> <span class='ocrx_word' id='word_1_258' title='bbox 517 2138 659 2187; x_wconf 88' lang='lat' dir='ltr'>Gorgia</span> <span class='ocrx_word' id='word_1_259' title='bbox 706 2139 878 2178; x_wconf 86' lang='lat' dir='ltr'>Platonis</span> <span class='ocrx_word' id='word_1_260' title='bbox 922 2140 1011 2194; x_wconf 39' lang='lat' dir='ltr'>hae·</span> <span class='ocrx_word' id='word_1_261' title='bbox 1044 2140 1271 2191; x_wconf 87' lang='lat' dir='ltr'>scriptiones</span> <span class='ocrx_word' id='word_1_262' title='bbox 1317 2142 1443 2193; x_wconf 90' lang='lat' dir='ltr'>prodi-</span> 
     </span>
     <span class='ocr_line' id='line_1_36' title="bbox 89 2195 222 2231; baseline 0.015 -2"><span class='ocrx_word' id='word_1_263' title='bbox 89 2195 222 2231; x_wconf 86' lang='lat' dir='ltr'>erunt:</span> 
     </span>
    </p>

    <p class='ocr_par' dir='ltr' id='par_1_10' title="bbox 90 2249 1440 2699">
     <span class='ocr_line' id='line_1_37' title="bbox 174 2249 1438 2304; baseline 0.006 -19"><span class='ocrx_word' id='word_1_264' title='bbox 174 2249 489 2287; x_wconf 85' lang='lat' dir='ltr'>Dissertatio</span> <span class='ocrx_word' id='word_1_265' title='bbox 544 2250 790 2289; x_wconf 88' lang='lat' dir='ltr'>literaria</span> <span class='ocrx_word' id='word_1_266' title='bbox 847 2253 903 2290; x_wconf 91' lang='lat' dir='ltr'>de</span> <span class='ocrx_word' id='word_1_267' title='bbox 951 2253 1188 2292; x_wconf 88' lang='lat' dir='ltr'>Platonis</span> <span class='ocrx_word' id='word_1_268' title='bbox 1238 2254 1438 2304; x_wconf 87' lang='lat' dir='ltr'>Gorgia,</span> 
     </span>
     <span class='ocr_line' id='line_1_38' title="bbox 91 2305 1440 2354; baseline 0.007 -13"><span class='ocrx_word' id='word_1_269' title='bbox 91 2317 208 2354; x_wconf 90' lang='lat' dir='ltr'>quam</span> <span class='ocrx_word' id='word_1_270' title='bbox 245 2305 397 2354; x_wconf 87' lang='lat' dir='ltr'>publico</span> <span class='ocrx_word' id='word_1_271' title='bbox 445 2310 485 2345; x_wconf 87' lang='lat' dir='ltr'>et</span> <span class='ocrx_word' id='word_1_272' title='bbox 521 2307 696 2345; x_wconf 89' lang='lat' dir='ltr'>sollemni</span> <span class='ocrx_word' id='word_1_273' title='bbox 745 2309 913 2347; x_wconf 81' lang='lat' dir='ltr'>examini</span> <span class='ocrx_word' id='word_1_274' title='bbox 962 2310 1158 2349; x_wconf 89' lang='lat' dir='ltr'>submittit</span> <span class='ocrx_word' id='word_1_275' title='bbox 1195 2311 1232 2348; x_wconf 89' lang='lat' dir='ltr'>N</span> <span class='ocrx_word' id='word_1_276' title='bbox 1242 2311 1317 2349; x_wconf 88' lang='lat' dir='ltr'>ico</span> <span class='ocrx_word' id='word_1_277' title='bbox 1329 2312 1341 2349; x_wconf 96' lang='lat' dir='ltr'>l</span> <span class='ocrx_word' id='word_1_278' title='bbox 1353 2325 1440 2350; x_wconf 90' lang='lat' dir='ltr'>aus</span> 
     </span>
     <span class='ocr_line' id='line_1_39' title="bbox 92 2360 1438 2416; baseline 0.007 -19"><span class='ocrx_word' id='word_1_279' title='bbox 92 2360 287 2410; x_wconf 78' lang='lat' dir='ltr'>Sybren</span> <span class='ocrx_word' id='word_1_280' title='bbox 317 2361 582 2412; x_wconf 86' lang='lat' dir='ltr'>Sybrandi.</span> <span class='ocrx_word' id='word_1_281' title='bbox 612 2365 784 2403; x_wconf 88' lang='lat' dir='ltr'>Harlem.</span> <span class='ocrx_word' id='word_1_282' title='bbox 820 2368 936 2403; x_wconf 90' lang='lat'><strong>1829.</strong></span> <span class='ocrx_word' id='word_1_283' title='bbox 970 2370 1073 2404; x_wconf 92' lang='lat'>8.—</span> <span class='ocrx_word' id='word_1_284' title='bbox 1090 2369 1208 2416; x_wconf 87' lang='lat' dir='ltr'><strong>Aug.</strong></span> <span class='ocrx_word' id='word_1_285' title='bbox 1238 2368 1438 2407; x_wconf 89' lang='lat' dir='ltr'>Ferdin.</span> 
     </span>
     <span class='ocr_line' id='line_1_40' title="bbox 90 2416 1439 2472; baseline 0.007 -19"><span class='ocrx_word' id='word_1_286' title='bbox 90 2416 126 2453; x_wconf 91' lang='lat' dir='ltr'>D</span> <span class='ocrx_word' id='word_1_287' title='bbox 138 2418 232 2454; x_wconf 72' lang='lat' dir='ltr'>ahn</span> <span class='ocrx_word' id='word_1_288' title='bbox 244 2431 264 2456; x_wconf 94' lang='lat' dir='ltr'>e</span> <span class='ocrx_word' id='word_1_289' title='bbox 302 2418 361 2455; x_wconf 93' lang='lat' dir='ltr'>De</span> <span class='ocrx_word' id='word_1_290' title='bbox 401 2418 594 2470; x_wconf 85' lang='lat' dir='ltr'>aliquibus</span> <span class='ocrx_word' id='word_1_291' title='bbox 629 2421 801 2460; x_wconf 85' lang='lat' dir='ltr'>Platonis</span> <span class='ocrx_word' id='word_1_292' title='bbox 836 2422 940 2460; x_wconf 89' lang='lat' dir='ltr'>locis.</span> <span class='ocrx_word' id='word_1_293' title='bbox 979 2423 1134 2472; x_wconf 88' lang='lat' dir='ltr'>Lipsiae</span> <span class='ocrx_word' id='word_1_294' title='bbox 1166 2427 1284 2462; x_wconf 91' lang='lat'><strong>1829.</strong></span> <span class='ocrx_word' id='word_1_295' title='bbox 1317 2429 1353 2463; x_wconf 89' lang='lat'>4.</span> <span class='ocrx_word' id='word_1_296' title='bbox 1383 2448 1439 2453; x_wconf 86' lang='lat'>—</span> 
     </span>
     <span class='ocr_line' id='line_1_41' title="bbox 94 2474 1439 2526; baseline 0.008 -17"><span class='ocrx_word' id='word_1_297' title='bbox 94 2474 139 2510; x_wconf 90' lang='lat' dir='ltr'>A.</span> <span class='ocrx_word' id='word_1_298' title='bbox 180 2474 465 2513; x_wconf 87' lang='lat' dir='ltr'>Salomonis</span> <span class='ocrx_word' id='word_1_299' title='bbox 502 2477 779 2526; x_wconf 90' lang='lat' dir='ltr'>Voegelini</span> <span class='ocrx_word' id='word_1_300' title='bbox 818 2479 1204 2519; x_wconf 87' lang='lat' dir='ltr'>Adnotationes</span> <span class='ocrx_word' id='word_1_301' title='bbox 1243 2481 1295 2518; x_wconf 90' lang='lat' dir='ltr'>in</span> <span class='ocrx_word' id='word_1_302' title='bbox 1333 2482 1439 2521; x_wconf 88' lang='lat' dir='ltr'>Pla-</span> 
     </span>
     <span class='ocr_line' id='line_1_42' title="bbox 92 2529 1438 2585; baseline 0.008 -19"><span class='ocrx_word' id='word_1_303' title='bbox 92 2529 198 2566; x_wconf 88' lang='lat' dir='ltr'>toni</span> <span class='ocrx_word' id='word_1_304' title='bbox 211 2544 229 2567; x_wconf 90' lang='lat' dir='ltr'>s</span> <span class='ocrx_word' id='word_1_305' title='bbox 276 2531 427 2579; x_wconf 84' lang='lat' dir='ltr'>Gorgi</span> <span class='ocrx_word' id='word_1_306' title='bbox 439 2544 529 2579; x_wconf 86' lang='lat' dir='ltr'>am,</span> <span class='ocrx_word' id='word_1_307' title='bbox 587 2547 685 2585; x_wconf 89' lang='lat' dir='ltr'>quae</span> <span class='ocrx_word' id='word_1_308' title='bbox 733 2535 901 2573; x_wconf 86' lang='lat' dir='ltr'>insertae</span> <span class='ocrx_word' id='word_1_309' title='bbox 949 2540 1041 2575; x_wconf 89' lang='lat' dir='ltr'>sunt</span> <span class='ocrx_word' id='word_1_310' title='bbox 1084 2537 1194 2575; x_wconf 89' lang='lat' dir='ltr'>Actis</span> <span class='ocrx_word' id='word_1_311' title='bbox 1243 2538 1438 2577; x_wconf 87' lang='lat' dir='ltr'>societatis</span> 
     </span>
     <span class='ocr_line' id='line_1_43' title="bbox 92 2586 1436 2643; baseline 0.008 -21"><span class='ocrx_word' id='word_1_312' title='bbox 92 2586 258 2624; x_wconf 77' lang='lat' dir='ltr'>Graecae</span> <span class='ocrx_word' id='word_1_313' title='bbox 269 2587 480 2637; x_wconf 85' lang='lat' dir='ltr'>Lipsiensis</span> <span class='ocrx_word' id='word_1_314' title='bbox 490 2589 576 2627; x_wconf 90' lang='lat' dir='ltr'><strong>Vol.</strong></span> <span class='ocrx_word' id='word_1_315' title='bbox 589 2591 621 2628; x_wconf 94' lang='lat' dir='ltr'>I.</span> <span class='ocrx_word' id='word_1_316' title='bbox 633 2591 741 2629; x_wconf 88' lang='lat' dir='ltr'>Fasc.</span> <span class='ocrx_word' id='word_1_317' title='bbox 753 2592 807 2629; x_wconf 89' lang='lat' dir='ltr'>II.</span> <span class='ocrx_word' id='word_1_318' title='bbox 818 2606 854 2641; x_wconf 91' lang='lat' dir='ltr'>p.</span> <span class='ocrx_word' id='word_1_319' title='bbox 868 2594 1100 2631; x_wconf 83' lang='lat'><strong>231—254.</strong></span> <span class='ocrx_word' id='word_1_320' title='bbox 1113 2594 1221 2632; x_wconf 92' lang='lat' dir='ltr'>—B.</span> <span class='ocrx_word' id='word_1_321' title='bbox 1242 2595 1436 2643; x_wconf 85' lang='lat' dir='ltr'>Bonitz,</span> 
     </span>
     <span class='ocr_line' id='line_1_44' title="bbox 91 2642 1438 2699; baseline 0.008 -20"><span class='ocrx_word' id='word_1_322' title='bbox 91 2642 330 2681; x_wconf 73' lang='lat' dir='ltr'>Platom‘sche</span> <span class='ocrx_word' id='word_1_323' title='bbox 360 2646 530 2683; x_wconf 76' lang='lat' dir='ltr'>Studien.</span> <span class='ocrx_word' id='word_1_324' title='bbox 570 2648 685 2694; x_wconf 74' lang='lat' dir='ltr'>Wz&#39;en,</span> <span class='ocrx_word' id='word_1_325' title='bbox 716 2646 837 2686; x_wconf 88' lang='grc'><strong>1858.</strong></span> <span class='ocrx_word' id='word_1_326' title='bbox 870 2651 905 2686; x_wconf 89' lang='grc'>8.</span> <span class='ocrx_word' id='word_1_327' title='bbox 927 2649 1028 2696; x_wconf 66' lang='lat' dir='ltr'>mai„</span> <span class='ocrx_word' id='word_1_328' title='bbox 1057 2650 1125 2688; x_wconf 94' lang='lat' dir='ltr'>ubi</span> <span class='ocrx_word' id='word_1_329' title='bbox 1143 2651 1190 2688; x_wconf 91' lang='lat' dir='ltr'>de</span> <span class='ocrx_word' id='word_1_330' title='bbox 1211 2656 1438 2699; x_wconf 79' lang='lat' dir='ltr'>argumento</span> 
     </span>
    </p>
   </div>
   <div class='ocr_carea' id='block_1_3' title="bbox 90 2699 1436 2794">
    <p class='ocr_par' dir='ltr' id='par_1_11' title="bbox 90 2699 1436 2794">
     <span class='ocr_line' id='line_1_45' title="bbox 90 2699 1436 2755; baseline 0.009 -20"><span class='ocrx_word' id='word_1_331' title='bbox 90 2702 130 2737; x_wconf 87' lang='lat' dir='ltr'>et</span> <span class='ocrx_word' id='word_1_332' title='bbox 157 2699 312 2738; x_wconf 86' lang='lat' dir='ltr'>consilio</span> <span class='ocrx_word' id='word_1_333' title='bbox 344 2700 485 2750; x_wconf 87' lang='lat' dir='ltr'>dialogi</span> <span class='ocrx_word' id='word_1_334' title='bbox 503 2715 539 2751; x_wconf 85' lang='lat' dir='ltr'>p.</span> <span class='ocrx_word' id='word_1_335' title='bbox 563 2705 710 2742; x_wconf 83' lang='lat'><strong>3—41.</strong></span> <span class='ocrx_word' id='word_1_336' title='bbox 734 2708 844 2743; x_wconf 89' lang='lat' dir='ltr'>acute</span> <span class='ocrx_word' id='word_1_337' title='bbox 874 2704 1103 2755; x_wconf 77' lang='lat' dir='ltr'>disputatur.</span> <span class='ocrx_word' id='word_1_338' title='bbox 1113 2708 1224 2745; x_wconf 88' lang='lat' dir='ltr'><strong>———.R</strong></span> <span class='ocrx_word' id='word_1_339' title='bbox 1254 2708 1297 2746; x_wconf 91' lang='lat' dir='ltr'>B.</span> <span class='ocrx_word' id='word_1_340' title='bbox 1328 2708 1436 2749; x_wconf 82' lang='lat' dir='ltr'>Hir-</span> 
     </span>
     <span class='ocr_line' id='line_1_46' title="bbox 1359 2771 1379 2794; baseline 0 0"><span class='ocrx_word' id='word_1_341' title='bbox 1359 2771 1379 2794; x_wconf 58' lang='lat' dir='ltr'><strong><em>u</em></strong></span> 
     </span>
    </p>
   </div>
  </div>
 </body>
</html>
