1696 2976
218 116 274 160 66

763 123 1063 160 PLATONIS

222 231 445 292 ὑπέλαβον
466 236 555 280 τῶν
577 236 981 295 παρακαθημένων,
1007 235 1223 295 ὁποτέρως
1245 233 1468 294 βούλοιτο,
1492 235 1607 283 οὕτω

220 303 436 356 διεξιέναι.
458 309 598 349 Δοκεῖ
615 306 769 350 τοίνυν
789 322 877 362 μοι,
902 308 1001 362 ἔφη,
1025 304 1303 362 χαριέστερον
1326 303 1439 350 εἶναι
1460 306 1607 363 μῦθον

217 365 326 427 ὑμῖν
349 370 503 427 λέγειν.

216 511 300 543 Mox
316 504 413 544 οὕτω
430 514 515 544 ante
532 509 714 553 διεξιέναι
737 515 886 546 tuentur
908 512 1008 548 codd.
1032 506 1195 555 plerique
1220 522 1352 548 omnes.
1384 513 1480 548 Vett.
1506 513 1606 548 editt.

215 566 404 599 perperam
421 557 603 590 omittunt.

261 667 301 699 C.
326 662 611 712 ὑπέλαβον-
624 666 874 713 διεξιέναι]

214 712 262 789 ξ.
307 723 337 747 e.
381 710 707 756 respondentes
750 715 821 747 iub
835 725 878 747 e-

246 767 267 789 a
275 767 297 789 n
307 759 332 788 t.

259 800 413 844 μῦθον
428 797 539 845 ὑμῖν
556 801 726 847 λέγειν]
761 804 877 845 Quum

216 846 258 884 ii,
288 847 350 888 qui
369 848 633 889 antiquissimis
655 849 878 890 temporibus

216 890 311 933 apud
329 891 489 924 Graecos
512 893 740 925 exstitissent
762 892 877 935 philo-

214 935 331 978 sophi,
347 937 553 979 sapientiae
566 937 705 979 placita
722 941 758 970 et
773 947 879 980 prae—

215 982 322 1022 cepta
346 981 398 1012 ita
414 981 705 1023 proposuissent,
732 985 772 1014 ut
793 992 876 1024 poe-

214 1034 296 1057 seos
319 1026 539 1058 ornamentis
562 1029 751 1059 uterentur
770 1026 815 1058 ad
833 1037 878 1059 ea

212 1068 430 1102 illustranda
447 1076 484 1102 et
492 1069 785 1111 commendanda,
802 1070 879 1103 vel·

213 1115 268 1146 uti
308 1113 565 1156 Empedocles,
619 1115 875 1158 Xenophanes,

213 1157 446 1191 Parmenides
455 1183 466 1200 ,
502 1158 741 1202 Epicharmus
749 1184 757 1198 ,
791 1160 874 1192 alii:

213 1202 415 1235 mirandum
438 1213 509 1236 non
533 1206 607 1245 est,
639 1203 735 1246 quod
766 1204 877 1237 etiam

213 1247 428 1289 posterioris
457 1249 590 1281 aetatis
618 1249 804 1291 sapientes
832 1248 877 1281 ad

213 1291 455 1324 declarandas
477 1293 668 1334 opiniones
691 1303 776 1325 suas
793 1304 876 1336 poe-

212 1337 305 1369 ticas
350 1336 592 1370 adhibuerunt
634 1338 878 1379 narrationes,

214 1390 284 1422 quo
306 1382 540 1414 severitatem
562 1382 768 1424 sapientiae
787 1386 876 1414 tem—

212 1428 384 1467 perarent
405 1425 611 1459 fabularum
634 1427 815 1459 suavitate
841 1429 877 1459 et

211 1469 449 1502 iucunditate.
480 1471 530 1502 Et
549 1470 619 1503 hoc
636 1471 776 1512 quidem
797 1471 876 1513 phi-

212 1513 427 1557 losophandi
455 1525 587 1558 genere
617 1515 728 1548 etiam
756 1515 877 1558 sophi-

213 1561 294 1592 stae
320 1559 381 1591 usi
415 1569 494 1592 esse
528 1560 773 1602 reperiuntur,
806 1570 876 1601 quo

212 1604 330 1646 magis
352 1603 519 1636 iuvenum
543 1604 681 1637 animos
703 1604 876 1645 eloquen-

212 1649 287 1681 tiae
315 1647 502 1681 illecebris
531 1651 704 1692 caperent
733 1652 876 1691 captos-

212 1701 282 1733 que
298 1694 475 1727 tenerent.
503 1692 598 1725 Nota
606 1696 662 1726 est
678 1696 714 1726 et
729 1693 876 1725 multum

214 1736 402 1770 celebrata
436 1737 582 1770 Prodici
612 1738 797 1780 sophistae
829 1737 874 1770 de

211 1781 371 1814 Hercule
388 1783 567 1822 narratio,
591 1792 662 1824 qua
679 1784 710 1815 is
726 1783 874 1815 virtutis

211 1825 473 1867 praestantiam
515 1826 701 1859 illustrare
741 1830 777 1859 et
812 1837 874 1860 vo-

209 1870 364 1912 luptatis
377 1873 618 1913 contemptum
627 1871 876 1904 commendare

211 1914 361 1949 studuit.
383 1915 513 1957 Itaque
527 1916 637 1949 etiam
645 1915 874 1958 Protagoras,

212 1959 431 1991 sententiam
457 1969 560 1992 suam
584 1960 627 1992 de
650 1960 805 1992 hominis
829 1959 875 1992 ad

210 2004 380 2036 virtutem
410 2004 639 2038 institutione
666 2004 874 2038 declaratu-

209 2058 283 2089 rus,
299 2047 428 2080 fabula
443 2049 568 2090 utitur,
585 2049 670 2090 quia
686 2047 795 2082 δοκεῖ
809 2060 875 2092 χοι·

210 2090 399 2135 ριέστερον
440 2088 531 2126 slva
573 2092 702 2136 μῦθον
739 2091 876 2137 λέγειν.

211 2137 293 2178 Qua
323 2137 361 2169 in
393 2147 432 2169 re
469 2147 602 2179 operae
633 2138 788 2180 pretium
820 2141 876 2171 est

211 2180 511 2223 animadvertere,
528 2182 873 2223 quantacumlicen-

209 2227 263 2259 tia
278 2228 446 2259 versatus
457 2227 516 2261 sit.
548 2227 763 2268 Quanquam
780 2227 875 2260 enim

211 2273 290 2303 tota
312 2270 404 2303 haec
425 2271 587 2304 narratio
604 2272 802 2313 composita
820 2275 875 2304 est

212 2315 258 2347 ad
268 2315 503 2348 imitationem
512 2315 660 2348 fabulae
667 2315 873 2348 Hesiodeae

211 2359 254 2392 de
271 2359 486 2393 Prometheo
514 2362 551 2393 et
567 2359 734 2393 Pandora
756 2359 874 2392 'Pheo-

211 2414 294 2446 gon.
302 2405 403 2447 p.535
411 2414 502 2446 sqq.‚
510 2408 631 2438 tamen
638 2404 708 2437 dici
718 2414 787 2437 non
795 2407 875 2447 pot-

213 2452 270 2481 est
279 2473 288 2489 ,
302 2451 476 2490 quantum
491 2450 527 2482 in
540 2448 693 2492 singulis
708 2449 873 2492 partibus

211 2493 258 2526 ab
275 2493 400 2526 eadem
415 2493 574 2526 recedat.
611 2494 667 2527 De
684 2503 753 2536 quo
765 2503 875 2536 argu-

211 2541 331 2571 mento
360 2536 580 2581 peculiarem
601 2538 747 2582 scripsit
776 2547 872 2570 com-

211 2583 470 2616 mentationem
499 2582 675 2616 Arnold.
704 2582 871 2615 Ekker:

214 2627 442 2670 Specimen
495 2627 537 2658 in
591 2627 872 2670 Protagorae

213 2671 325 2715 apud
346 2670 576 2704 Platonem
593 2672 806 2705 Fabulam
823 2671 874 2703 de

211 2716 241 2747 P
251 2726 295 2749 ro
304 2727 336 2748 m
346 2715 444 2749 ethe
453 2725 484 2747 o.
518 2715 680 2748 Traiecti
697 2715 742 2748 ad
760 2716 873 2748 Rhen.

213 2761 310 2794 1822.
327 2762 359 2795 8.
397 2760 569 2792 Nimirum
598 2760 802 2803 philosophi
832 2760 875 2792 il-

208 2803 281 2839 lius
289 2805 424 2840 aetatis
433 2805 501 2838 hoc
508 2805 822 2848 sibisumpserunt,
838 2807 879 2837 ut

946 668 1103 708 fabulas,
1127 670 1172 703 ab
1197 669 1417 711 antiquitate
1441 668 1608 710 traditas,

946 714 992 746 ad
1008 724 1109 747 suam
1131 725 1204 747 rem
1221 714 1463 747 transferrent
1486 718 1522 747 et
1544 725 1607 757 pro

947 759 1101 792 consilio
1108 769 1171 792 suo
1181 762 1372 800 mutarent,
1382 762 1609 801 exornarent,

946 803 1188 841 illustrarent,
1213 802 1507 845 quemadmodum
1523 813 1609 846 poe-

944 850 1002 880 tas
1019 849 1184 881 scenicos
1208 849 1370 881 novimus
1388 847 1530 880 easdem
1546 858 1610 890 pro

945 893 1175 925 consiliorum
1234 903 1376 925 suorum
1428 893 1610 925 varietate

944 938 1046 970 varie
1063 940 1224 969 mutasse
1239 940 1275 969 et
1292 937 1337 969 ad
1349 947 1422 970 rem
1440 947 1610 980 praesen-

946 984 1018 1014 tem
1035 981 1339 1015 accommodasse.
1371 982 1419 1013 Et
1434 981 1608 1024 Protago—

945 1036 1007 1059 rae
1030 1026 1173 1068 quidem
1202 1026 1422 1069 propositum
1451 1026 1519 1059 hoc
1543 1029 1608 1067 est,

943 1073 984 1102 ut
1006 1071 1176 1103 virtutem
1198 1069 1364 1103 doctrina
1386 1080 1490 1113 posse
1514 1081 1609 1103 com-

943 1116 1066 1156 parari
1087 1115 1157 1148 hae
1178 1116 1387 1148 narratione
1410 1115 1608 1148 verisimile

943 1159 1071 1192 reddat
1088 1162 1300 1201 ceterasque
1324 1159 1484 1192 Socratis
1506 1159 1607 1192 dubi-

944 1204 1102 1236 tationes
1126 1207 1305 1237 amoveat.
1366 1204 1481 1244 Quum
1513 1204 1609 1236 enim

945 1248 1115 1281 Socrates
1150 1248 1304 1281 dixisset
1339 1249 1507 1281 virtutem
1537 1249 1609 1281 sibi

944 1302 1015 1325 non
1046 1293 1162 1326 videri
1198 1292 1364 1325 doctrina
1401 1292 1476 1326 ullo
1505 1292 1608 1326 modo

944 1338 1146 1380 comparari
1168 1347 1290 1379 posse,
1319 1338 1539 1380 Protagoras
1571 1337 1608 1370 id

945 1382 1039 1424 agit,
1066 1385 1106 1414 ut
1133 1381 1264 1415 doceat
1285 1391 1399 1424 genus
1415 1381 1607 1414 humanum

943 1426 1068 1468 utique
1084 1426 1276 1469 paullatim
1289 1429 1430 1459 tantum
1447 1426 1492 1458 ad
1508 1427 1607 1459 vitae

945 1471 1066 1504 civilis
1106 1471 1241 1503 cultum
1275 1470 1606 1512 humanitatemque

942 1525 1169 1557 progressum
1223 1525 1318 1552 esse,
1371 1515 1606 1557 omnibusque

942 1562 1075 1591 natura
1108 1560 1227 1592 inesse
1257 1569 1400 1592 sensum
1429 1559 1606 1601 quendam

942 1604 1030 1636 iusti
1046 1606 1083 1636 et
1098 1603 1254 1644 honesti,
1277 1603 1339 1645 qui
1361 1603 1553 1646 disciplina
1570 1607 1607 1637 et

942 1648 1171 1681 institutione
1203 1648 1318 1690 possit
1342 1648 1513 1686 excitari,
1542 1658 1604 1680 au-

943 1693 1032 1734 geri,
1051 1692 1286 1725 corroborari.
1317 1692 1385 1724 His
1397 1691 1526 1725 deinde
1544 1693 1605 1725 ad-

942 1737 994 1768 dit
1010 1740 1224 1779 argumenta
1246 1736 1437 1778 quaedam,
1462 1747 1506 1770 ex
1528 1738 1606 1780 qui-

940 1782 1008 1814 bus
1025 1785 1202 1824 appareat
1216 1781 1456 1814 Athenienses
1464 1791 1606 1824 quoque

942 1826 978 1858 in
996 1836 1039 1858 ea
1056 1836 1135 1859 esse
1158 1826 1357 1865 sententia,
1381 1828 1421 1858 ut
1435 1826 1605 1859 virtutem

942 1870 1109 1903 doctrina
1143 1873 1180 1903 et
1216 1870 1444 1903 institutione
1483 1871 1607 1913 parari

942 1925 1049 1957 posse
1079 1915 1297 1949 existiment.
1344 1915 1511 1957 Denique
1544 1926 1604 1948 ex-

942 1960 1078 2002 plicare
1094 1959 1229 1997 studet,
1253 1958 1345 1992 unde
1368 1958 1449 2000 fiat,
1472 1962 1512 1992 ut
1529 1959 1605 1993 cla-

940 2004 1162 2036 rissimorum
1174 2004 1331 2037 virorum
1347 2002 1412 2036 filii
1427 2003 1604 2037 malieva-

941 2048 1025 2082 dere
1067 2058 1185 2090 neque
1222 2051 1410 2090 parentum
1450 2049 1604 2082 virtutes

942 2092 1119 2125 aemulari
1163 2091 1367 2126 videantur.
1435 2091 1604 2126 Ceterum

942 2139 1102 2170 attentos
1119 2136 1276 2170 lectores
1297 2147 1368 2169 non
1391 2137 1509 2179 fugiet
1524 2148 1603 2170 ora-

937 2182 1084 2218 tionem.
1099 2191 1170 2222 qua
1178 2181 1399 2224 Protagorae
1405 2181 1533 2215 fabula
1543 2192 1603 2215 ex-

939 2227 1095 2269 ponitur,
1109 2235 1196 2268 prae
1210 2236 1249 2258 se
1262 2226 1356 2258 ferre
1372 2226 1530 2269 speciem
1544 2236 1601 2258 co-

940 2270 1124 2311 loremque
1138 2270 1246 2312 plane
1255 2270 1446 2312 poeticum.
1472 2270 1601 2312 Quem-

942 2314 1128 2348 admodum
1171 2315 1265 2346 enim
1301 2315 1339 2346 in
1374 2314 1458 2347 aliis
1486 2314 1601 2353 libris,

940 2359 1054 2392 veluti
1069 2359 1106 2391 in
1121 2358 1318 2401 Symposio,
1336 2359 1398 2401 qui
1412 2358 1602 2401 loquentes

940 2403 1174 2444 inducuntur,
1191 2404 1245 2435 ita
1259 2403 1372 2437 verba
1385 2403 1542 2443 faciunt,
1561 2407 1600 2435 ut

940 2448 1085 2491 proprio
1102 2451 1212 2489 atque
1228 2458 1293 2480 suo
1309 2446 1451 2480 dicendi
1467 2457 1599 2489 genere

939 2496 1099 2534 utantur,
1117 2493 1418 2534 sicnuncquoque
1434 2491 1600 2534 sophista

937 2539 992 2570 ita
1008 2537 1282 2577 sermocinatur,
1299 2539 1338 2568 ut
1353 2545 1519 2578 promore
1535 2546 1599 2569 suo

937 2580 1162 2625 splendidam
1178 2584 1288 2622 atque
1295 2579 1467 2624 grandem
1482 2583 1600 2613 secte-

938 2630 997 2659 tur
1027 2626 1238 2658 orationem.
1291 2624 1366 2657 1m0
1397 2628 1476 2657 tota
1506 2625 1599 2657 haec

940 2670 1069 2704 sabula
1095 2669 1252 2713 repetita
1276 2667 1419 2702 videtur
1441 2679 1484 2702 ex
1507 2669 1599 2702 libro

939 2715 1180 2757 Protagorae.
1215 2713 1276 2768 qui
1304 2714 1500 2756 inscriptus
1529 2714 1601 2746 suit

942 2757 1036 2801 Περὶ
1064 2759 1130 2802 τῆς
1156 2753 1197 2792 ἐν
1217 2757 1311 2801 αρχῇ
1327 2753 1596 2796 καταστάσεως.

941 2806 1154 2845 Quanquam
1177 2802 1263 2845 quid
1284 2803 1320 2835 in
1337 2813 1380 2835 ea
1396 2803 1599 2836 imitatione
