1690 2892
32 568 35 572 ·
83 541 230 620 μένῳ·
219 575 229 593 ,

397 170 641 210 GORGIAS.
669 170 714 209 P.
746 172 839 208 503.
871 172 963 208 504.
993 169 1053 208 ed.
1084 168 1140 207 St.
1361 169 1442 204 269

91 279 129 323 δ’
155 278 184 336 ἦ
210 282 346 335 ψυχῆς
375 279 547 331 ἀταξίας
573 282 765 334 τυχοῦσα
792 276 907 320 ἔσται
933 278 1126 333 Ιχρηστή,
1165 275 1192 331 ἢ
1219 275 1375 327 τάξεώς
1401 289 1445 317 τε

91 346 160 389 καὶ
189 347 356 401 κόσμου
382 346 521 396 τινός;
570 337 708 387 ΚΑΛ.
744 340 929 398 Ἀνάγκη
967 343 1012 386 ἐκ
1039 345 1126 385 τῶν
1155 342 1348 396 πρόσθεν
1374 340 1447 383 καὶ

90 419 219 454 τοῦτο
247 413 571 466 συνομολογεῖν.
626 411 725 452 ΣΩ.
776 410 826 451 Τί
865 405 947 451 οὖν
975 409 1114 463 ὄνομά
1149 407 1263 450 ἐστιν
1301 406 1348 450 ἐν
1386 409 1446 463 τῷ

92 479 254 532 σώματι
291 479 351 534 τῷ
390 476 436 519 ἐκ
482 482 558 530 τῆς
592 475 745 526 τάξεώς
780 489 823 516 τε
860 475 931 516 καὶ
970 481 1048 516 τοῦ
1095 474 1262 528 κόσμου
1302 488 1446 527 γιγνο-

299 544 437 584 ΚΑΛ.
478 537 674 595 “Τγίειαν
709 556 781 582 και
828 537 951 594 ἰσχὺν
987 539 1088 588 ἴσως
1134 538 1278 593 λέγεις.
1348 540 1447 580 ΣΩ.

83 605 271 663 ”Εγωγε.
309 608 351 649 τί
377 606 423 650 δὲ
459 603 515 649 αὖ
542 612 600 661 τῷ
638 605 685 648 ἐν
722 613 774 661 τῇ
813 613 931 661 ψυχῇ
970 602 1261 661 ἐγνιγνομένῳ
1300 603 1346 646 ἐκ
1373 610 1449 658 τῆς
1481 603 1517 647 C

95 674 248 725 τάξεως
274 673 346 715 καὶ
373 680 451 715 τοῦ
479 673 667 727 κόσμους
711 674 843 726 πειρῶ
872 672 1013 724 εὑρεῖν
1051 670 1122 713 καὶ
1151 671 1284 712 εἰπεῖν
1313 667 1450 723 ὥςπερ

96 738 234 781 ἐκεῖνο
271 739 320 781 τὸ
359 741 510 793 ὄνομα.
570 740 710 780 ΚΑΛ.
758 738 808 779 Τί
844 736 889 779 δὲ
930 738 1012 779 οὐκ
1049 735 1179 786 αὐτὸς
1214 734 1362 789 λέγεις,
1417 730 1450 777 ὦ

96 805 348 885 Econoate93
390 807 489 846 ΣΩ.
522 800 627 846 '’Am
657 804 698 845 εἴ
721 813 790 846 σοι
827 802 951 858 ἥδιόν
981 802 1116 853 ἐστιν,
1154 800 1237 856 ἐγὼ
1266 800 1358 855 ἐρῶ.
1397 802 1451 842 σὺ

98 869 156 921 δέ,
186 870 241 912 ἂν
268 870 347 925 μέν
374 880 443 912 σοι
470 871 585 913 δοκῶ
614 869 696 924 ἐγὼ
725 872 864 918 καλῶς
890 866 1038 923 λέγειν,
1069 869 1203 921 φάθι·
1244 867 1280 908 εἰ
1308 866 1353 909 δὲ
1380 867 1448 922 μή,

100 936 237 990 ἔλεγχε
264 935 334 977 καὶ
363 935 420 990 μὴ
451 934 657 990 ἐπίτρεπε.
698 933 838 990 ε’μοιγε
875 934 996 976 δοκεῖ
1029 937 1121 983 ταῖς
1148 932 1227 988 μὲν
1266 940 1345 975 τοῦ
1373 933 1451 974 σώ-

95 1017 227 1056 ματος
251 1002 417 1053 τάξεσιν
457 1003 595 1056 ὄνομα
621 998 731 1044 εἶναι
757 1001 970 1054 ὑγιεινόν,
1014 999 1056 1051 ἐξ
1094 993 1147 1041 οὗ
1186 998 1233 1040 ἐν
1271 1000 1386 1052 αὐτῷ
1423 999 1452 1053 ἡ

96 1067 235 1119 ὑγίεια
271 1068 460 1121 γίγνεται
498 1067 568 1108 καὶ
615 1067 645 1122 ἦ
681 1069 786 1120 ἄλλη
826 1064 953 1120 αρετὴ
991 1071 1070 1106 τοῦ
1109 1065 1317 1119 σώματος.
1365 1062 1452 1105 ἐστι

96 1139 230 1175 ταῦτα
265 1132 292 1186 ἢ
333 1134 414 1175 οὐκ
451 1130 565 1174 ἔστιν
576 1151 587 1183 3
631 1134 768 1174 ΚΑΛ.
799 1128 940 1173 ”Εστι.
997 1132 1100 1172 ΣΩ.
1150 1132 1254 1179 Ταῖς
1294 1129 1340 1171 δὲ
1377 1136 1453 1184 τῆς
1482 1139 1524 1181 D

97 1346 247 1387 exhibet,
270 1345 306 1378 id
330 1346 528 1402 posterioris
545 1346 667 1378 aetatis
685 1346 986 1389 grammaticorum
1001 1346 1202 1379 haeresibus
1218 1344 1452 1378 tribuendum.

98 1393 183 1425 Mox
205 1393 311 1424 verba.
353 1391 496 1435 Ῡγίειαν
518 1391 574 1424 καὶ
601 1390 704 1434 ἰσχὺν
727 1391 814 1426 ἴσως
838 1391 956 1433 λέγεις,
992 1402 1081 1434 quae
1104 1392 1210 1434 vulgo
1234 1391 1279 1423 ad
1304 1391 1454 1423 Socratis

97 1438 281 1470 trahuntur
303 1437 505 1478 orationem,
528 1438 577 1470 ita
599 1441 638 1469 ut
661 1437 855 1479 proximum
872 1435 1007 1480 Ἔγωγε
1022 1437 1192 1470 tribuatur
1209 1436 1359 1478 Callicli,
1383 1447 1454 1469 non

99 1483 255 1515 dubitavi
287 1493 367 1516 cnm
397 1482 599 1516 Heindorfio
631 1482 770 1515 Callicli
803 1482 1014 1523 adscribere,
1051 1494 1153 1525 quam
1184 1483 1354 1515 rationem
1383 1483 1454 1514 iarn

99 1529 243 1562 Ficinus
273 1532 438 1571 sequutus
472 1532 524 1561 est
559 1532 594 1561 et
623 1528 733 1560 suasit
767 1529 872 1560 etiam
906 1527 1103 1561 Comarius.
1152 1528 1208 1560 Sic
1238 1529 1343 1561 etiam
1374 1528 1453 1560 vat.

101 1574 187 1607 Ven.
214 1573 254 1606 Σ.
279 1573 380 1606 vind.
405 1572 438 1607 2.
461 1574 540 1606 Par.
563 1573 747 1606 BCEIV.
771 1574 841 1606 alii.

167 1664 205 1697 C.
236 1663 377 1706 ὥςπερ
413 1663 563 1697 ἐκεῖνο
599 1662 642 1697 τὸ
673 1662 826 1708 ὄνομα]
867 1664 1074 1697 Emendavit
1104 1663 1286 1698 Heindorf.
1318 1663 1454 1708 ἐκείνῳ.

169 1756 316 1798 ἔμοιγε
349 1754 488 1799 δοκεῖ]
523 1755 639 1788 Clark.
673 1755 787 1798 ἔμοιγε
818 1752 884 1798 γὰρ
911 1755 1017 1788 δοκεῖ.
1051 1756 1130 1788 Bas.
1155 1754 1187 1787 2.
1213 1754 1289 1795 ἐμοὶ
1315 1754 1382 1797 γὰρ
1410 1755 1453 1795 δ.,

99 1804 138 1833 ut
160 1802 261 1833 Turr.
283 1800 401 1833 Herm.
446 1801 488 1834 In
510 1801 676 1844 proximis
699 1801 825 1834 Heind.
849 1802 936 1834 coni.
960 1798 1072 1840 ὄνομα
1096 1797 1190 1833 εἶναι
1213 1799 1248 1832 τὸ
1274 1798 1454 1843 ὑγιειιόι,·

101 1857 170 1879 non
195 1856 290 1890 opus

102 2037 368 2078 bricatores,
398 2042 570 2071 ceteros
594 2048 741 2071 omnes

102 2084 311 2126 opifices,
353 2083 565 2126 quomodo
597 2084 741 2116 omnia

104 2129 256 2162 ordine
280 2128 522 2172 disponant
544 2133 608 2163 etc.
640 2129 741 2170 Quod

809 2049 910 2071 usum
949 2038 1085 2071 Latinis
1122 2049 1338 2072 communem
1379 2049 1455 2072 esse

810 2085 895 2116 satis
920 2089 1064 2118 constat.

101 2174 202 2207 vides
234 2174 365 2207 dictum
396 2185 472 2207 esse
507 2175 635 2207 omissa
665 2185 745 2217 apo-

104 2220 193 2259 dosi,
227 2231 314 2262 quae
343 2225 458 2253 tamen
489 2220 572 2253 latet
602 2221 639 2252 in
670 2220 743 2252 his:

104 2263 150 2299 ὥς
188 2264 240 2299 εἰς
280 2263 376 2306 τάξιν
415 2277 444 2297 κ.
477 2277 503 2297 τ.
532 2266 559 2298 λ.
606 2266 744 2298 Etenim

104 2310 171 2342 dici
193 2314 325 2353 poterat
347 2311 414 2343 sic:
446 2321 468 2342 v
478 2310 593 2343 eluti
617 2312 654 2343 si
677 2312 743 2343 vis

105 2355 311 2388 consider
323 2366 448 2388 are—
460 2355 663 2398 opifices,
687 2357 744 2388 fa-

105 2401 189 2433 cile
242 2401 594 2441 animadvertes,
646 2412 747 2444 quo-

104 2445 222 2478 modo
246 2446 394 2478 omnia
427 2445 579 2479 ordine
603 2445 744 2489 dispo-

104 2496 222 2524 nant.
275 2492 327 2523 De
351 2491 527 2533 'asyndeto
562 2491 744 2524 verborum

106 2533 184 2570 τοὺς
208 2534 331 2571 ἄλλους
360 2535 489 2570 πάνιας
508 2535 744 2580 δημιουργούς

103 2592 136 2613 v.
166 2581 209 2614 ad
240 2581 397 2624 Sympos.
435 2593 467 2624 p.
499 2580 574 2614 186.
605 2582 648 2614 D.
692 2583 743 2615 De

154 2637 186 2669 p.
229 2627 270 2659 V.
302 2638 335 2669 p.
358 2626 435 2660 434.
469 2627 510 2659 A.
535 2627 577 2659 X.
610 2637 641 2668 p.
666 2626 742 2660 598.

105 2672 144 2704 B.
168 2672 311 2704 Theaet.
334 2683 366 2714 p.
391 2671 467 2705 171.
490 2673 529 2704 Β.
553 2672 630 2704 coll.
654 2673 744 2706 infra

104 2727 138 2759 p.
170 2715 247 2751 517.
288 2718 331 2750 D.
385 2717 544 2750 Eundem
579 2717 744 2759 loquendi

859 2175 897 2207 P.
922 2173 999 2208 504.
1024 2175 1063 2207 B.
1095 2175 1163 2207 καὶ
1197 2178 1323 2207 τοῦτο
1356 2186 1454 2207 συν-

813 2220 1074 2263 ομολογεῖν]
1137 2221 1328 2263 Responsio
1381 2226 1456 2253 tan-

812 2265 987 2298 tummodo
1023 2265 1066 2298 ad
1090 2266 1279 2298 secundam
1311 2266 1457 2299 refertur

812 2311 1092 2353 interrogationis
1129 2315 1277 2354 partem,
1330 2312 1379 2343 ita
1418 2316 1457 2344 ut

812 2357 1022 2400 cogitatione
1052 2355 1131 2389 addi
1162 2357 1284 2389 liceat:
1315 2355 1368 2388 ὅτι
1400 2357 1455 2388 ια’-

812 2400 898 2443 ξεώς
924 2413 958 2434 τε
982 2402 1036 2434 καὶ
1062 2400 1194 2440 κόσμου
1220 2401 1313 2436 τινὸς
1338 2405 1454 2444 τυχοῦ-

814 2457 857 2479 σα
881 2447 974 2479 ἔσται
997 2445 1137 2490 χρηστή.

858 2537 895 2569 C.
922 2536 1068 2578 ὥςπερ
1102 2537 1254 2569 ἐκεῖνο
1288 2535 1330 2569 τὸ
1357 2535 1453 2570 ὅνο-

812 2581 876 2625 μα]
902 2582 928 2614 1.
953 2593 982 2614 e.
1005 2593 1120 2622 ωςπερ
1146 2576 1249 2624 εὗρες
1274 2583 1328 2614 καὶ
1355 2578 1453 2615 εἶπες

812 2628 868 2659 καὶ
893 2626 1009 2659 ἐκεῖνο
1034 2625 1069 2659 τὸ
1093 2625 1211 2667 ὄνομα.
1258 2628 1336 2660 Non
1368 2638 1454 2669 opus

811 2677 864 2704 est
887 2671 1028 2715 ἐκείνῳ.
1062 2672 1152 2714 quod
1181 2673 1223 2705 de
1255 2673 1455 2706 coniectura

811 2717 1073 2750 Heindorfii
1098 2717 1287 2750 ediderunt.
