1682 2944
471 154 544 193 AD
573 152 818 192 GORGIAM
845 150 1117 190 PLATONIS.
1448 151 1471 184 9

207 270 370 311 Quaerit
398 268 501 307 enim
538 279 589 304 ex
626 278 671 304 eo
700 265 952 314 Chaerephon
982 262 1149 302 Socratis
1187 262 1367 307 hortatn,
1408 273 1473 298 ve-

122 340 258 366 rumne
288 326 355 373 sit,
394 324 496 377 quod
533 326 623 361 ante
651 321 867 359 narraverit
896 320 1092 367 Callicles,
1131 332 1221 357 eum
1256 318 1305 356 ad
1335 316 1474 363 omnia,

122 396 220 436 quae
250 383 337 434 quis
364 382 593 429 interroget,
629 378 859 428 respondere
896 390 1018 427 posse.
1077 376 1260 414 Affirmat
1295 374 1362 412 ille
1390 386 1474 412 rem

119 440 345 489 gravissime
373 438 504 488 aitque
532 436 646 474 licere
675 434 792 472 huius
819 433 876 472 rei
896 446 1030 483 capere
1055 432 1281 483 periculum.
1327 431 1370 468 P.
1393 430 1472 467 447

122 518 179 524 —
196 499 290 534 448.
317 496 366 532 A.
1136 501 1139 505 ‘

206 552 282 590 Hic
309 563 403 590 vero
421 549 550 595 Polus,
580 547 745 596 Gorgiae
765 545 911 585 amicus
931 549 972 584 et
989 544 1203 592 familiaris,
1231 542 1475 599 magistrum,

123 607 393 646 declamitandi
412 606 541 644 labore
569 604 788 653 fatigatum,
818 602 1041 653 disputandi
1071 615 1185 640 onere
1205 601 1406 639 levaturus
1436 602 1477 637 et

121 677 231 702 suam
249 663 371 714 ipsius
397 666 530 708 artem,
559 664 605 700 ut
623 661 791 707 videtur,
824 663 1103 706 ostentaturus,
1132 671 1173 696 se
1192 660 1372 708 paratum
1392 668 1476 694 esse

123 720 178 759 ait
205 721 254 758 ad
282 724 411 770 partes
446 718 550 756 illius
586 717 860 767 suscipiendas.
919 716 1088 754 Miratur
1116 714 1370 764 Chaerephon
1407 713 1476 768 11οῂ

122 776 236 815 minis
265 775 554 821 confidentiam,
594 774 661 825 qui
690 787 731 812 se
760 776 888 823 speret
916 772 1100 821 magistro
1128 771 1268 809 melius
1303 770 1476 820 disputa-

122 838 254 872 turum
283 846 385 880 esse;
416 844 465 869 ne
493 835 624 869 tamen
653 829 690 868 ei
718 830 850 867 deesse
879 829 1076 876 videatur,
1116 841 1202 866 cum
1231 840 1276 865 eo
1305 825 1478 865 instituit

122 890 307 928 disserere
336 890 383 927 de
412 892 553 926 natura
591 891 631 926 et
658 886 699 925 vi
729 886 822 925 artis
860 885 1085 924 rhetoricae.
1145 884 1370 922 Sciscitatur
1404 881 1476 932 igi-

122 951 198 993 tur,
228 945 428 983 cuiusnam
457 944 552 982 artis
581 943 742 992 Gorgias
771 942 919 993 peritus
949 942 1000 980 sit
1035 946 1075 980 et
1104 954 1180 992 quo
1209 940 1364 978 nomine
1393 940 1477 990 ipse

123 1003 170 1040 ab
201 1015 246 1040 ea
273 1006 376 1040 recte
406 1001 630 1051 appelletur.
668 1000 891 1049 Respondet
910 999 1028 1037 Polus
1044 1011 1133 1036 emn
1152 997 1325 1048 profiteri
1354 1000 1478 1035 artem

122 1059 235 1107 longe
264 1057 570 1108 pulcherrimam.
629 1055 737 1097 Quae
751 1056 963 1106 'responsio
1001 1055 1324 1107 quemadmodum
1352 1053 1478 1091 laudis

123 1115 239 1165 plena
276 1119 355 1161 est,
405 1114 461 1152 ita
499 1117 621 1152 artem
658 1113 854 1163 sophistae
891 1125 1028 1162 parum
1067 1116 1245 1150 accurate
1283 1109 1477 1149 describit.

124 1172 263 1223 Itaque
294 1172 469 1209 Socrates
504 1171 552 1208 ad
581 1170 774 1219 Gorgiam,
804 1170 1003 1207 Praeclare
1032 1181 1143 1215 vero,
1183 1167 1323 1219 inquit,
1359 1166 1479 1205 Polus

126 1241 167 1266 se
195 1227 350 1266 videtur
379 1228 427 1265 ad
455 1226 660 1264 dicendum
689 1225 967 1275 composuisse,
999 1225 1047 1263 ad
1075 1225 1173 1262 illud
1202 1230 1344 1271 tamen,
1375 1223 1479 1275 quod

125 1284 403 1331 interrogatum
440 1286 499 1320 est
537 1295 560 1319 a
587 1282 901 1332 Chaerephonte,
943 1281 1100 1319 minime
1139 1280 1338 1331 respondit
1376 1283 1478 1330 apte.

125 1340 224 1376 Nam
254 1344 376 1377 artem
403 1343 511 1376 tuam
539 1338 718 1376 laudibus
747 1338 890 1376 extulit
919 1338 1098 1384 summis,
1139 1337 1249 1389 quasi
1277 1337 1364 1388 quis
1393 1350 1479 1374 eam

125 1394 444 1445 reprehendisset,
484 1394 565 1432 eius
594 1398 774 1432 naturam
804 1397 934 1432 autem
963 1407 1042 1431 non
1070 1394 1262 1444 patefecit.
1321 1393 1479 1432 Etenim

126 1452 227 1502 quod
264 1451 390 1488 facere
435 1451 561 1488 solent
597 1451 699 1500 apud
738 1451 941 1489 Platonem
989 1450 1250 1501 sophistarum
1287 1449 1478 1500 discipuli,

125 1512 170 1546 ut
204 1520 334 1545 rerum
371 1520 514 1555 genera
551 1510 591 1545 et
618 1508 762 1545 formas
800 1508 968 1557 turpiter
1005 1508 1244 1546 confundant
1281 1511 1399 1558 atque
1435 1506 1477 1544 in

125 1563 352 1602 definiendis
380 1563 601 1602 notionibus
638 1563 798 1602 mirifice
826 1568 961 1610 ruant,
1001 1556 1103 1602 idem
1139 1564 1256 1602 etiam
1286 1564 1379 1602 Polo
1417 1576 1478 1601 ac·
1504 1567 1508 1569 ’

126 1619 237 1666 cidit,
268 1620 355 1671 qui,
385 1633 507 1671 quum
543 1620 738 1670 sophistae
768 1633 829 1658 ars
868 1624 1046 1659 accurate
1084 1620 1303 1658 definienda
1340 1633 1385 1658 ac
1412 1620 1478 1658 de-

126 1676 327 1714 scribenda
356 1680 476 1723 esset,
517 1689 601 1714 eam
640 1676 682 1714 in
709 1677 936 1715 universum
964 1677 1144 1715 laudibus
1174 1677 1352 1715 celebrat.
1400 1677 1478 1715 Ne-

124 1745 199 1783 que
228 1736 358 1773 tamen
385 1733 520 1779 Polus,
551 1733 643 1784 quid
672 1733 770 1771 illud
799 1734 868 1781 sit,
899 1734 1002 1785 quod
1032 1747 1056 1771 a
1085 1734 1240 1772 Socrate
1269 1733 1477 1783 reprehen-

124 1789 248 1835 datur,
278 1789 357 1826 ullo
386 1790 497 1827 modo
536 1789 736 1839 perspicit,
777 1790 844 1828 sed
874 1803 919 1827 eo
958 1803 1082 1841 usque
1121 1790 1293 1840 procedit
1331 1790 1478 1840 impru-

123 1845 296 1892 dentiae,
342 1849 387 1883 ut
424 1858 535 1883 suam
572 1846 667 1884 artis
705 1846 970 1885 definitionem
1009 1847 1127 1885 etiam
1164 1846 1265 1885 tueri
1306 1850 1476 1886 conetur.

123 1902 166 1939 P.
198 1904 290 1938 448.
320 1903 368 1938 A.
396 1923 454 1928 -—
482 1905 575 1939 449.
604 1904 654 1940 A.

208 1958 348 2008 Itaque
369 1957 554 2004 Socrates,
574 1971 748 1996 sermone
767 1958 845 1996 iam
865 1959 913 1997 ad
933 1959 1060 2009 ipsum
1080 1960 1261 2008 Gorgiam
1281 1972 1477 2007 converso,

125 2014 209 2061 Age
237 2026 348 2060 vero,
387 2014 534 2065 inquit,
565 2014 647 2064 ipse
676 2015 787 2052 nobis
816 2015 940 2062 dicas,
970 2029 1046 2067 quo
1075 2016 1230 2066 nomine
1268 2020 1308 2055 te
1347 2017 1478 2067 appel-

125 2069 283 2107 landum
312 2070 520 2117 arbitreris,
551 2075 591 2109 et
619 2084 810 2122 quaenam
839 2072 890 2110 sit
910 2085 972 2110 ars
1000 2073 1079 2119 illa,
1110 2073 1221 2111 cuius
1249 2076 1290 2111 te
1308 2073 1477 2124 peritum

124 2125 350 2174 profitearis.
408 2127 630 2176 Respondet
667 2128 733 2165 ille
771 2141 811 2166 se
851 2133 973 2167 artem
1010 2129 1188 2168 factitare
1225 2130 1476 2177 rhetoricam3

125 2181 165 2218 in
194 2195 272 2233 qua
299 2183 502 2221 tractanda
529 2197 650 2234 quum
678 2197 756 2221 non
784 2185 867 2223 sine
887 2186 1000 2223 laude
1020 2190 1199 2224 versatus
1218 2186 1280 2233 sit,
1310 2186 1477 2225 rhetoris

123 2238 276 2276 nomine
306 2252 347 2276 se
376 2240 647 2289 appellandum
667 2244 807 2279 censet.
837 2240 989 2282 Quibus
1018 2242 1160 2281 auditis
1181 2243 1370 2290 Socrates,
1400 2256 1477 2295 quo

125 2293 277 2331 facilius
304 2295 498 2333 hominem
527 2297 649 2346 possit
686 2297 823 2335 deinde
862 2299 1100 2347 argumentis
1129 2300 1349 2347 confutare,
1389 2313 1476 2338 con-

125 2349 233 2387 tinuo
263 2363 352 2388 eum
387 2351 616 2401 interrogat,
657 2354 803 2392 velitne
842 2368 887 2392 ea
934 2368 1012 2406 qua
1048 2369 1152 2394 nunc
1180 2356 1243 2394 usi
1272 2356 1351 2395 sint
1400 2356 1476 2395 dis-

124 2406 275 2444 serendi
302 2407 450 2445 ratione
478 2409 595 2447 etiam
623 2423 734 2459 porro
764 2411 841 2458 uti,
882 2412 1073 2460 longiores
1114 2416 1245 2451 autem
1282 2412 1369 2451 illos
1398 2426 1476 2451 ser—

126 2475 276 2510 mones,
318 2463 458 2514 quibus
494 2466 719 2518 plerumque
759 2467 818 2505 uti
856 2468 998 2515 soleat,
1036 2469 1079 2506 in
1115 2469 1310 2519 praesenti
1338 2469 1476 2508 missos

125 2519 262 2557 facere.
321 2520 501 2559 Affirmat
528 2522 701 2572 sophista
738 2523 812 2561 hoc
848 2523 976 2573 ipsum
1005 2538 1158 2577 quoque
1186 2539 1308 2563 unum
1348 2539 1398 2564 ex
1426 2526 1475 2564 iis

126 2588 230 2622 esse,
270 2589 368 2626 quae
397 2577 642 2626 profiteatur,
682 2580 952 2632 neminemque
988 2581 1071 2631 ipso
1099 2582 1237 2620 melius
1277 2595 1388 2632 posse
1427 2583 1474 2621 de

126 2631 259 2669 eodem
298 2638 524 2682 argumento
562 2648 677 2686 quam
705 2637 930 2676 brevissime
969 2638 1178 2688 disputare.
1236 2639 1376 2690 Itaque
1406 2639 1474 2677 So-

126 2691 249 2727 crates
278 2690 327 2728 ab
358 2702 402 2728 eo
430 2690 540 2740 petit,
569 2695 614 2731 ut
641 2692 757 2731 huius
775 2694 1108 2747 breviloquentiae
1130 2709 1234 2735 nunc
1253 2696 1473 2748 exemplum
