1702 2924
452 204 695 243 GORGIAS.
725 205 768 242 P.
801 205 895 243 467.
928 208 1021 242 468.
1051 205 1110 243 ed.
1142 205 1199 243 St.
1418 206 1492 241 151

138 312 335 354 δυνεύειν
374 312 445 354 καὶ
482 313 691 367 πράγματ’
732 310 863 367 ἔχεως
913 313 1003 354 ἀλλ’
1042 311 1200 363 έκεῖνο,
1249 307 1392 366 οἶμαι,
1442 304 1496 353 οὗ

137 377 260 420 ἕνεκα
296 375 499 430 πλέουσι,
538 381 762 421 πλουτεῖν’
805 378 998 420 πλούτου
1035 378 1119 432 γὰρ
1155 375 1278 420 ἕνεκα
1305 375 1494 419 πλέουσι.

143 444 290 484 ΠΩΛ.
323 445 452 484 Πάνυ
471 457 530 497 γε.
587 444 689 485 Σῼ.
706 439 846 486 ”Amo
867 458 907 485 τι
929 440 1011 485 οὗν
1031 443 1143 485 οὕτω
1168 441 1239 485 καὶ
1265 441 1363 495 περὶ
1390 443 1493 484 πάν-

139 523 247 557 team
287 507 363 550 ἐάν
401 509 463 557 τίς
489 524 530 550 τι
556 509 720 563 πράττῃ
748 507 872 550 ἕνεκά
899 523 1003 558 του,
1043 508 1096 549 οὐ
1123 511 1252 550 τοῦτο
1281 507 1493 561 βούλεται,

139 572 163 615 ὃ
190 575 375 628 πράττει,
404 574 492 615 ἀλλ’
522 572 683 625 έκεῖνο,
723 567 777 616 οὗ
805 572 929 616 ἕνεκα
956 574 1149 626 πράττεις
1202 575 1350 616 ΠῼΛ.
1391 573 1490 615 Ναί.
1523 573 1562 631 Ε

138 642 235 681 ΣΩ.
271 632 363 693 ‘Ap'
405 635 486 681 οὖν
525 637 610 681 ἔστι
637 654 677 680 τι
703 642 790 681 τῶν
819 642 982 690 ὄντων,
1026 637 1049 681 ὃ
1079 639 1174 694 οὐχὶ
1201 642 1295 700 ἤτοι
1324 640 1495 694 ἀγαθόν

137 701 171 758 γ’
213 702 326 746 ἐστὶν
361 704 388 758 ἢ
425 705 559 747 κακὸν
599 705 626 759 ἢ
661 704 816 759 μεταξὺ
843 705 1031 755 τούτων,
1071 707 1168 746 οὔτε
1197 705 1369 758 α’γαθὸν
1397 708 1494 747 οὔτε

135 770 291 819 κακόν;
365 772 508 812 ΠῼΛ.
567 769 715 824 Πολλὴ
754 770 945 824 ἀνάγκη,
1002 764 1035 811 ὦ
1082 771 1324 823 Σώκρατες.
1391 771 1492 812 ΣΩ.

142 835 318 876 Οὐκοῦν
352 834 486 889 λέγεις
525 831 635 877 εἶναι
663 835 834 889 άγαθὸν
861 835 940 889 μὲν
967 836 1131 890 σοφίαν
1158 850 1201 877 τε
1229 836 1299 878 καὶ
1327 836 1494 889 ὑγίειαν

137 899 206 942 καὶ
245 903 435 942 πλοῦτον
471 899 540 942 καὶ
577 897 709 942 τᾶλλα
744 900 796 941 τὰ
830 905 1032 951 τοιαῦτα,
1075 900 1186 943 κακὰ
1214 900 1259 943 δὲ
1287 901 1493 942 τάναντία

135 966 322 1016 τούτων;
371 967 516 1007 ΠΩΛ.
542 961 717 1020 ’Έγωγε
776 967 874 1007 ΣΩ.
924 966 986 1008 Τὰ
1014 964 1058 1007 δὲ
1086 968 1189 1021 μήτε
1218 966 1363 1021 ἀγαθὰ
1391 967 1493 1021 μήτε

137 1030 247 1073 κακὰ
268 1027 352 1084 ἆρα
374 1032 514 1074 τοιάδε
536 1029 685 1086 λέγεις,
714 1033 741 1072 ἃ
761 1030 894 1073 ἐνίοτε
916 1030 994 1085 μὲν
1013 1031 1170 1086 μετέχει
1197 1039 1276 1075 τοῦΙ
1304 1033 1493 1087 α’γαθοῦ,

138 1095 271 1139 ἐνίοτε
290 1097 335 1139 δὲ
357 1100 437 1139 τοῦ
457 1101 610 1147 κακοῦ,
640 1095 773 1138 ἐνίοτε
802 1096 846 1139 δὲ
876 1096 1116 1151 οὐδετέρου,
1148 1093 1244 1139 οἷον
1270 1101 1494 1151 καθῆσθαι
1522 1097 1605 1139 468

138 1162 209 1204 καὶ
248 1163 433 1216 βαδίζειν
470 1163 541 1204 καὶ
568 1162 730 1217 τρέχειν
758 1161 829 1203 καὶ
857 1164 991 1214 πλεῖν,
1033 1161 1104 1204 καὶ
1133 1158 1229 1205 οἷον
1257 1159 1312 1204 αὗ
1340 1164 1494 1212 λίθους

137 1227 331 1279 καὶξύλα
354 1228 425 1270 καὶ
452 1220 584 1269 τᾶλλα
611 1227 663 1269 τὰ
690 1234 890 1279 τοιαῦτα;
921 1228 973 1270 οὐ
1001 1233 1135 1270 ταῦτα
1163 1228 1319 1283 λέγεις,·
1347 1228 1373 1282 ἢ
1402 1227 1492 1269 ἄλλ’

136 1296 240 1334 ἄττα
278 1296 419 1343 καλεῖς
454 1293 506 1335 τὰ
544 1295 646 1349 μήτε
684 1292 830 1346 ἀγαθὰ
868 1294 971 1348 μήτε
1009 1294 1143 1344 κακά;
1196 1295 1340 1336 ΠῼΛ.
1386 1295 1491 1343 Οὔκ,

138 1359 242 1400 ἀλλὰ
266 1366 412 1401 ταῦτα.
469 1361 568 1402 Σῼ.
612 1359 807 1412 Πότερον
830 1354 911 1401 οὖν
935 1358 986 1400 τὰ
1007 1359 1162 1413 μεταξὺ
1190 1366 1323 1401 ταῦτα
1351 1358 1494 1402 ἕνεκεν

136 1427 223 1466 τῶν
247 1425 427 1478 ἀγαθῶν
447 1425 722 1478 πράττουσιν,
752 1424 858 1466 ὅταν
879 1425 1133 1477 πράττωσιν,
1162 1424 1189 1479 ἢ
1212 1425 1384 1478 τάγαθὰ
1405 1427 1494 1466 τῶν

138 1529 177 1557 ut
213 1535 472 1567 supervacanea
508 1525 697 1558 Hermann.

138 1571 294 1625 repetita.

206 1609 258 1648 οὗ
284 1616 330 1648 ἒι
340 1627 415 1648 sna
439 1614 520 1671 πλ.]
545 1615 587 1648 V.
610 1616 728 1648 εἵνεκα
751 1615 871 1648 invitis
895 1615 990 1648 codd.
1013 1616 1186 1659 plerisque
1210 1617 1379 1649 omnibus.

206 1662 247 1694 Ε.
294 1673 333 1693 ει
348 1673 415 1693 ναι
447 1658 623 1704 ἀγαθὸν
646 1661 724 1700 μὲν
750 1660 935 1704 σοφίαν]
969 1658 1086 1704 ἀγαθὰ
1110 1661 1308 1694 Findeisen.
1331 1672 1375 1694 ex
1400 1660 1495 1694 Stob.

140 1706 283 1750 Eclogg.
308 1707 419 1738 Ethic.
443 1706 551 1739 Serm.
575 1704 642 1747 43.‚
666 1706 726 1738 ubi
750 1709 842 1739 totus
861 1706 958 1739 locus
981 1706 1061 1739 inde
1085 1717 1106 1739 a
1130 1717 1204 1750 cap.
1228 1707 1342 1740 XXII.
1364 1707 1413 1739 in.
1437 1717 1495 1739 ex-

140 1752 287 1795 scriptus
310 1751 446 1795 legitur.

757 1525 866 1558 Nobis
903 1525 1064 1558 videntur
1099 1526 1183 1558 satis
1223 1528 1301 1569 apte
1344 1526 1387 1559 ab
1427 1525 1493 1559 hoc

139 1839 243 1875 ἄλλον
297 1839 530 1885 χρηματισμὸν
579 1839 782 1885 χρηματιζό-

139 1898 247 1927 μενοι.
270 1905 314 1910 -
338 1889 429 1919 Ante
452 1888 614 1920 πλουτεῖν
636 1898 680 1919 ne
704 1887 782 1928 quis

121 1932 307 1965 “desideret
348 1933 533 1965 articulum
571 1930 626 1969 τό,
676 1942 781 1974 quum

139 1977 363 2021 praecesserit
394 1976 430 2009 τὸ
464 1975 648 2021 ὑγιαίνειν,
680 1988 713 2009 v.
738 1977 780 2008 ad

139 2022 316 2055 Phaedon.
365 2021 449 2056 ..64
475 2023 512 2055 C.
545 2026 628 2065 etp
631 2020 718 2056 ..70
744 2022 782 2054 C.

139 2068 230 2100 conf.
262 2067 418 2111 Gorg.p
397 2078 430 2111 p.
461 2066 538 2101 460.
563 2067 602 2100 C.
607 2033 717 2100 p491.
739 2068 782 2100 D.

139 2112 216 2146 501.
231 2113 271 2145 Ε.
288 2131 333 2136 --
357 2114 424 2146 Pro
449 2111 599 2146 πλούτου
624 2113 688 2145 etsi
713 2112 783 2144 dici

138 2162 271 2200 poterat
286 2156 536 2201 t01'rov‚quod
551 2158 679 2201 legitur
692 2157 782 2200 apud

141 2203 256 2244 Stob.‚
310 2208 424 2236 tamen
481 2204 621 2247 gravius
668 2204 781 2246 ipsum

142 2259 267 2281 nomen
296 2249 478 2292 ponitur.

179 2291 300 2325 ’Άλλο
349 2305 382 2325 τι
429 2287 508 2326 οὖν
554 2292 666 2326 οὕτω
712 2293 780 2325 καὶ

142 2338 243 2379 περὶ
270 2335 462 2376 πάντων;
471 2337 483 2381 ]
515 2338 629 2371 Intell.
650 2338 725 2380 ἔχει.
749 2349 780 2371 v.

141 2383 188 2415 ad
218 2394 251 2425 p.
275 2381 352 2416 460.
376 2384 414 2415 Β.
461 2384 527 2415 His
561 2387 675 2416 autem
707 2394 783 2426 pro-

140 2429 235 2460 xima
262 2428 555 2471 interpretationis
579 2439 703 2461 caussa
726 2429 783 2461 ad-

142 2475 232 2506 iecta
269 2477 358 2505 sunt.
411 2473 444 2504 H
454 2473 490 2505 ei
499 2484 525 2526 ¹¹.
531 2473 635 2506 dors.
666 2478 782 2507 notam

141 2518 376 2561 interrogandi
388 2521 467 2572 post
479 2517 616 2550 πάντων
631 2520 784 2552 sustulit.

187 2564 227 2595 E.
291 2560 433 2606 Πολλὴ
480 2560 501 2594 α’
517 2561 670 2607 νάγκη]
715 2565 783 2596 Fi-

144 2609 292 2641 cinus:
317 2608 439 2640 n1h11
462 2610 647 2641 omnino.
683 2610 784 2642 Unde

144 2654 178 2685 H
186 2664 204 2686 e
213 2653 255 2685 in
264 2653 286 2685 d
295 2664 314 2685 ο
325 2654 380 2686 rfi
388 2664 412 2685 u
421 2664 437 2686 s
474 2653 679 2687 coniiciebat
716 2653 785 2688 Οὐ-

147 2696 207 2730 δέν
216 2723 224 2735 ,
265 2698 368 2741 πολλὴ
399 2695 541 2742 ἀνάγκη.
597 2698 664 2731 Sed
694 2705 785 2733 recte

146 2744 280 2776 monuit
296 2743 589 2776 Buttmannus
605 2743 697 2777 hanc
710 2746 787 2779 Poli

850 1842 1109 1885 responsionem
1139 1842 1254 1884 potius
1286 1841 1329 1874 ad
1360 1845 1495 1874 senten-

850 1887 935 1919 tiam
974 1898 1079 1929 quam
1121 1886 1165 1919 ad
1203 1887 1355 1920 Socratis
1390 1886 1496 1919 verba

851 1932 1147 1965 accommodatam
1178 1943 1252 1965 esse
1263 1957 1271 1973 ‚
1303 1936 1342 1964 ut
1373 1942 1495 1965 sensus

849 1977 908 2009 hic
933 1978 995 2010 sit·
1021 1988 1206 2011 necesse
1232 1982 1299 2010 est
1322 1978 1495 2010 omnino

851 2033 976 2056 omne
995 2033 1047 2065 qu
1059 2022 1107 2055 od
1128 2024 1186 2055 sit
1203 2033 1331 2056 unum
1356 2033 1405 2055 ex
1429 2023 1496 2055 his

851 2068 996 2100 tribus
1027 2079 1132 2101 esse.
1179 2069 1299 2111 Itaque
1328 2079 1373 2100 ex
1397 2079 1496 2124 supe-

850 2113 998 2146 rioribus
1035 2113 1194 2169 intelligi
1224 2117 1354 2168 potest.
1401 2125 1432 2146 ει
1439 2125 1495 2146 ναι

851 2171 926 2191 τινα
948 2162 1017 2191 τῶν
1037 2157 1150 2192 ὄντων
1174 2157 1304 2202 ἀγαθά,
1330 2159 1431 2200 ἕτερα
1456 2158 1496 2191 δὲ

851 2203 937 2236 κακὰ
976 2203 1031 2237 καὶ
1065 2202 1146 2237 ἄλλα
1179 2203 1368 2247 μηδέτερα,
1413 2201 1496 2236 ἀλλὰ

851 2247 988 2291 μεταξυ.
1042 2250 1154 2282 Aliter
1199 2251 1236 2282 M
1248 2260 1293 2281 or
1301 2260 1382 2293 gen
1394 2253 1495 2282 ster-

851 2295 924 2327 niu
934 2306 950 2327 s
986 2295 1105 2338 Progr.
1145 2305 1176 2326 a.
1209 2293 1308 2327 1821.
1350 2295 1496 2338 Dorpati

851 2340 931 2372 edit.
954 2351 986 2382 p.
1012 2340 1088 2372 XV.
1134 2339 1223 2372 Mihi
1253 2339 1410 2382 quidem,
1444 2340 1496 2372 in-

852 2385 925 2427 quit
955 2385 1014 2417 ille
1026 2410 1034 2424 ,
1078 2385 1365 2427 interponendum
1402 2384 1495 2417 haud

850 2429 1034 2462 videbatur
1056 2429 1201 2462 verbum
1224 2427 1350 2471 οὐδέν;
1375 2434 1412 2464 at
1432 2431 1496 2462 Po-

851 2475 923 2507 lum
958 2478 1214 2508 renuentem
1244 2475 1330 2508 mihi
1362 2485 1496 2518 reprae-

852 2520 1030 2553 sentabam
1061 2530 1102 2553 ac
1125 2524 1198 2552 tum
1222 2520 1359 2553 demum
1382 2520 1498 2553 dicen-

851 2569 920 2598 tem
945 2576 1044 2598 suum
1071 2565 1174 2609 πολλὴ
1196 2562 1339 2609 ἀνάγκη.

897 2611 936 2642 Ρ.
952 2609 1029 2643 468.
1066 2610 1368 2652 πράττουσιν,
1394 2608 1497 2642 ὄται

857 2667 880 2687 π
895 2653 1126 2699 ράττωσιν]
1187 2657 1305 2688 Tertia
1350 2665 1498 2698 persona

855 2700 999 2743 pluralis
1029 2702 1161 2733 numeri
1171 2726 1179 2741 ,
1217 2711 1304 2742 quae
1337 2700 1380 2732 ad
1410 2699 1498 2731 indi-

856 2745 1006 2779 candum
1050 2745 1245 2779 subiectum
1282 2745 1500 2778 indefinitum
