1716 2886
510 131 753 172 GORGIAS.
784 132 827 170 P.
861 133 955 169 491.
986 131 1047 170 ed.
1080 130 1136 170 St.
1430 128 1510 167 227

156 238 288 294 λέγεις
315 241 416 291 τοὺς
445 241 684 294 σώφρονας.
743 241 976 288 25241039
1004 239 1088 293 γὰρ
1117 241 1194 288 οὒς
1234 237 1375 286 οὐδεὶς
1405 236 1515 286 agag

157 307 238 348 ουκ
267 306 323 348 ἂν
351 307 490 361 γνοίη,
520 305 585 348 ὅτι
614 305 726 367 οὕτω
754 302 874 359 λέγω.
931 306 1067 346 ΚΑΛ.
1097 305 1227 346 Πάνυ
1255 317 1301 357 γε
1330 302 1513 356 σφόδρα,

158 365 192 412 ὦ
223 373 472 424 Σώκρατες·
514 370 603 412 ἐπεὶ
630 373 721 419 πῶς
760 370 815 411 ἂν
843 369 1059 424 ευδαίμων
1087 367 1253 422 γένοιτο
1282 370 1515 422 ἄνθρωπος

157 437 376 479 δουλεύων
403 438 594 493 ὁτῳοῢν;
624 436 730 478 ἀλλὰ
757 429 868 477 τοῦτ’
899 432 984 476 ἔστι
1012 437 1060 476 τὸ
1089 435 1194 477 κατὰ
1219 435 1353 488 φύσιν
1380 433 1515 476 καλὸν

159 501 230 544 καὶ
258 503 445 550 δίκαιον,
485 499 509 543 ὃ
539 500 621 555 ἐγώ
649 511 718 543 σοι
753 505 838 543 νῦν
865 499 1259 555 παῤῥησιαζόμενος
1286 497 1418 553 λέγω,
1450 498 1515 540 ὅτι

159 568 225 609 δεῖ
247 569 324 609 τὸν
353 567 498 620 ὀρθῶς
525 567 792 621 βιωσόμενον
830 566 906 615 τὰς
944 564 1022 620 μὲν
1061 565 1291 620 ἐπιθυμίας
1316 565 1392 614 τὰς
1420 563 1514 606 ἑαυ-

158 639 235 674 τοῦ
265 631 341 674 ἐᾶν
370 632 426 681 ὡς
453 632 652 687 μεγίστας
680 628 789 673 εἶναι
820 633 891 673 καὶ
928 631 986 686 μὴ
1015 631 1224 682 κολάζειν,
1267 631 1442 679 ταύταις
1468 628 1513 670 δὲ

155 738 284 770 tribuit.
330 738 510 770 Bekkerus
541 737 745 770 auctoritate
769 738 846 772 Par.
872 737 912 769 V.
943 737 1049 769 verba
1074 733 1095 779 ἢ
1119 738 1153 768 τί
1174 733 1341 778 ἄρχοντας
1366 733 1386 779 ἢ
1410 733 1512 777 ἄρχο-

156 782 283 822 μένοις
308 782 443 816 delevit.
467 794 500 815 v.
525 794 603 815 ann.
629 783 729 814 infra.

225 829 264 860 Ε.
291 827 388 862 Παῦε
412 825 491 872 γὰρ
519 826 612 870 01'5;]
647 829 744 860 Haec
776 827 882 859 verba
912 826 990 859 Ald.
1014 827 1096 858 Bas.
1121 826 1150 858 1.
1176 825 1207 859 2.
1232 826 1412 859 Bekkerus
1436 835 1513 857 cum

158 873 234 906 Par.
258 874 296 906 F.
321 873 512 906 retulerunt
535 873 579 906 ad
600 873 758 906 Calliclis
783 872 984 905 orationem.
1019 873 1104 904 Mox
1128 882 1188 914 pro
1214 869 1256 903 οὐ
1282 874 1382 904 τοῦτο
1397 871 1514 903 Clark.

158 919 234 951 Vat.
257 923 292 951 et
314 930 380 952 rec.
405 919 491 952 Ven.
518 918 557 951 Σ.
583 917 689 951 οὕτω.
735 917 774 951 Id
798 928 892 950 nunc
916 917 1152 960 reposuimus,
1184 917 1340 959 alioquin
1364 916 1514 949 seriben-

155 963 236 996 (lum
260 962 308 995 ὅτι
332 967 430 997 τοῦτο
455 963 552 1018 λέγω.
590 963 749 996 Ceterum
775 965 874 995 Turr
900 966 933 994 et
957 963 1074 996 Herm.
1099 962 1186 995 duce
1211 963 1334 995 Ficino
1359 972 1515 994 correxe-

156 1013 254 1042 runt:
284 1009 364 1043 Πως
380 1007 468 1052 γάρ,·
494 1006 647 1044 οὐδεὶ5”
628 1020 716 1043 osus
731 1020 795 1041 ουκ
807 1020 853 1041 αι
865 1020 980 1051 γνοιη,
1004 1007 1053 1040 ὄτι
1078 1005 1120 1040 οὐ
1135 1011 1234 1040 τοῦτο
1259 1006 1356 1051 λέγω.
1381 1018 1414 1040 v.
1434 1018 1514 1041 aun.

871 1131 910 1163 γε
943 1120 1002 1152 δεῖ
1038 1120 1093 1152 καὶ
1134 1118 1235 1153 τοῦτο’
1274 1131 1331 1160 με,
1371 1118 1515 1163 ἀνδρῶν

873 1169 1024 1208 ποιητῶν
1048 1167 1290 1209 τυροπωλῆσαι
1306 1165 1435 1209 τέχνην.
1460 1166 1513 1198 De

163 1122 206 1154 Τι’
219 1119 240 1164 ἢ
254 1125 302 1159 τι’,·
328 1125 400 1156 πῶς
419 1119 550 1164 λέγειε·,·
575 1121 669 1154 Idem
685 1126 802 1153 tamen

157 1168 193 1198 in
217 1177 252 1198 re
284 1167 415 1200 incerta
446 1166 535 1199 nihil
566 1170 694 1199 temere
725 1166 802 1198 loeo

158 1212 365 1244 movendum
407 1215 502 1244 ratus
539 1212 716 1255 vulgatam
757 1211 802 1243 le-

159 1258 305 1289 ctionem
331 1258 382 1290 510
407 1256 576 1298 defendit,
610 1262 649 1289 ut
672 1260 749 1299 post
774 1258 806 1288 τί

158 1300 199 1335 δέ
222 1302 418 1357 distinxerit
442 1305 475 1334 et
497 1312 557 1344 pro
577 1299 694 1334 αὐτῶν
722 1302 802 1333 scri-

156 1348 263 1389 pserit
273 1345 389 1380 αὐτῶν
401 1347 444 1379 ad
464 1346 556 1389 quod
569 1347 684 1379 animo
701 1346 801 1378 intel-

157 1393 219 1435 ligi
235 1390 377 1425 voluit’'
357 1404 464 1434 αρχοι
468 1404 534 1426 τας.
559 1392 679 1434 Itaque
692 1392 798 1424 haec:

157 1440 189 1469 τί
199 1436 362 1480 ἄρχοντας
376 1435 559 1481 ἢᾶρχομέ1
561 1449 642 1476 ους;
652 1437 801 1470 breviter

157 1483 248 1515 dieta
271 1487 390 1515 censet
416 1494 476 1525 pro
502 1485 610 1515 τίνων
634 1480 801 1524 ἄρχοντας

160 1525 180 1571 ἢ
205 1525 272 1561 ὑπὸ
299 1530 406 1560 τίνων
426 1525 664 1570 ἀρχομέιους;
689 1538 800 1569 neque

157 1574 249 1605 enim
279 1574 345 1606 hoc
370 1575 404 1605 τί
429 1584 489 1616 pio
515 1571 597 1605 κατὰ
622 1575 671 1611 τί·
705 1583 801 1615 qua-

156 1629 249 1651 nam
279 1619 322 1650 in
352 1619 422 1650 re?
463 1598 668 1661 inwiefernii
695 1628 800 1660 quen-

158 1675 259 1706 quam
284 1674 358 1696 esse
382 1664 601 1697 offensurum.
649 1664 800 1695 Astius

159 1709 381 1741 scribendum
427 1709 621 1763 proposuit.
673 1708 718 1740 F
704 1721 714 1740 ι
762 1707 801 1740 δὲ

157 1752 294 1793 aornim
332 1752 499 1795 ἄρχοντας
535 1751 555 1796 ἦ
589 1766 616 1786 τι
649 1750 801 1795 ἀρχομε·

163 1800 602 1837 ιους,·Ηο1·111111111115
649 1798 690 1830 de
738 1809 800 1830 suo

159 1843 313 1886 scripsit:
355 1844 397 1876 Τί
418 1841 476 1881 δέ;
502 1841 628 1881 αὑτῶι,
655 1837 683 1875 ὦ
708 1843 798 1875 ἑταῖ-

164 1901 221 1928 με,-
265 1891 297 1920 τί
325 1889 414 1925 οἰέι·
455 1886 623 1942 ἄρχοντας
655 1900 683 1920 κ.
717 1900 742 1919 τ.
774 1889 800 1919 λ.

205 1932 226 1976 ἢ
261 1937 386 1966 τοῦτο
427 1933 502 1972 μὲν
537 1930 669 1965 οὐδεν
709 1931 798 1975 δεῖ]

160 1978 398 2021 Exspectabas
414 1976 546 2016 τούτου,
572 1978 662 2020 quod
677 1979 756 2010 Fin
767 1977 803 2009 (1-

160 2036 177 2055 e
188 2025 285 2056 isen
296 2025 364 2056 ius
388 2024 507 2055 invitis
524 2003 622 2055 libris
638 2024 799 2065 reposuit.

160 2069 227 2101 Sed
250 2074 327 2112 apte
341 2069 550 2111 comparavit
572 2068 800 2101 Heindorf.

161 2115 303 2147 Theaet.
334 2125 366 2157 p.
399 2113 473 2146 184.
499 2115 545 2146 Β.
582 2113 640 2146 δεῖ
669 2113 708 2146 δὲ
740 2110 799 2146 οὐ·

162 2158 296 2200 δετερα.
336 2159 565 2202 Aristoph.
608 2159 799 2191 Ecclesiaz.

161 2215 192 2236 v.
223 2203 291 2238 305
321 2215 413 2246 seqq.
445 2204 496 2236 ed.
522 2204 645 2236 Dind.:
679 2201 725 2238 ὥς
755 2201 801 2235 ἂν

161 2253 413 2291 χειροτονῶμεν
448 2247 580 2281 ἅπανθ’
621 2246 721 2281 ὁπὸσ’
756 2247 801 2280 ἂι·

162 2293 223 2336 δέῃ
251 2291 307 2328 τὰς
333 2291 500 2338 ἡμετέρας
525 2295 645 2335 φίλας,
671 2295 730 2336 qui
753 2293 800 2326 lo-

161 2350 220 2371 eus
259 2339 435 2381 praeteriit
466 2339 726 2371 Elmsleium
757 2339 800 2371 ad

160 2384 314 2427 Euripid.
356 2383 446 2416 Med.
487 2395 520 2416 v.
558 2382 635 2417 552.
673 2388 800 2425 annot„

160 2429 220 2462 ubi
245 2430 299 2462 δεῖ
322 2428 395 2461 τινά
420 2441 466 2466 τι,
500 2439 607 2470 opus
632 2434 700 2462 est
723 2430 801 2461 ali-

161 2475 230 2507 cui
261 2475 414 2516 aliqua
444 2485 504 2514 re,
536 2474 703 2506 Graecum
726 2485 801 2507 esse

161 2524 282 2562 negat,
324 2530 426 2551 usum
463 2518 626 2560 loquendi
661 2520 697 2551 in
735 2520 802 2552 hac

160 2565 414 2597 constructione
439 2568 529 2596 certe
553 2563 707 2596 dativum
728 2575 803 2607 per—

162 2621 266 2643 sonae
282 2610 452 2666 requirere
463 2609 674 2642 existimans.
690 2610 801 2642 Rann.

161 2666 191 2687 v.
218 2654 323 2689 1368:
357 2655 406 2687 ι”τε
440 2654 548 2695 δεῦρο
582 2659 664 2693 νῦν,
701 2655 801 2696 εἴπερ

872 1211 1071 1244 accusativo
1103 1212 1153 1243 rei
1177 1211 1259 1244 huic
1283 1210 1390 1243 verbo
1415 1212 1514 1254 iungi

872 1256 973 1288 solito
997 1267 1029 1288 v.
1048 1257 1150 1289 etiam
1174 1257 1292 1289 Xeno
1301 1256 1363 1299 ph.
1388 1256 1512 1299 Cyrop.

870 1301 930 1342 IV,
954 1299 1039 1342 3,3:
1066 1299 1132 1334 ὅσα
1158 1303 1212 1335 δεῖ
1233 1303 1360 1335 ἵππους
1386 1302 1513 1343 ἔχουσι,

870 1357 972 1388 quem
1003 1346 1118 1379 locum
1148 1357 1239 1380 unus
1269 1347 1512 1380 Fischerus

870 1395 962 1424 reete
992 1391 1175 1425 intellexit.
1245 1394 1329 1425 Mox
1366 1389 1513 1424 Οὐδὲν

871 1448 893 1468 π
902 1448 920 1468 ο
932 1448 969 1469 ικ
980 1438 1017 1468 ίλ
1028 1449 1046 1469 ο
1058 1449 1077 1468 ν
1128 1442 1219 1470 rec-te
1271 1439 1514 1480 interpretatur

869 1481 1181 1516 Heindorfius:
1206 1483 1330 1515 Nihil
1346 1484 1511 1515 varium

870 1527 1212 1570 subdolumque‚
1237 1528 1350 1570 quod
1375 1529 1512 1560 amba—

868 1571 998 1615 gibus
1053 1573 1190 1606 facile
1237 1573 1428 1606 deludat
1474 1578 1513 1605 et

869 1618 1111 1650 difficilem
1135 1618 1298 1651 habeat
1322 1618 1512 1661 explica-

871 1667 967 1695 tum,
999 1663 1068 1695 vid.
1100 1664 1259 1706 Sympos.
1298 1675 1329 1706 p.
1364 1663 1440 1697 182.
1473 1664 1511 1696 Β.

869 1709 959 1740 Tim.
983 1718 1016 1750 p.
1040 1707 1093 1742 59.
1121 1709 1159 1741 C.
1184 1709 1317 1741 Phileb.

869 1754 1006 1786 Menon.
1050 1765 1081 1796 p.
1125 1753 1177 1787 75.
1222 1754 1260 1786 Ε.

868 1797 946 1831 393.
972 1799 1014 1830 D.

936 1843 976 1874 Ε.
1010 1840 1070 1876 Ὡς
1104 1840 1211 1886 ἡδὺς
1248 1838 1328 1887 sil]
1377 1843 1511 1884 Quam

870 1888 1040 1928 suavis,
1064 1889 1085 1919 i.
1111 1899 1138 1919 e.
1165 1898 1289 1930 quam
1319 1890 1513 1931 ineptus,

870 1943 992 1975 quam
1015 1932 1260 1974 ridiculus,
1284 1934 1345 1966 es!
1370 1934 1511 1966 Dictum

870 1988 946 2010 cum
972 1979 1089 2010 Attica
1112 1979 1280 2019 irrisione,
1305 1983 1344 2011 ut
1367 1980 1463 2022 Reip.
1485 1980 1509 2011 I.

869 2034 902 2065 p.
916 2021 994 2056 337.
1005 2025 1046 2055 D.
1057 2023 1207 2067 Euthyd.
1224 2022 1300 2057 300.
1316 2025 1356 2056 A.
1368 2024 1510 2057 Theaet.

869 2067 944 2101 209.
976 2069 1015 2100 Ε.
1048 2069 1093 2101 al.
1132 2080 1164 2101 v.
1202 2069 1428 2102 Ruhnken.
1468 2069 1511 2102 ad

870 2114 958 2145 Tim.
985 2114 1136 2146 Glossai.
1228 2113 1301 2148 131.
1350 2115 1513 2148 Proxima

868 2160 988 2191 verba:
1014 2157 1095 2193 τοὺς
1117 2125 1280 2202 ἠλιθίους
1304 2158 1412 2203 λέγεις
1432 2158 1512 2194 τοὺς

872 2202 1078 2245 σώφροιας,
1104 2205 1155 2236 510
1186 2205 1384 2247 intelligas:
1417 2208 1512 2237 tem-

869 2253 1077 2302 perantes
1101 2249 1215 2281 dicis
1247 2250 1439 2293 (intelligis)
1464 2250 1512 2283 il-

868 2294 955 2334 los,
978 2295 1050 2336 qui
1081 2294 1238 2326 stolidi
1271 2299 1388 2335 sunt,
1419 2295 1511 2328 unde

871 2344 1029 2382 apparet,
1070 2350 1131 2372 cur
1169 2340 1336 2372 articulus
1374 2339 1511 2373 additus

870 2386 923 2416 sit.
950 2384 1072 2417 Paullo
1097 2388 1176 2416 ante
1198 2396 1230 2427 p.
1257 2384 1335 2418 491.
1360 2385 1404 2418 C:
1428 2383 1510 2418 ἀλλὰ

871 2429 945 2461 τοτὲ
976 2430 1042 2468 μὲν
1081 2427 1159 2463 τοὺς
1195 2430 1353 2471 βελτίους
1391 2442 1423 2462 τε
1454 2431 1509 2462 καὶ

871 2476 1046 2516 κρείττους
1061 2472 1140 2508 τοὺς
1155 2473 1387 2517 ἰσχυροτέροι
1382 2487 1408 2509 ς
1427 2480 1510 2514 (eos

871 2520 942 2561 qui
967 2519 1211 2552 validiores
1236 2518 1510 2560 essent)w01-

872 2566 945 2618 §ot
1000 2565 1106 2620 Legg.
1138 2566 1163 2597 Ι.
1196 2576 1226 2607 p.
1260 2564 1336 2598 633.
1370 2566 1415 2597 E:
1451 2565 1513 2597 τόι

872 2606 940 2642 ὑπὸ
980 2613 1048 2641 τοῦ]
1086 2607 1228 2653 ἠδοπ-ῶι
1274 2609 1513 2652 κρατούμειον

872 2657 994 2687 τοῦτοι
1018 2652 1080 2687 τὸτ
1111 2654 1359 2689 ἐπονειδίστως
1391 2654 1514 2698 ἥττονα

1174 2721 1244 2754 151ε

1343 1719 1375 1751 p.
1401 1707 1454 1742 53.
1471 1710 1511 1740 E.

1304 1754 1435 1797 Cratyl.
1479 1765 1511 1796 p.
