1702 2924
200 186 215 222 1
225 187 275 223 50
744 184 1001 223 PLA'I'ONIS

197 290 387 342 πρόσθεν
397 307 407 338 3
437 291 537 331 Σῼ.
569 288 654 330 Καὶ
682 289 763 343 γὰρ
790 296 872 332 νῦν
898 290 1105 344 ὁμολογῶ.
1163 292 1308 332 ΠΩΛ.
1356 292 1530 333 Οὐκοῦν

197 361 395 396 ποιοῦσιν
419 355 446 394 ἃ
465 354 705 406 βούλονται.
743 356 839 396 ΣΩ.
873 356 937 396 Οὔ
956 370 1076 408 φημι.
1114 356 1264 397 ΠΩΛ.
1296 356 1529 404 Ποιοῦντες

198 418 243 459 δὲ
271 420 297 459 ἃ
324 419 442 459 δοκεῖ
468 418 634 466 αὐτοῖςς
681 419 781 459 ΣΩ.
824 420 949 472 Φημί.
1008 421 1153 460 ΠΩΛ.
1197 417 1374 472 Σχέτλια
1400 418 1530 472 λέγεις

199 481 269 523 καὶ
306 482 535 535 ὑπερφυῆ,
590 475 625 523 ὦ
662 482 897 535 Σώκρατες.
952 485 1012 523 Σ
1004 484 1053 523 Ω
1102 483 1182 536 Μὴ
1207 483 1452 560 κατηγόρει,ἶ
1495 485 1529 524 ὡ

199 548 328 603 λῷστε
353 548 490 597 Πῶλε,
521 546 591 587 ἵνα
611 547 820 600 προςείπω
847 557 893 588 σε
920 547 1025 588 κατὰ
1053 546 1118 587 σε’·
1148 547 1235 588 ἀλλ’
1264 547 1300 588 εἰ
1324 562 1402 600 μεν
1428 545 1531 601 ἔχεις

119 608 154 651 C
202 609 272 661 ἐμὲ
301 608 484 662 ἐρωτᾶν,
530 610 755 661 ἐπίδειξον,
796 610 860 652 ὄτι
883 611 1113 665 ψεύδομαι,
1153 609 1258 652 εἰδὲ
1285 612 1365 665 μή,
1405 612 1532 660 αὐτὸς

201 674 449 726 ἀποκρίνου.
507 676 652 716 ΠΩΛ.
688 671 817 727 ζἈλλ’
848 673 980 716 ἐθέλω
1006 675 1327 728 ἀποκρίνεσθαι,
1364 675 1435 716 ’ἵνα
1461 676 1532 717 καὶ

201 738 297 780 εἰδῶ
324 737 347 780 ὅ
374 753 413 780 τι
440 736 583 791 λέγεις.

286 803 392 862 Cap.
421 803 598 846 XXIII.
655 803 755 843 2:52..
808 802 1002 855 Πότερον
1040 798 1120 843 οὖν
1157 812 1224 844 σοι
1261 802 1465 844 δοκοῦσιν
1492 804 1534 845 οἱ

200 872 424 922 ἄνθρωποι
460 875 586 910 τοῦτο
625 869 878 922 βούλεσθαι,
918 866 1034 909 &aaa
1060 870 1297 922 πράττωσιν
1324 868 1533 917 ἑκάστοτε,

200 933 227 987 ἢ
249 932 400 983 ἐκεῖνο,
429 926 482 974 οὗ
507 931 629 974 ἕνεκα
655 933 891 986 πράττουσι
913 927 1052 982 τοῦθ’,
1081 933 1104 973 ὃ
1132 934 1410 986 πράττουσιν,
1439 930 1534 976 οἷον

202 997 244 1039 οἱ
279 996 330 1039 τὰ
368 998 572 1051 φάρμακα
606 998 800 1046 πίνοντες
826 997 939 1050 παρὰ
966 1001 1051 1038 τῶν
1079 997 1235 1050 ἰατρῶν
1261 998 1441 1052 πότερόν
1468 1008 1535 1040 σοι

201 1062 377 1104 δοκοῦσι
403 1068 529 1103 τοῦτο
558 1062 802 1115 βούλεσθαι,
845 1058 948 1114 ὅπερ
976 1068 1160 1113 ποιοῦσι,
1186 1062 1325 1104 πίνειν
1351 1062 1400 1103 τὸ
1428 1063 1533 1116 φάρ-

130 1131 171 1173 D
201 1141 338 1180 μακον
365 1125 435 1168 καὶ
463 1124 632 1179 α’λγεῖν,
671 1125 696 1179 ἢ
727 1123 885 1175 ἐκεῖνο,
920 1124 968 1166 τὸ
995 1125 1215 1179 ὑγιαίνειν,
1242 1119 1295 1168 οὗ
1322 1124 1444 1168 ἕνεκα
1472 1127 1534 1168 πί-

201 1200 345 1240 νουσι,
377 1191 521 1231 ΠῼΛ.
543 1192 702 1243 Δῆλον,
724 1189 786 1232 ὅτι
803 1189 852 1231 τὸ
870 1189 1089 1242 ὑγιαίνειν,
1112 1183 1165 1231 οὗ
1183 1189 1305 1232 ἕνεκα
1324 1191 1532 1233 πίνουσιν.

206 1256 307 1296 ΣΩ.
353 1253 527 1296 Οὐκοῦν
561 1253 631 1296 καὶ
667 1253 709 1296 οἰ
734 1252 931 1302 πλέοντες
957 1268 998 1295 τε
1026 1254 1095 1296 καὶ
1123 1255 1198 1295 τὸν
1225 1257 1355 1297 ἄλλον
1381 1271 1534 1310 χρημα-

201 1320 349 1372 τισμὸν
384 1319 729 1372 χρηματιζόμενοι
767 1319 819 1360 οὐ
856 1319 983 1360 τοῦτό
1022 1316 1135 1360 ἐστιν
1172 1317 1196 1360 ὃ
1235 1320 1473 1372 βούλονται,
1513 1321 1536 1362 ὃ

201 1389 398 1425 ποιοῦσιν
437 1381 652 1425 ἑκάστοτε·
694 1383 756 1431 τίς
790 1382 872 1436 γὰρ
910 1383 1105 1436 βούλεται
1140 1385 1259 1424 πλεῖν
1285 1397 1328 1425 τε
1355 1383 1425 1426 καὶ
1451 1399 1535 1426 κιν-

268 1503 510 1538 Ποιοῦνιες
535 1503 582 1536 δὲ
605 1501 626 1535 ἃ
651 1503 790 1547 δοκεῖ]
818 1502 857 1536 δὲ
879 1514 944 1536 οιιι.
967 1503 1057 1536 Flor.
1078 1505 1113 1536 b.
1129 1515 1161 1537 x.
1182 1505 1533 1547 Αιις.Βοᾶ1.Μοεηιι.

202 1548 303 1581 vind.
334 1547 365 1581 2.
395 1548 425 1582 6.
462 1549 549 1580 Ven.
581 1549 619 1580 Σ.
664 1549 740 1580 Par.
773 1549 838 1580 1V.
877 1554 910 1580 et
946 1549 1111 1581 Stobaeus
1141 1549 1348 1582 Trineavell.
1372 1552 1534 1593 probante

203 1593 412 1627 Hoindorfio.
453 1593 620 1625 Stobeeus
645 1593 784 1625 Gesner.
810 1595 946 1624 ποιοιισι
971 1592 1018 1625 δέ.

269 1637 302 1671 Σ
306 1636 445 1692 χετλια
468 1637 583 1680 λέγει
595 1635 631 1680 s]
657 1637 749 1670 Stob.
770 1635 907 1679 Σχέτλιά
920 1648 959 1680 γε
976 1636 1092 1680 λέγεις,
1113 1636 1203 1679 quod
1217 1638 1345 1680 recepit
1358 1638 1534 1671 Heindorf.

267 1682 310 1715 D.
358 1677 408 1714 οὗ
439 1682 568 1715 ἕνεκα
601 1681 836 1724 πίνουσιν]

248 1793 332 1826 Καὶ
377 1792 456 1836 γὰρ
504 1796 585 1825 νῦν
622 1790 834 1836 ὁμολογῶ]

201 1839 240 1870 Ιιι
257 1838 311 1870 his
328 1838 384 1870 καὶ
408 1837 473 1882 γάρ
498 1848 567 1870 non
591 1841 644 1870 est
665 1838 836 1878 etenim,

201 1882 260 1915 sed
291 1884 351 1915 καί
381 1883 528 1924 pertinet
562 1882 604 1914 ad
641 1885 714 1915 νῦν.
768 1881 836 1922 Qui

201 1936 283 1960 usne
297 1927 470 1968 loquendi,
486 1927 550 1959 etsi
563 1926 656 1958 haud
677 1927 726 1959 ita
741 1936 836 1959 rarus

200 1975 271 2010 est,

200 2014 331 2048 fefellit.
362 2016 413 2048 De
432 2016 513 2058 Rep.
532 2026 564 2047 v.
582 2014 658 2048 468.
683 2016 724 2048 D.
758 2016 835 2048 VII.

200 2058 275 2093 527.
300 2060 337 2092 C.
362 2061 542 2102 Theaet.p
546 2058 646 2092 .145.
664 2060 707 2091 D.
731 2060 835 2102 Hipp.

199 2105 280 2137 Mai.
305 2102 429 2147 p.290
458 2104 495 2136 C.
526 2104 632 2146 Symp
634 2114 683 2136 os-
703 2101 778 2137 176.
796 2105 836 2136 Β.

199 2114 404 2233 Κιέιορςοι.
429 2148 472 2180 ad
489 2148 643 2190 Xenoph.
659 2147 768 2180 Anah.
793 2148 835 2189 V,

248 2236 487 2270 Ποιοῦντει·
541 2235 586 2269 δὲ
637 2234 659 2268 ἃ
713 2235 839 2269 δοκεῖ

200 2278 374 2320 adrom-
431 2276 622 2321 Intell.c10’
648 2278 690 2313 οὐ
716 2284 833 2313 ποιοῦ-

203 2335 257 2357 σιν
280 2323 302 2358 ἃ
325 2326 525 2367 βοιιλονται,
557 2325 687 2357 Iniuria
707 2325 835 2357 Hein-

200 2369 221 2402 d
230 2380 250 2402 o
259 2380 276 2401 r
285 2370 315 2401 f
306 2381 318 2401 1
328 2380 350 2402 ιι
357 2380 374 2402 e
425 2369 611 2424 probavit
634 2369 834 2412 scripturam

200 2413 338 2446 stobaei
362 2417 499 2447 ποιοῦσι
523 2413 562 2447 δὲ
591 2411 612 2446 ἂ
637 2412 666 2446 ὃ.

244 2459 312 2490 ἵνα
336 2460 567 2499 noos-einen
594 2468 638 2490 oe
657 2470 685 2490 κ.
707 2457 767 2501 σέ]
791 2461 835 2490 ut

200 2507 272 2535 tuo
305 2506 346 2534 te
376 2513 494 2534 more
518 2502 755 2544 appellem,
784 2501 833 2534 lu-

199 2546 283 2579 dens
306 2547 342 2579 in
367 2544 555 2587 παρισώσει
579 2546 833 2586 vocabulorum,

199 2596 238 2623 ut
250 2595 340 2623 reete
359 2591 445 2623 haee
467 2592 709 2632 interpretatur
724 2590 833 2623 Wes—

199 2635 358 2678 seling.
384 2634 525 2668 Observ.
550 2636 593 2674 11,
616 2633 670 2668 25.
699 2636 834 2688 Hesy-

198 2680 304 2712 chiu
317 2690 351 2712 s:
397 2677 479 2712 κατὰ
515 2678 569 2712 σε’·
611 2677 726 2718 ὅμοιός
769 2688 832 2712 σοι.

300 1972 429 2013 passim
461 1975 573 2003 tamen
606 1971 698 2004 viros
720 1970 836 2003 doctos

878 1681 1024 1715 Seclusit
1061 1682 1146 1714 haee
1183 1682 1219 1714 in
1256 1682 1334 1715 Poli
1372 1692 1534 1726 responso

902 1803 935 1825 v.
957 1793 1101 1835 interpp.
1125 1794 1167 1825 T.
1186 1794 1229 1825 11.
1252 1791 1339 1836 p.2.
1363 1798 1397 1826 et
1418 1794 1537 1827 Hem·

903 1837 1086 1870 sterhue.
1118 1837 1160 1869 ad
1196 1839 1332 1880 Ariatop
1334 1838 1366 1870 h.
1390 1837 1479 1870 Plut.
1503 1849 1535 1881 p.

902 1880 979 1915 331.
1012 1882 1109 1914 Conf.
1134 1892 1280 1925 supr-ep
1283 1881 1390 1917 .448.
1416 1882 1453 1915 C.

947 1926 986 1959 C.
1033 1927 1105 1958 ἵνα
1137 1926 1206 1959 καὶ
1239 1925 1378 2003 εἰδωέ

904 1974 980 2013 poet
1010 1971 1067 2002 ἵνα
1097 1971 1240 2003 infertur
1263 1971 1345 2025 Lysi

905 2016 951 2047 A:
977 2016 1033 2047 cta
1048 2014 1102 2047 καὶ
1127 2014 1204 2057 ἴδῃς
1228 2013 1305 2049 τοὺς
1328 2013 1392 2048 αιἰτ
1415 2017 1452 2047 θι
1477 2012 1534 2047 ὄι-

904 2071 970 2094 ιασ.
1003 2059 1144 2092 Laohet.
1167 2070 1198 2102 p.
1225 2058 1300 2092 194.
1323 2061 1373 2091 A:
1399 2061 1454 2091 ΐια
1479 2060 1533 2091 καὶ

902 2100 1216 2203 5¹3.zf⁰³÷‘1.⁰222{ss.
1228 2102 1375 2182 333⁰&
1398 2115 1535 2180 3255325

903 2189 1046 2233 αυξᾶνῃ.
1102 2192 1153 2224 De
1184 2193 1266 2236 Rep.
1289 2193 1313 2224 1.
1338 2203 1371 2235 p.
1392 2191 1469 2226 346.
1495 2195 1535 2225 Α.

902 2236 1017 2278 ibique
1040 2246 1118 2269 ann.

928 2280 1275 2334 Gap.XXI11.D.
1322 2279 1343 2324 ἢ
1374 2280 1533 2318 ἐκεῖνο,

903 2322 938 2356 τὸ
971 2321 1216 2368 ὑγιαίνειν]
1260 2326 1313 2357 De
1352 2325 1415 2358 hae
1457 2335 1534 2357 con-

902 2369 1087 2401 structione
1117 2380 1149 2401 v.
1173 2369 1322 2402 Matth.
1352 2371 1383 2409 §-
1405 2368 1483 2402 472.
1505 2381 1534 2401 e.

902 2430 944 2438 -
968 2413 1050 2446 Mox
1067 2413 1103 2446 ol
1117 2413 1274 2448 πλέοντες
1297 2413 1535 2456 intelliguntur

901 2458 1124 2500 potissimum,
1148 2459 1214 2491 nisi
1238 2457 1357 2498 fallor,
1391 2458 1534 2499 ἔμποροι

901 2513 927 2534 s.
958 2507 1180 2542 mercatores,
1210 2503 1269 2544 qni
1300 2502 1387 2535 lueri
1411 2512 1534 2534 onnes·

901 2547 1021 2579 itinere
1051 2548 1224 2580 maritima
1252 2547 1319 2589 ipsi
1350 2545 1531 2579 faciebant.

900 2601 932 2623 v.
962 2591 1099 2643 Heyn.
1128 2591 1171 2623 ad
1201 2590 1327 2623 Tibull.
1356 2591 1388 2630 1,
1419 2589 1455 2630 1,
1478 2589 1532 2623 50.

900 2638 934 2667 et
962 2635 1194 2668 Hemdorf.
1223 2634 1267 2667 ed
1289 2635 1407 2667 Horet-
1433 2635 1532 2667 Setir.

901 2679 926 2719 I,
951 2678 983 2719 l,
1005 2679 1036 2712 6.
1083 2681 1199 2722 Itaque
1229 2678 1363 2712 additur
1391 2680 1446 2711 καὶ
1472 2677 1533 2710 τὸν

1399 1927 1456 1960 Sic
1481 1929 1539 1959 καί

1427 1970 1535 2023 .204.
