1682 2944
449 124 523 162 AD
552 122 797 162 GORGIAM
825 121 1096 160 PLATONIS.
1403 121 1454 159 47

102 237 233 288 possit.
309 236 419 278 Quae
456 237 612 288 quidem
651 234 924 285 disputationis
965 247 1053 284 pars
1092 234 1183 272 licet
1228 234 1351 284 primo
1390 234 1456 272 ad-

102 299 235 344 spectu
263 295 311 332 ad
340 307 459 331 unam
484 296 638 331 tantum
676 291 905 330 rhetoricam
934 291 1211 329 aestimandam
1239 291 1370 330 valere
1399 290 1458 329 vi-

102 352 258 398 deatur,
298 355 428 389 tamen
455 353 563 400 patet
600 349 694 387 item
722 348 920 399 aliquanto
958 348 1086 386 latius.
1144 348 1314 386 Docetur
1352 347 1456 386 enim

103 407 254 457 egregie
282 407 324 444 in
352 406 455 445 omni
483 405 588 444 vitae
617 418 775 443 munere
805 405 979 443 obeundo
1008 405 1216 443 tenendam
1254 417 1337 443 esse
1372 404 1455 444 vel-

103 464 162 502 uti
201 464 357 503 vivendi
403 466 526 502 artem
571 463 784 514 quandam,
834 475 934 513 quae
989 475 1160 500 summae
1208 461 1456 512 perfectionis

103 521 268 571 speciem
287 521 328 558 in
357 519 502 559 virtute
530 519 696 568 positam
723 523 909 568 perpetuo
928 518 1127 557 intueatur
1155 531 1277 570 eaque
1305 518 1455 556 ratione

103 578 271 628 perfecto
289 577 394 615 vitae
422 589 580 614 munere
611 588 727 626 quam
754 575 896 624 optime
925 575 1169 624 defungatur.
1209 574 1321 616 Quod
1339 588 1456 626 quam

103 647 219 697 prope
248 634 402 671 accedat
431 634 479 671 ad
505 632 738 671 sententiam
766 632 813 669 de
837 645 984 669 summo
1012 631 1117 670 vitae
1136 633 1328 669 humanae
1357 633 1457 670 bono

104 691 145 728 in
173 690 450 740 pulcritudine,
489 688 713 740 symmetria
740 691 780 726 et
808 688 971 727 veritate
1010 685 1154 737 (κάλλει
1191 687 1255 726 καὶ
1301 688 1456 738 ’ξυμμε-

106 746 197 802 τρία
235 760 298 784 και
339 742 526 800 ἀληθείᾳ)
561 745 705 795 posit0‚
753 758 851 796 quae
889 745 930 782 in
970 745 1130 783 Philebo
1159 759 1195 794 p.
1228 749 1292 783 65.
1332 745 1456 795 expli-

105 807 224 850 catur,
253 816 365 841 nemo
395 806 497 841 certe
527 802 600 840 erit
628 802 724 865 quin
753 802 871 840 semel
898 802 1069 840 monitus
1109 802 1191 851 ipse
1230 801 1343 839 facile
1374 802 1456 839 ani-

104 861 332 899 madvertat.
381 858 626 910 Quamquam
653 859 695 896 in
725 858 866 907 Golgia
893 858 1002 896 ideae
1030 858 1122 897 boni
1150 858 1259 896 nulla
1287 871 1453 909 usquam

106 920 174 954 aut
201 916 429 965 significatio
467 916 513 954 fit
549 920 617 954 aut
644 915 789 953 mentio
818 914 1000 953 iniicitur.
1057 914 1266 953 Enimvero
1304 915 1346 952 in
1383 915 1457 952 1100

105 972 260 1023 quidem
299 985 411 1022 opere
450 972 578 1010 omnia
614 971 837 1021 disciplinae
867 971 1082 1010 Socraticae
1111 972 1286 1010 referunt
1323 971 1458 1010 simili-

104 1029 280 1067 tudinem
306 1030 469 1067 necdum
497 1029 578 1066 ulla
595 1028 792 1067 doctrinae
812 1028 987 1066 idearum
1004 1028 1251 1078 reperiuntur
1279 1028 1456 1077 vestigia,

106 1098 222 1136 quam
250 1086 361 1124 Plato
378 1086 598 1135 ⁴posteriore
627 1086 781 1123 (1011111111
810 1089 937 1124 aetate
966 1085 1141 1124 doctrina
1160 1085 1454 1134 Megaricorum,

105 1142 365 1180 Eleaticorum
402 1146 442 1181 et
475 1142 807 1193 Pythagoreorum
847 1142 1062 1181 accuratius
1099 1142 1164 1181 vel
1204 1142 1357 1191 cognita
1393 1142 1459 1181 vel

107 1199 306 1249 explorata
334 1198 548 1237 condidisse
578 1199 743 1237 videtur.

190 1258 320 1307 Atque
348 1256 445 1293 haec
473 1255 628 1307 quidem
655 1258 715 1293 est
742 1268 892 1293 summa
920 1268 1051 1292 eorum
1063 1285 1072 1302 ,
1113 1268 1212 1307 quae
1240 1254 1357 1293 tertia
1384 1254 1458 1292 hac

107 1325 258 1361 pugnae
295 1311 538 1350 contentione
568 1313 837 1350 decernuntur.
894 1312 1127 1350 Examinata
1161 1311 1263 1350 enim
1302 1316 1342 1350 et
1370 1324 1457 1349 con-

106 1368 233 1406 futata
259 1381 362 1406 1111110
390 1371 482 1406 sunt
509 1368 625 1406 etiam
654 1368 793 1417 agendi
826 1368 1014 1418 principia
1040 1368 1260 1407 rhetoribus
1290 1372 1330 1407 et
1363 1367 1458 1407 viris

107 1424 284 1463 civilibus
319 1425 490 1463 novitiae
529 1424 752 1474 disciplinae
790 1425 944 1474 propria
983 1429 1022 1463 et
1062 1425 1289 1463 communia.
1355 1425 1458 1463 Nam

106 1481 272 1531 primum
301 1481 457 1532 quidem
485 1482 790 1520 demonstratum
830 1486 889 1520 est
937 1482 1080 1531 legem,
1119 1495 1218 1534 quae
1255 1481 1459 1532 prohibeat

106 1537 348 1585 iniustitiam,
378 1538 605 1589 neutiquam
624 1551 708 1576 esse
737 1542 871 1576 contra
890 1543 1070 1576 naturam
1089 1543 1310 1590 temereque
1331 1551 1457 1587 agere,

109 1594 175 1645 qui
195 1594 404 1633 constituto
423 1594 519 1644 legis
549 1598 588 1633 et
608 1598 770 1633 naturae
790 1594 1008 1633 discrimine
1037 1595 1181 1634 iniuste
1210 1599 1250 1634 et
1267 1595 1459 1634 violenter

109 1650 247 1699 agendi
284 1651 479 1690 licentiam
526 1656 770 1701 propugnent
806 1665 948 1703 eosque
993 1652 1151 1691 miseros
1196 1656 1236 1691 et
1284 1651 1458 1689 infelices

110 1720 191 1745 esse
220 1707 409 1754 dictitent,
437 1708 504 1759 qui
524 1708 667 1746 iniuste
691 1709 816 1746 facere
835 1708 970 1747 nolint.
1010 1709 1159 1747 Deinde
1186 1709 1284 1746 illud
1303 1721 1458 1760 quoque

109 1768 168 1802 est
196 1764 425 1814 expositum,
456 1778 534 1802 non
562 1778 646 1803 esse
674 1765 858 1803 lubidinis
887 1770 927 1803 et
953 1766 1167 1815 voluptatis
1197 1765 1458 1815 expletionem

108 1833 176 1870 pro
205 1834 353 1858 summo
382 1822 481 1858 bono
510 1822 742 1867 ducendam,
772 1822 999 1871 piaesertim
1028 1835 1148 1873 quum
1176 1822 1388 1860 iucundum
1419 1825 1459 1860 et

110 1877 253 1914 bonum
280 1869 383 1915 inter
410 1891 450 1915 se
478 1878 592 1927 plane
630 1877 784 1917 diversa
811 1878 909 1925 siut,
949 1882 1066 1929 atque
1105 1879 1178 1916 hac
1216 1878 1303 1929 ipsa
1330 1878 1458 1918 diver-

110 1933 224 1971 sitate
255 1946 340 1971 eam
367 1934 442 1972 niti
469 1934 607 1983 agendi
643 1947 816 1972 normam
844 1938 962 1986 atque
989 1936 1182 1984 regulam,
1223 1948 1302 1987 qua
1330 1935 1458 1973 omnia

110 1990 157 2027 ad
185 1991 328 2027 bonum
356 1993 555 2041 tamquam
590 2004 782 2028 summum
819 1991 1012 2030 actionum
1033 1965 1305 2030 1²humanarum
1341 1992 1459 2030 finem

108 2046 251 2084 referre
278 2046 489 2085 iubeamur.
547 2047 725 2099 Denique
753 2047 870 2086 etiam
898 2049 1012 2098 plane
1042 2049 1165 2088 edocti
1194 2063 1339 2097 sumus,
1367 2049 1459 2087 licet

108 2104 231 2141 bonae
250 2103 491 2153 reperiantur
510 2105 744 2154 voluptates,
774 2108 906 2143 tamen
934 2105 974 2142 in
995 2105 1138 2144 artium
1155 2106 1327 2144 omnium
1354 2106 1458 2144 ideo-

110 2172 184 2210 que
212 2159 330 2198 etiam
356 2160 569 2199 rhetoricae
599 2165 638 2199 et
666 2161 842 2211 politicae
873 2162 1148 2201 exercitatione
1172 2175 1343 2201 summae
1371 2176 1457 2213 per-

108 2215 284 2254 feetionis
313 2217 477 2266 speciem
505 2230 588 2255 esse
616 2219 881 2267 spectandam,
912 2232 1012 2269 quae
1040 2220 1254 2258 necessario
1284 2220 1458 2257 ordinem

110 2276 149 2310 et
185 2276 363 2311 ornatum
380 2306 383 2308 μ
399 2273 571 2324 requirat
608 2274 770 2326 ideoque
809 2270 1066 2325 temperantia
1104 2276 1342 2328 reliquisque
1378 2276 1457 2316 vir-

109 2328 259 2367 tutibus
286 2330 499 2368 necessario
526 2330 710 2379 indigeat.
777 2330 927 2372 Quibus
956 2332 1133 2373 omnibus
1170 2333 1337 2385 denique
1365 2333 1457 2371 effe-

110 2387 215 2423 ctuni
242 2385 428 2433 videmus,
456 2390 502 2425 ut
529 2387 746 2426 confutatis*
767 2389 1075 2427 adversariorum
1093 2389 1336 2439 opinionibus
1357 2391 1456 2428 bene

108 2441 346 2493 honesteque
374 2442 532 2481 vivendi
560 2443 778 2494 disciplina,
808 2445 1017 2484 moralibus
1045 2446 1209 2485 fundata
1245 2446 1456 2497 principiis»,

110 2498 310 2537 victoriam
336 2499 591 2549 reportavisse
619 2500 876 2539 existimanda
903 2502 964 2540 sit.

196 2555 281 2592 Iam
307 2568 399 2594 vero
427 2555 489 2594 his
523 2556 578 2594 ita
611 2557 817 2607 disputatis
854 2557 943 2596 inde
973 2571 996 2596 a
1022 2572 1059 2609 p.
1094 2562 1185 2598 513.
1215 2559 1262 2597 D.
1299 2558 1457 2597 initium

112 2610 215 2661 capit
240 2612 400 2650 tertia
429 2612 597 2662 operis
625 2627 738 2663 pars
766 2614 1030 2664 primaria,
1070 2629 1169 2667 quae
1198 2616 1317 2654 habet
1345 2628 1451 2653 con-

109 2667 406 2716 clusionem,
446 2669 589 2720 quippe
625 2683 746 2722 quum
783 2671 985 2719 doceatur,
1025 2673 1118 2723 quid
1156 2686 1206 2711 ex
1244 2672 1312 2720 iis,
1352 2684 1453 2723 quae
