1676 2938
352 184 596 226 GORGIAS.
626 183 670 223 P.
703 185 795 222 523.
828 184 920 221 524.
951 181 1011 221 ed.
1043 181 1099 220 St.
1335 179 1413 216 333

65 298 218 339 αυτῶν.
247 295 389 338 ἔπειτα
412 293 606 349 γυμνους
631 289 800 346 κοιτέθν
828 290 1031 333 ἁπάντων
1056 289 1242 332 τούτων·
1272 290 1414 329 τδθνδ·
1444 301 1483 346 Ε

66 366 176 412 ῶτας
191 362 274 416 γὰρ
302 362 368 404 δεῖ
391 361 624 414 κρίνεσθαι.
653 357 725 400 καὶ
745 356 824 399 τὸν
843 355 994 410 κριτὴν
1015 355 1081 397 δεῖ
1099 352 1269 409 γυμνὸν
1291 348 1415 400 εἶναι,

63 431 300 479 τεθνεῶτα,
341 427 448 481 αὐτῇ
475 432 527 480 τῇ
555 430 673 479 ψυχῇ
712 420 849 477 αὐτὴν
875 421 956 476 τὴν
982 418 1128 476 ψυχὴν
1161 422 1416 472 θεωροῦντα

66 493 268 548 ἐξαίφνης
279 492 580 540 ἀποθανόντος
595 487 791 539 ἑκάστου,
805 488 963 542 ἔρημον
974 487 1150 528 πάντων
1167 487 1254 527 τῶν
1268 494 1416 539 συγγε-

64 562 156 601 νῶν
182 557 254 601 καὶ
279 557 566 600 καταλιπόντα
595 554 663 597 ἐπὶ
689 561 765 609 τῆς
790 559 869 608 γῆς
896 553 1036 594 πάντα
1065 550 1230 594 ἐκεῖνον
1248 551 1326 593 τὸν
1346 550 1416 592 κό-

66 635 201 679 σμον,
233 623 306 665 ἵνα
333 622 475 664 δικαία
500 622 530 676 ἠ
557 621 693 675 κρίσις
719 617 762 674 ᾗ.
803 618 886 673 ἐγὼ
912 617 990 673 μὲν
1018 613 1099 660 οὖν
1125 623 1259 658 ταῦτα
1289 615 1416 670 ἐγνω-

66 689 150 739 κὼς
177 690 383 742 πρότερος
409 687 436 742 ἢ
473 687 594 742 ὑμεῖς
630 684 894 739 ἐποιησάμην
923 682 1123 732 δικαστὰς
1158 682 1264 732 υἱεῖς
1292 680 1417 735 ἐμαυ-

65 762 166 805 τοῦ,
195 755 274 796 δύο
303 753 380 808 μὲν
412 752 458 795 ἐκ
485 759 560 808 τῆς
586 752 746 802 Ἀσίας,
774 750 904 792 Μίνω
932 764 976 791 τε
1003 749 1075 792 καὶ
1096 744 1416 803 Ῥαδάμανθυν,

66 820 142 862 ἕνα
170 819 214 862 δὲ
255 819 300 862 ἐκ
337 824 412 873 τῆς
439 818 678 870 Εὐρώπης,
717 816 894 858 Αἰακόν.
936 809 1057 857 οὗτοι
1095 810 1199 865 οὖν,
1246 811 1419 855 ἐπειδὰν

65 886 358 940 τελευτήσωσι,
391 883 643 926 δικάσουσιν
671 881 718 924 ἐν
755 884 815 937 τῷ
854 883 1050 935 λειμῶνι,
1091 878 1138 922 ἐν
1166 885 1218 934 τῇ
1246 878 1417 933 τριόδῳ,

136 1051 249 1087 ὅπως
273 1050 324 1085 ἂν
349 1050 494 1094 παύσῃ
520 1048 682 1093 αὐτῶν]
714 1050 756 1082 V.
782 1047 897 1091 παύσῃ
923 1045 1007 1080 αὐτὸ
1031 1045 1160 1081 αὐτῶν.
1206 1048 1311 1080 Recte
1335 1043 1419 1079 αὐτὸ

67 1099 230 1132 omittunt
253 1098 369 1133 Clark.
394 1096 601 1130 Vat.cois1.
626 1100 660 1129 et
682 1096 744 1128 alii
755 1094 916 1152 plurimi.
955 1093 1056 1127 Unde
1081 1097 1193 1126 ortum
1217 1094 1262 1125 sit
1285 1092 1420 1133 vitium,

67 1144 215 1178 ostendit
237 1144 314 1176 Par.
337 1144 396 1183 V.‚
427 1143 487 1176 ubi
512 1140 597 1175 αὐτὸ
620 1142 695 1175 sine
719 1138 836 1173 αυτῶν
859 1140 1024 1183 scriptum
1047 1142 1161 1172 exstat
1192 1142 1227 1171 et
1249 1138 1284 1170 in
1310 1148 1419 1181 marg.

66 1190 194 1233 legitur
216 1201 270 1232 γρ.
295 1186 417 1221 αὐτων.

113 1280 177 1312 Ἐ.
202 1279 270 1311 καὶ
296 1275 611 1319 καταλιπόντα]
642 1276 699 1309 καὶ
731 1286 807 1308 cum
831 1275 920 1308 Aldo
946 1279 980 1308 et
1002 1276 1078 1308 Par.
1103 1275 1142 1307 E.
1167 1273 1270 1307 vind.
1296 1273 1329 1307 6.
1354 1284 1419 1306 om.

70 1325 233 1367 Stephan.
279 1325 413 1356 Tuetur
435 1323 524 1356 illud
547 1323 651 1356 etiam
673 1322 799 1355 Euseb.
847 1321 982 1354 Deinde
1005 1319 1131 1353 Euseb.
1157 1324 1192 1352 et
1214 1319 1421 1352 Theodoret.

70 1369 127 1402 ἐπὶ
153 1372 215 1413 γῆς
238 1370 363 1402 omisso
388 1369 548 1409 articulo,
592 1367 683 1411 quod
715 1372 749 1399 et
776 1368 890 1410 ipsum
921 1365 1067 1410 probum
1098 1369 1159 1399 est.
1184 1376 1216 1398 v.
1242 1365 1421 1398 Heindorf.

71 1415 114 1449 ad
138 1382 173 1448 hy
195 1415 217 1448 1.
243 1419 277 1448 et
300 1414 446 1448 Dorvill.
470 1414 515 1448 ad
538 1413 667 1447 charit.
691 1423 725 1456 p.
749 1411 826 1446 106.

69 1561 309 1594 communione
337 1560 511 1602 seiuncta,
542 1563 582 1592 ut
601 1560 711 1593 Phae-

70 1607 149 1640 don.
173 1605 283 1650 p65.
305 1606 346 1638 Ε.
369 1604 424 1639 66.
448 1606 490 1638 A.
514 1606 558 1638 D.

118 1652 277 1695 ἔρημον
291 1669 333 1675 -
350 1652 418 1683 καὶ
452 1648 662 1684 καταλιπό
673 1662 708 1682 ν-

72 1696 134 1741 ra]
166 1696 401 1739 Exspectabas
432 1695 565 1740 ἐρήμην
588 1714 632 1720 -
656 1695 711 1728 καὶ

71 1743 340 1780 καταλιποῦσαν,
394 1752 474 1774 nam
519 1741 716 1774 referuntur

71 1788 160 1820 haec
184 1787 227 1819 ad
250 1785 374 1830 ψυχήν.
421 1786 488 1819 Sed
511 1793 621 1830 genus
643 1797 714 1832 m)—

74 1833 245 1865 sculinum
268 1832 418 1885 ponitur,
443 1842 482 1864 ae
507 1834 539 1864 si
561 1842 714 1874 praeees-

73 1878 174 1910 sisset
196 1874 430 1910 ἀποθανόντα
453 1877 617 1916 ἕκαστον,
643 1887 712 1909 ιιοιι

75 1922 190 1976 ψυχὴν
212 1919 459 1956 ἀποθανόντος
483 1920 642 1955 ἑκάστου

121 1966 198 2000 δύο
230 1967 306 2008 μὲν
329 1966 374 1999 ἐκ
398 1970 470 2011 τῆς
499 1964 712 2010 ''AocaS—]

75 2013 167 2054 „Qui
189 2012 250 2054 fit,
277 2016 317 2045 nt
338 2013 454 2045 Minos
477 2022 556 2045 cum
579 2012 715 2045 Rhada-

73 2058 215 2090 mantho
245 2058 348 2090 fratre
371 2058 476 2090 Asiae
506 2058 562 2090 hic
591 2057 715 2090 adscri-

75 2104 219 2143 bantur,
259 2113 363 2145 quum
402 2107 544 2146 uterque
578 2103 715 2136 Cretam

75 2149 224 2180 insulam
253 2148 459 2181 incoluerit?
507 2149 606 2182 Certe
638 2152 715 2181 ortu

74 2198 230 2226 materno
259 2193 382 2226 Asiani
410 2198 524 2234 erant,
555 2195 614 2237 qui
646 2204 716 2226 ma-

75 2244 160 2271 trem
184 2237 360 2271 habebant
381 2239 571 2282 Europam,
595 2239 716 2272 Cadmi

77 2284 263 2316 Phoenicis
286 2294 445 2316 sororem.
468 2295 502 2316 v.
516 2284 715 2317 Euetath.

76 2329 112 2361 in
146 2328 244 2362 Iliad.
283 2326 330 2361 o'.
369 2339 401 2371 p.
437 2328 514 2363 982.
553 2329 604 2362 ed.
634 2330 713 2362 Bae.

76 2375 122 2407 Et
159 2374 281 2406 Cretae
319 2383 387 2406 non
431 2373 612 2418 indigena,
656 2374 716 2407 sed

77 2419 212 2452 advena
241 2419 349 2451 fuisse
379 2419 493 2452 Minos
524 2429 546 2451 a
577 2419 716 2462 quibus-

78 2463 158 2496 dam
181 2464 364 2503 ferebatur,
389 2467 476 2496 teste
500 2464 716 2497 Strabone

78 2509 121 2541 X.
134 2520 166 2552 p.
180 2507 256 2542 477.
282 2508 334 2541 ed.
353 2508 521 2541 Casaub.”
542 2509 717 2542 ROUTH.

78 2554 239 2586 Fortasse
256 2553 358 2586 Creta
379 2554 494 2586 insula
510 2554 615 2587 Asiae
637 2565 718 2597 pars

78 2598 245 2634 habenda.
291 2599 392 2639 Quod
415 2610 496 2632 vero
527 2599 615 2632 duae
644 2604 718 2632 tan-

80 2647 153 2675 tum
185 2649 416 2676 memorantur
454 2650 564 2676 terrae
594 2648 718 2687 partes,

80 2689 179 2721 Plato
202 2689 300 2721 iuxta
324 2699 400 2721 cum
422 2689 502 2722 aliis
518 2690 717 2722 universum

79 2737 245 2766 terrarum
268 2733 384 2767 orbem
407 2734 526 2767 divisit
548 2734 585 2767 in
599 2735 717 2768 Asiam

779 1562 813 1591 et
843 1559 1035 1601 Europam,
1068 1558 1118 1591 ita
1148 1561 1188 1590 ut
1215 1557 1331 1600 Libya
1365 1556 1422 1589 vel

779 1604 885 1636 Asiae
909 1604 965 1636 vel
987 1604 1146 1646 Europae
1170 1602 1423 1636 attribueretur.

778 1649 848 1682 vid.
872 1650 1017 1682 Morus
1050 1649 1092 1682 ad
1117 1650 1221 1682 Isocr.
1250 1649 1422 1692 Panegyr.

781 1705 808 1727 e.
840 1693 897 1728 48.
927 1698 961 1727 et
994 1694 1215 1727 Schaefer.
1247 1695 1284 1726 in
1315 1694 1422 1726 Mele-

780 1744 860 1773 tem.
893 1740 983 1774 eritt.
1005 1750 1037 1782 p.
1062 1739 1107 1773 36
1131 1751 1202 1782 seq.
1226 1739 1308 1772 Noli
1331 1740 1423 1772 enim

779 1789 902 1828 putare
945 1785 1158 1818 tremendum
1195 1785 1288 1817 istud
1335 1795 1423 1816 mor-

780 1835 917 1863 tuorum
970 1830 1138 1863 iudicium
1182 1829 1315 1873 Libyas
1366 1829 1424 1862 vel

782 1876 924 1908 Africae
961 1876 1096 1908 incolas
1131 1886 1201 1908 non
1238 1875 1424 1908 iudicasse.

782 1921 869 1954 Cum
900 1920 966 1952 hac
996 1922 1130 1954 ratione
1160 1921 1292 1954 faciunt
1320 1921 1423 1953 etiam

782 1965 988 2008 Aeschyl.
1026 1967 1121 1999 Pers.
1156 1977 1189 1998 v.
1226 1965 1292 1999 179
1329 1976 1424 2008 seqq.

783 2016 886 2054 atque
910 2011 1117 2055 Sophool.
1138 2012 1261 2045 Traeh.
1287 2023 1319 2044 V.
1346 2011 1424 2045 101.

783 2075 826 2081 -—-
850 2057 1037 2098 Aeacus,
1077 2057 1171 2090 Iovis
1207 2068 1251 2090 ex
1288 2057 1425 2100 Aegina

782 2102 887 2143 filius,
902 2112 964 2134 rex
981 2103 1138 2146 Aeginae
1153 2102 1302 2144 insulae,
1317 2102 1426 2136 omni·

783 2158 842 2180 um
874 2148 1082 2181 Graecorum
1115 2146 1301 2182 ὁσιώτατος
1336 2147 1426 2180 iudi·

784 2197 880 2226 catus
920 2198 983 2226 est.
1020 2204 1052 2226 v.
1084 2193 1315 2226 Plutarch.
1354 2193 1423 2227 vit.

784 2239 889 2271 Thes.
919 2248 952 2281 p.
983 2237 1014 2272 5.
1044 2240 1087 2271 A.
1118 2239 1306 2271 Isocrat.
1336 2238 1426 2270 Eva-

783 2294 854 2327 gor.
887 2284 963 2316 init.
1023 2284 1077 2316 De
1112 2285 1187 2316 eius
1227 2284 1360 2327 origine
1392 2293 1426 2315 ν.

784 2328 1047 2371 Apollodor.
1071 2329 1142 2370 111,
1167 2327 1227 2369 12,
1252 2328 1283 2362 6.
1308 2329 1426 2370 ibique

784 2374 878 2416 Hey
890 2374 964 2406 niu
973 2385 999 2407 s.

828 2419 867 2451 P.
891 2417 968 2454 524.
1005 2417 1052 2451 ἐν
1082 2417 1135 2462 τῷ
1165 2420 1344 2458 λειμῶνι
1369 2417 1424 2461 —]

786 2465 861 2503 ,De
885 2464 952 2496 hoe
981 2464 1076 2504 loco,
1106 2462 1168 2496 ubi
1191 2464 1249 2495 via
1278 2464 1316 2495 in
1340 2463 1426 2495 duas

786 2514 900 2551 partes
929 2508 1112 2550 dividitur,
1147 2509 1225 2541 Vir
1233 2508 1308 2552 gil
1339 2509 1426 2541 Aen.

785 2554 846 2586 VI.
885 2564 917 2586 v·
953 2552 1022 2587 540
1058 2564 1152 2607 seqq.
1217 2554 1429 2586 Memoratur

786 2599 887 2631 etiam
919 2596 938 2630 ὁ
970 2596 1096 2638 λειμὼν
1128 2600 1181 2632 De
1211 2599 1294 2642 Rep.
1318 2599 1415 2640 X.p

785 2643 862 2677 616.
886 2644 926 2676 B.
971 2644 1016 2676 Et
1038 2645 1075 2676 in
1098 2645 1257 2676 Axioeho
1280 2645 1326 2686 (p.
1348 2642 1427 2676 371.

786 2689 838 2730 Β.)
863 2698 1045 2731 campus
1069 2690 1287 2722 veritatis
1311 2688 1428 2744 appel-

785 2734 889 2766 latur.
913 2734 1056 2767 Scilicet
1064 2734 1115 2767 ibi
1127 2732 1330 2775 ψεύσασθαι
1344 2730 1428 2778 ἀμή-

1450 829 1533 871 524
