1702 2924
512 155 752 197 GORGIAS.
781 155 824 194 P.
855 158 950 193 486.
981 154 1039 193 ed.
1070 153 1126 193 St.
1406 152 1483 189 211

138 266 188 320 ἐξ
226 260 299 310 ὧν
336 271 595 311 κενοῖσιν
632 265 1055 320 ἐγκατοικήσεις
1090 264 1308 317 δόμοις·
1350 263 1488 316 ζηλῶν

138 335 217 375 οὐκ
260 333 506 389 ἐλέγχοντας
543 333 707 386 ἄνδρας
741 331 792 373 τὰ
832 331 961 385 μικρὰ
991 336 1153 380 ταῦτα,
1193 329 1280 371 ἀλλ’
1310 322 1375 378 οἷς
1403 325 1488 369 ἐστι
1518 327 1560 370 D

137 400 208 442 καὶ
237 400 330 453 βίος
356 400 428 443 καὶ
454 399 556 451 δόξα
582 398 654 440 καὶ
679 400 788 439 ἄλλα
815 396 951 439 πολλὰ
981 396 1140 450 ἀγαθά.

224 466 332 525 Cap.
362 466 506 511 XLII.
565 465 667 507 ΣΩ.
722 464 776 505 Εἰ
813 469 976 517 χρυσῆν
1012 459 1119 516 ἔχων
1146 458 1380 514 ἐτύγχανον
1409 458 1488 514 τὴν

138 535 309 589 ψυχήν
351 529 384 576 ὦ
415 533 685 583 Καλλίκλεις,
726 533 807 574 οὐκ
849 532 903 574 ἂν
939 530 1018 573 οἴει
1055 545 1104 584 με
1132 532 1319 584 ἄσμενον
1349 528 1488 583 εὑρεῖν

138 600 303 642 τούτων
327 600 422 642 τινὰ
449 601 535 641 τῶν
563 599 714 649 λίθων,
742 592 770 652 ᾗ
799 597 1077 653 βασανίζουσι
1104 595 1182 637 τὸν
1208 596 1383 650 χρυσόν,
1410 594 1489 649 τὴν

139 665 330 719 ἀρίστην,
360 667 468 719 πρὸς
488 665 637 720 ἥντινα
659 661 834 718 ἔμελλον
862 661 1148 717 προςαγαγὼν
1176 662 1325 716 αὐτήν,
1355 661 1395 703 εἴ
1418 676 1491 714 μοι

141 730 443 785 ὁμολογήσειεν
483 729 621 784 ἐκείνη
659 732 797 779 καλῶς
835 731 1178 781 τεθεραπεῦσθαι
1213 726 1292 782 τὴν
1335 728 1490 782 ψυχήν,

139 792 185 837 εὗ
226 796 438 846 εἴσεσθαι,
478 796 542 838 ὅτι
580 796 736 845 ἱκανῶς
773 793 852 850 ἔχω
891 794 962 837 καὶ
999 793 1128 836 οὐδέν
1162 809 1235 848 μοι
1273 793 1339 834 δεῖ
1363 795 1491 847 ἄλλης

139 862 360 915 βασάνου,
395 864 530 903 ΚΑΛ.
561 863 681 915 Πρὸς
699 861 739 903 τί
759 861 811 915 δὴ
831 855 944 903 τοῦτ’
975 859 1146 914 ἐρωτᾷς,
1179 854 1213 900 ὦ
1241 858 1488 913 Σώκρατες,-
1519 865 1557 908 Ε

141 929 242 970 ΣΩ..
289 924 398 982 Ἐγώ
450 937 517 969 σοι
566 925 648 980 ἐρω
684 933 779 968 νῦν.
822 922 942 981 οἶμαι
983 925 1066 981 ἐγὼ
1102 924 1170 968 σοὶ
1207 923 1492 980 ἐντετυχηκὼς

139 994 319 1050 τοιούτῳ
349 991 507 1071 ἑρμαίῳ
537 991 869 1047 ἐντετυχηκέναι.
927 993 1067 1034 ΚΑΛ.
1105 993 1155 1033 Τί
1183 991 1259 1047 δή,·
1290 993 1392 1033 ΣΩ.
1422 986 1491 1032 Ea}

139 1054 225 1100 οἶδ’
239 1092 248 1109 ,
293 1058 380 1109 ὅτι,
420 1059 475 1100 α’ν
511 1074 583 1113 μοι
621 1054 675 1100 σὺ
703 1058 972 1113 ὁμολογήσῃς
999 1056 1095 1110 περὶ
1123 1049 1186 1099 ὧν
1214 1057 1242 1112 ἦ
1270 1056 1347 1112 ἐμὴ
1376 1055 1491 1111 ψυχὴ

141 1170 256 1204 Clark.
281 1171 359 1204 vat.
385 1171 491 1204 Coisl.
515 1170 618 1203 vind.
643 1170 675 1204 2.
699 1171 730 1204 6.
767 1172 845 1203 Par.
877 1169 1148 1203 BCEFIVW.
1182 1169 1274 1202 Flor.
1299 1168 1331 1202 b.
1358 1179 1387 1202 o.
1413 1169 1446 1201 d.
1469 1170 1490 1201 s.

140 1227 171 1249 ο.
195 1227 222 1249 5.
268 1217 359 1249 Dein
392 1220 471 1249 ante
504 1215 561 1249 δεῖ
588 1215 688 1259 ἄλλης
722 1214 878 1258 βασάνου
909 1216 1015 1258 vulgo
1047 1216 1092 1247 ἔτι
1122 1216 1370 1258 interponitur,
1401 1215 1491 1257 quod

142 1261 245 1294 iidem
275 1262 357 1294 libri
389 1262 499 1294 omitti
531 1262 714 1295 iusserunt.
761 1262 944 1294 Praeterea
974 1272 1034 1304 pro
1060 1272 1117 1300 μοι
1141 1261 1258 1294 Clark.
1282 1262 1361 1294 Vat.
1386 1260 1490 1294 Cois]-

142 1307 218 1339 Par.
243 1307 398 1340 BCIW.
430 1307 534 1339 Vind.
559 1306 589 1340 1.
620 1307 712 1340 Flor.
737 1318 767 1340 a.
791 1307 823 1339 b.
849 1317 877 1339 e.
900 1318 946 1339 111.
969 1318 999 1339 0.
1025 1318 1066 1346 με
1089 1308 1253 1350 seriptum
1277 1307 1451 1339 exhibent

210 1353 249 1385 E.
299 1347 364 1385 Εὖ
395 1348 494 1392 οἷδ’,
526 1350 608 1391 ὅτι,
641 1365 693 1385 av
716 1352 807 1406 μοι]
835 1353 875 1384 V.
901 1350 953 1384 ἄν.
1001 1353 1076 1385 Par.
1099 1353 1139 1384 E.
1164 1352 1256 1385 Flor.
1280 1352 1311 1385 d.
1336 1364 1370 1385 x.
1397 1350 1491 1385 ἃᾶν

142 1396 405 1431 Οοί51.001·1·.ἅ
426 1409 491 1438 μοι.
528 1398 734 1440 Seripsimus
758 1396 813 1437 ἄν,
839 1408 928 1440 quae
952 1397 1060 1431 orasis
1085 1398 1172 1431 alibi
1195 1409 1331 1441 quoque
1356 1398 1492 1431 criticos

142 1443 177 1475 in
202 1443 358 1476 fraudem
380 1444 527 1476 induxit.

141 1547 213 1576 tum
245 1555 264 1577 e
287 1544 570 1577 Demosthen.
599 1545 694 1578 Orat.
717 1545 783 1578 Mi-

140 1590 231 1622 dian.
253 1601 287 1633 p.
310 1588 388 1623 537.
411 1593 497 1624 extr.
521 1590 572 1623 ed.
597 1591 714 1623 Reisk.
739 1609 783 1615 —

140 1635 194 1669 De
210 1636 407 1668 accusativo
424 1633 592 1668 τύπτοντα
613 1641 691 1679 post
710 1636 782 1678 ἔξε-

143 1691 193 1713 στι
211 1681 309 1714 illato
327 1693 360 1714 v.
377 1681 420 1715 ad
436 1681 667 1725 Euthyphr.p
670 1681 724 1715 .5.
737 1683 780 1714 A.

186 1730 349 1759 παῦσαι
405 1724 433 1759 δ’
483 1726 669 1783 ἐλέγχων
716 1726 778 1770 -]

141 1767 504 1829 olympiodorus.
536 1770 558 1805 ὁ
583 1772 727 1826 Ζῆθος,
759 1771 779 1804 o‘

142 1815 295 1859 ἀδελφὸς
319 1815 439 1857 αὐτοῦ,
464 1818 581 1861 ἔλεγεν
604 1816 708 1863 αὐτῷ,
732 1817 781 1850 ὅτι

144 1861 251 1903 ῥῖψον
291 1860 352 1906 τὴν
392 1862 503 1919 λύραν
541 1864 597 1896 καὶ
636 1853 781 1907 κέχρησο

141 1906 267 1943 ὅπλοις.
286 1906 421 1943 ἐκεῖνος
437 1904 514 1941 εἶπε
537 1912 583 1953 τῷ
605 1907 780 1950 ’AmplQom

141 1951 192 1986 ὅτι
210 1953 370 1993 πολέμων
394 1953 433 1986 δὲ
457 1951 651 1994 εὐμουσίαν
675 1952 781 1987 ἄσκει.

141 1999 243 2033 οὗτος
270 1999 308 2032 δέ
324 2009 421 2042 φησι,
447 1998 656 2043 πραγμάτων
672 2012 699 2032 κ.
715 2012 740 2032 τ.
755 2001 781 2032 λ.

141 2063 185 2068 -
210 2042 255 2076 τὰ
290 2043 431 2086 κομψὰ
464 2049 609 2085 ταῦτα,
641 2045 782 2089 splen-

141 2089 264 2123 didas
282 2091 396 2123 istas
415 2101 564 2134 nugas.
588 2102 620 2123 v.
641 2091 782 2124 Ruhn-

142 2135 236 2168 ken.
260 2136 303 2168 ad
326 2136 415 2168 Tim.
436 2137 561 2180 Lexp
563 2135 665 2170 ..162
697 2137 782 2170 Mox

143 2180 187 2213 ad
217 2179 235 2213 ὁ
268 2181 347 2224 βίος
380 2182 416 2214 111
446 2147 654 2238 quibusdam
683 2182 783 2215 libris

142 2225 352 2269 adscriptum
368 2231 421 2260 est
437 2225 454 2260 ὁ
478 2229 633 2263 πλοῦτος.
666 2229 782 2261 Recte.

143 2272 251 2315 Saepe
274 2273 366 2305 enim
389 2272 430 2305 de
453 2273 497 2306 iis
520 2273 663 2316 dieitur,
694 2284 782 2316 quae

143 2317 186 2349 ad
232 2318 343 2350 vitam
372 2319 647 2352 *sustentandam
696 2330 782 2362 opus

143 2367 240 2404 sunt,
273 2367 375 2405 atque
405 2364 543 2397 omnino
575 2365 617 2397 de
649 2366 781 2408 opibus.

143 2419 175 2443 v.
199 2409 307 2452 Legg.
331 2408 471 2452 V111.p
475 2408 580 2443 ..842
596 2410 634 2443 C.
665 2411 727 2444 IX.

142 2452 218 2487 936.
244 2454 284 2487 O.
321 2455 374 2486 De
407 2455 550 2497 Republ.
581 2456 643 2488 ΙΙΙ.
674 2467 703 2489 c.
729 2455 782 2489 15.

144 2499 260 2541 ibique
285 2500 373 2532 Ast.

189 2544 270 2587 Cap.
295 2545 404 2577 XLII.
442 2545 485 2577 D.
527 2544 588 2576 Εἰ
609 2550 784 2589 χρυσῆ1

145 2589 221 2631 ἑχω
235 2602 254 2621 ν
277 2589 333 2634 -]
358 2590 427 2632 Qui
444 2590 604 2632 sequitur·
620 2591 730 2633 loeus,
753 2592 783 2625 is

145 2634 428 2678 elegantissima
417 2636 528 2668 ironia
550 2636 698 2679 insignis
722 2642 783 2678 est,

145 2690 249 2721 quam
287 2682 469 2714 o'bservent
505 2680 688 2725 diligenter
726 2683 784 2725 qui

145 2735 223 2758 eum
253 2727 388 2768 penitus
415 2727 560 2770 eupiunt
582 2727 786 2772 intelligere.

852 1546 1017 1588 Respexit
1031 1545 1117 1578 haec
1133 1546 1164 1577 A
1175 1546 1278 1578 risti
1290 1545 1361 1578 des
1382 1546 1492 1579 Oratt.

850 1591 986 1623 Platon.
1018 1592 1062 1623 II.
1094 1602 1126 1634 p.
1159 1589 1254 1632 174.‚
1291 1593 1352 1624 ubi
1389 1593 1492 1625 etiam

852 1637 959 1670 schol.
995 1637 1101 1670 verba
1135 1636 1291 1670 Platonis
1325 1637 1492 1671 laudavit.

848 1701 892 1707 ——
917 1679 993 1714 οὐκ
1024 1680 1073 1715 ἂν
1104 1683 1191 1715 οἴει
1222 1694 1271 1723 με
1295 1680 1493 1723 ἅσμενον

849 1725 1024 1770 εὑρεῖν,
1065 1738 1116 1760 an
1154 1739 1240 1761 non
1270 1733 1400 1771 putas
1429 1739 1492 1761 me

849 1773 1126 1806 laetaturum
1141 1773 1325 1807 invento
1345 1775 1492 1817 aliquo

850 1830 900 1852 ex
940 1819 998 1851 iis
1033 1819 1283 1862 lapidibus,
1328 1820 1492 1863 quibus

851 1874 1000 1897 aurum
1047 1864 1301 1921 explorant
1358 1876 1493 1908 eoque

850 1910 1040 1952 optimo?
1073 1910 1162 1943 Nam
1178 1922 1239 1954 την
1252 1908 1402 1954 αριστην
1417 1922 1493 1954 pro-

850 1955 984 1988 nomini
1029 1954 1103 1988 τινά
1144 1966 1206 1999 per
1243 1958 1492 2012 appositionem

851 2000 1013 2033 additum.
1068 2002 1189 2043 Itaque
1225 2002 1317 2035 ist'ud
1356 1997 1378 2046 ᾗ
1416 2004 1493 2036 vitii

851 2050 1049 2089 suspectum
1102 2047 1232 2089 habeo,
1291 2050 1492 2106 praesertim

851 2103 956 2134 quum
1010 2093 1194 2135 praecedat
1245 2094 1377 2126 τούτων
1424 2098 1492 2127 τῶν

851 2138 975 2170 λίθων.
1021 2137 1104 2170 cod.-
1135 2139 1244 2172 Paris.
1273 2140 1312 2172 F.
1353 2140 1394 2172 αἲ
1429 2141 1491 2183 βα-

853 2184 1047 2224 σανίζουσι.
1094 2184 1194 2225 Quod
1233 2185 1264 2218 si
1300 2185 1492 2229 displiceat,

850 2228 968 2261 facile
975 2226 1032 2263 αἶς
1036 2231 1258 2285 reposueris.

895 2275 935 2307 E.
983 2269 1049 2307 Εὖ
1074 2270 1173 2314 οἶδ’,
1206 2274 1286 2314 ὅτι,
1327 2288 1378 2307 αν
1406 2276 1490 2320 μοι]
1521 2271 1531 2284 “

851 2320 965 2353 Bene
990 2321 1112 2362 novi,
1137 2322 1172 2353 si
1196 2324 1241 2353 tu
1263 2320 1310 2353 de
1333 2322 1393 2354 iis
1418 2333 1493 2355 me-

852 2376 942 2398 cum
967 2367 1242 2407 consentias,
1274 2377 1382 2409 quae
1405 2369 1491 2401 ani-

850 2422 938 2443 mus
976 2422 1092 2444 meus
1131 2413 1288 2453 sentit,
1330 2424 1378 2446 ea
1409 2414 1491 2446 iam

851 2457 946 2500 ipsa
983 2467 1086 2490 vera
1124 2467 1227 2490 esse.
1273 2457 1415 2515 Hipp.
1409 2460 1490 2492 Mai.

851 2513 883 2544 p.
907 2500 984 2535 296.
1009 2503 1060 2534 D·
1096 2499 1115 2534 ὂ
1147 2500 1310 2544 ἐβούλετο
1341 2508 1439 2548 ημῶι
1470 2503 1491 2547 ἡ

853 2545 944 2590 ψυχὴ
977 2547 1100 2579 εἰπεῖν.
1133 2558 1166 2581 v.
1189 2548 1415 2582 Heindorf.
1448 2550 1490 2581 ad

851 2593 991 2625 h.1.-
1017 2590 1165 2635 ὀρθῶς
1190 2606 1231 2627 τε
1256 2594 1395 2637 ζώσης
1421 2596 1488 2627 καὶ

852 2635 913 2680 μή,
938 2642 1116 2671 rectene
1140 2639 1285 2680 vivat,
1321 2651 1371 2672 an
1395 2651 1488 2672 non.

853 2684 905 2715 De
922 2680 990 2724 ἄρα
1003 2683 1142 2728 longius
1156 2684 1200 2718 ab
1224 2686 1324 2718 initio
1336 2685 1492 2717 membri

852 2732 980 2762 remoto
1003 2740 1036 2761 v.
1062 2730 1105 2764 ad
1130 2730 1287 2774 Sympos.
1311 2742 1343 2773 p.
1360 2729 1434 2764 177.
1451 2731 1489 2763 E.

1153 2796 1222 2830 14*
