1690 2912
470 205 544 243 AD
573 205 822 244 GORGIAM
850 206 1123 245 PLATONIS.
1432 213 1483 246 69

122 332 192 357 nos
222 318 388 357 reditum
417 318 500 356 eius
528 317 569 356 in
588 318 759 357 Atticam
789 320 837 356 ad
867 332 1012 356 annum
1033 319 1192 358 tertium
1212 321 1275 358 vel
1295 329 1479 371 quartum

123 375 274 426 Olymp.
306 378 369 412 93.
397 375 642 413 referendum
671 388 754 413 esse
783 380 976 425 putamus.
1025 376 1132 413 Haec
1163 385 1293 414 autem
1323 378 1352 414 si
1386 392 1481 416 vere

122 432 177 470 ita
213 434 429 481 ponuntur,
468 431 597 470 Plato.
618 445 710 469 sane
748 432 1048 481 prudentissimo
1087 433 1245 471 consilio
1284 434 1358 471 hoe.
1395 434 1479 484 ipso

120 493 291 539 tempore
321 487 552 539 colloquium
590 487 714 535 istud,
753 489 801 526 de
831 502 907 539 quo
948 489 1095 537 agitur,
1135 490 1311 528 habitum
1340 491 1477 538 finxit3

120 540 301 584 cenvenit
329 544 432 582 enim
459 544 533 582 hoc
560 544 675 594 plane
706 557 793 582 cum
822 545 1006 584 historiae
1035 546 1121 593 fide,
1153 560 1270 597 quam
1300 560 1323 584 a
1351 547 1476 596 philo-

119 602 238 651 sopho
275 601 374 638 male
403 601 619 649 neglectam
657 614 740 639 esse
769 605 913 640 temere
944 602 1143 653 conquesti
1183 607 1285 642 sunt.
1344 606 1476 654 Atque

120 658 319 696 confimat
335 657 446 697 =hanc
474 657 706 696 sententiam
724 658 948 708 planissime
979 659 1097 696 etiam
1119 659 1227 706 illud,
1257 661 1359 711 quod
1380 661 1475 698 Gor-

116 714 199 763 gias
227 713 371 764 pariter
409 717 525 765 atque
556 714 731 752 Socrates
770 714 812 752 in
840 715 913 753 hoc
951 728 1065 764 opere
1106 719 1305 767 tamquam
1341 714 1472 768 γηρά-

117 784 276 816 σκοντες
304 770 346 808 in
374 783 528 809 scenam
554 770 700 809 inducti
731 775 834 810 sunt.
902 773 1004 809 Nam
1032 785 1068 821 p.
1100 775 1193 810 461.
1225 773 1264 810 O.
1296 773 1472 812 Socrates

115 828 165 865 ad
191 828 348 866 Polum:
380 841 413 866 ω
439 824 623 866 κάλλιστε
647 827 780 875 Πῶλε,
810 823 911 866 ἀλλά
939 842 1001 866 τοι
1031 826 1253 880 ἐξεπίτηδες
1275 826 1474 879 κτώμεθα

116 879 298 936 ἑταίρους
315 897 379 921 και
401 880 508 932 υἱεῖς,
533 882 615 931 ι’να,
636 882 794 922 ἐπειδὰν
815 880 930 922 αὐτοὶ
953 881 1306 953 ποεσβύτεροι
1335 884 1469 938 γιγνό-

113 954 224 990 μενοι
253 936 544 992 σφαλλῶμεθα,
573 937 766 993 παρόντες
784 937 897 991 ὑμεῖς
927 938 964 978 οἶ
994 938 1175 1010 νεώτεροι
1205 940 1472 994 ἕπανορθοῖτε

115 993 231 1047 ἡμῶν
263 994 330 1035 τὸν
356 995 448 1047 βίον
485 1011 550 1035 και
589 995 631 1035 ἓν
659 994 784 1049 ἔργοις
811 996 875 1035 καὶ
918 996 960 1036 ἐν
988 994 1130 1048 λόγοις.
1167 1012 1231 1036 και
1262 1001 1332 1036 νῦν
1370 997 1411 1037 δι’
1431 1014 1469 1038 τι

114 1050 208 1104 ἐγώ
237 1052 323 1091 καὶ
351 1052 580 1106 Γοργίας
609 1051 652 1091 ἐν
680 1058 765 1100 τοῖς
792 1050 923 1105 λόγοις
945 1051 1226 1106 σφαλλόμεθα,
1257 1053 1308 1092 συ
1327 1053 1470 1107 παοιὰν

115 1106 369 1161 ἕπανόρθου·
409 1107 560 1156 δίκαιος
598 1106 633 1148 δ’
675 1112 717 1158 εἰ,
759 1111 843 1148 0011.
872 1125 908 1160 p.
940 1114 1032 1148 463.
1063 1112 1108 1149 E.
1156 1112 1308 1150 Habuit
1345 1090 1469 1161 igitur

113 1167 300 1214 Socrates,
328 1180 405 1218 quo
433 1170 603 1217 tempore
633 1167 866 1218 colloquium
894 1168 1073 1205 habitum
1100 1172 1303 1217 putamus,
1347 1183 1467 1207 annos

112 1223 316 1273 sexaginta
353 1226 556 1275 quattuor3
597 1223 659 1261 cui
689 1224 805 1262 aetati
848 1224 915 1274 qui
953 1224 1081 1262 minus
1121 1225 1325 1263 convenire
1366 1227 1466 1264 arbi-

112 1280 204 1319 trati
233 1283 336 1327 sunt,
366 1280 468 1331 quod
488 1279 663 1318 Callicles
683 1280 772 1329 Cap.
794 1281 880 1318 LX.
902 1293 989 1318 eum
1019 1281 1128 1319 iubet
1155 1286 1285 1319 mente
1315 1287 1466 1321 mutata

113 1337 319 1388 aliquando
359 1336 474 1374 aliam
511 1336 669 1375 vivendi
706 1337 811 1375 viam
849 1341 889 1375 et
924 1337 1114 1376 rationem
1141 1337 1308 1386 ingredi,
1347 1352 1464 1390 quam

111 1393 266 1444 qualem
304 1393 430 1431 adhuc
467 1396 656 1444 sequutus
686 1393 755 1440 sit,
796 1391 986 1444 siquidem
1025 1395 1155 1433 salvus
1194 1398 1234 1433 et
1262 1395 1464 1434 incolumis

108 1449 232 1488 vitam
261 1450 399 1498 degere
427 1449 544 1496 velit,
582 1449 610 1486 ii
648 1462 726 1486 non
753 1449 938 1488 videntur
976 1450 1069 1488 satis
1104 1451 1345 1500 reputavisse
1393 1453 1461 1489 ho-

109 1506 252 1544 minem
288 1505 459 1544 novitiae
506 1505 730 1556 disciplinae
776 1506 889 1556 plane
937 1506 1111 1545 deditum
1159 1512 1199 1545 et
1242 1508 1461 1557 praeditum

106 1562 261 1612 ingenio
300 1562 479 1600 calidiore
517 1562 671 1600 omnino
710 1563 884 1601 acerbius
934 1567 973 1602 et
1012 1564 1288 1602 contentiosius
1328 1571 1462 1603 contra

108 1620 303 1658 Socratem
330 1619 536 1669 disputare,
567 1622 612 1657 ut
638 1619 808 1669 profecto
838 1619 994 1658 minime
1023 1625 1214 1669 repugnet
1239 1621 1459 1660 verisimili-

106 1676 252 1724 tudini,
291 1677 394 1727 quod
432 1675 516 1714 viro
556 1679 682 1714 aetate
721 1676 970 1725 provectiori,
1009 1677 1236 1726 praesertim
1263 1691 1387 1729 usque
1416 1679 1457 1716 in

106 1733 190 1771 luce
227 1733 381 1783 publica
416 1732 589 1771 versanti
637 1736 677 1770 et
715 1733 908 1770 acerrimis
947 1733 1276 1772 criminationibus
1323 1735 1457 1784 petito,

104 1789 305 1827 consilium
332 1789 373 1827 id
402 1802 524 1838 genus
551 1801 674 1838 paene
693 1793 918 1838 protervum
936 1790 1166 1839 suppeditat,
1197 1790 1305 1828 cuius
1325 1795 1454 1829 tamen

104 1845 258 1885 vanitas
285 1847 431 1884 urbane
450 1845 629 1896 deinceps
646 1846 849 1884 refellitur.
889 1847 948 1884 De
975 1846 1138 1895 Gorgiae
1169 1850 1299 1884 autem
1327 1853 1454 1886 aetate

104 1903 136 1941 si
165 1902 382 1954 quaeritur,
422 1902 574 1940 etiamsi
611 1903 658 1940 de
688 1906 858 1951 tempore
897 1902 980 1940 eius
1017 1903 1139 1941 natali
1175 1916 1313 1953 parum
1351 1910 1454 1943 certo

104 1962 264 2006 constet,
293 1962 423 1997 tamen
462 1962 502 1996 et
537 1957 662 2008 ipsum
691 1958 901 1997 verisimile
941 1962 1019 2007 est,
1059 1973 1135 2010 quo
1164 1963 1336 2010 tempore
1366 1974 1454 1999 cum

103 2017 257 2054 Socrate
285 2014 509 2065 disputavit,
538 2015 723 2063 grandem
762 2019 928 2053 aetatem
963 2016 1165 2063 habuisse,
1204 2019 1453 2067 quamobrem

101 2072 174 2122 ipsi
203 2072 245 2110 in
275 2071 463 2123 colloquio
500 2084 587 2109 cum
616 2084 660 2109 eo
689 2071 870 2110 instituto
909 2071 1026 2110 etiam
1056 2086 1196 2121 magna
1231 2073 1453 2123 impertitur

100 2128 342 2168 verecundia.
401 2128 477 2166 Sed
503 2128 551 2166 de
581 2127 642 2166 his
680 2127 836 2179 quidem
873 2128 966 2179 quia
994 2130 1209 2168 accuratius
1237 2130 1354 2168 etiam
1384 2145 1451 2169 ex-

99 2185 242 2236 plicare
270 2188 310 2223 et
336 2185 495 2233 longum
533 2187 592 2222 est
621 2187 661 2223 et
697 2198 834 2234 parum
869 2185 1130 2233 fructuosum,
1168 2187 1363 2236 pergimus
1403 2189 1450 2225 ad

100 2242 207 2289 illud,
236 2241 338 2293 quod
366 2254 489 2278 unum
517 2241 643 2279 adhuc
660 2242 708 2278 dc
737 2242 1012 2293 chronologicis
1031 2244 1147 2280 rebus
1166 2243 1449 2281 discutiendum

100 2302 286 2350 superest.
354 2297 512 2336 Etenim
548 2297 804 2335 adiiciendum
842 2298 1008 2349 denique
1048 2304 1107 2337 est
1145 2300 1291 2350 aliquid
1331 2301 1447 2338 etiam

100 2357 146 2394 de
176 2355 280 2402 Polo,
309 2354 472 2403 Gorgiae
507 2353 608 2392 'socio
637 2358 752 2405 atque
781 2354 978 2404 discipulo.
1044 2355 1173 2393 Facile
1201 2356 1304 2394 enim
1334 2357 1447 2395 alicui

98 2411 378 2450 dubitationem
403 2410 572 2458 iniiciat,
610 2411 712 2461 quod
741 2410 806 2449 ille
844 2411 1040 2449 inducitur
1066 2416 1112 2450 ut
1139 2409 1224 2458 νέος
1251 2411 1315 2450 καὶ
1345 2410 1449 2461 ὀξύς,

98 2484 134 2520 p.
176 2471 268 2506 463.
308 2467 349 2505 G.
390 2467 474 2505 coll.
513 2470 606 2504 461.
647 2467 708 2515 C„
748 2468 873 2518 qualis
911 2471 1012 2506 certe
1051 2481 1128 2505 non
1165 2469 1330 2518 amplius
1365 2483 1448 2507 esse

97 2525 243 2576 potuit,
283 2536 359 2575 quo
386 2527 558 2573 tempore
585 2536 655 2561 nos
685 2537 899 2562 sermonem
926 2524 1104 2562 habitum
1143 2539 1227 2563 esse
1255 2527 1446 2572 volumus,

98 2582 289 2634 siquidem
317 2579 449 2619 statim
489 2581 536 2618 ab
573 2579 684 2618 initio
719 2594 799 2618 una
836 2593 923 2617 cum
956 2581 1140 2629 magistro
1176 2582 1218 2619 in
1247 2583 1447 2620 Graeciam

98 2638 331 2688 migraverit.
370 2637 426 2674 At
453 2635 556 2674 enim
583 2650 675 2675 vero
703 2637 776 2674 hoc
804 2640 849 2674 ut
867 2637 924 2675 ita
942 2641 1168 2684 statuamus,
1198 2639 1306 2676 nulla
1333 2639 1446 2687 plane

99 2699 211 2745 urget
238 2693 458 2733 necessitas.
524 2693 609 2730 Imo
636 2693 792 2732 videtur
828 2693 893 2731 ille
932 2698 1068 2743 postea
1101 2695 1256 2742 demum
1284 2695 1448 2743 Gorgiae

97 2751 322 2803 disciplinae
360 2763 401 2789 se
430 2748 621 2788 dedidisse
659 2749 700 2787 in
741 2763 863 2801 eaque
892 2750 1125 2802 perficienda
1164 2754 1204 2790 et
1241 2751 1451 2791 excolenda
