1696 2976
192 146 246 189 36
734 150 1030 186 PLA'roms

1281 0 1294 13 ν,
1325 0 1427 41 <···ἐ·’,
1442 0 1493 19 *ῑίῖ
1504 10 1510 20 ι
1546 0 1696 237 ’.ΨἺἺ

1451 28 1453 31 .
1584 25 1592 36 A
1642 24 1646 26 ’

1692 247 1696 259 l

190 261 403 322 πρότερον
426 261 711 320 ἐπεδήμησεν.
738 260 848 308 ἀλλὰ
871 261 969 321 γάρ,
995 255 1029 308 ὦ
1055 260 1300 320 Σώκρατες,
1323 261 1481 316 πάντες
1504 262 1581 309 τὸν

189 326 332 389 ἄνδρα
356 332 582 375 ἐπαινοῦσι
614 333 692 374 καί
717 344 828 386 φασι
858 328 1112 387 σοφώτατον
1135 329 1247 375 εἶναι
1279 330 1434 387 λέγειν.
1471 328 1581 375 ἀλλὰ

188 401 234 441 τί
253 394 306 441 οὐ
330 401 565 454 βαδίζομεν
588 394 689 454 παρ’
719 394 869 453 αὐτὸν,
894 400 967 442 ἵνα
993 400 1124 441 ἔνδον
1147 395 1479 455 καταλάβωμεν;
1502 415 1582 441 κα-

187 462 336 508 ταλύει
369 461 429 519 δ’,
462 461 520 515 ὦς
553 462 636 520 ἐγὼ
666 461 854 521 ἤκουσα,
886 462 1003 520 παρὰ
1027 467 1197 522 Καλλίᾳ
1227 466 1286 524 τῷ
1304 462 1578 509 Ἱππονίκου.

113 535 174 567 311
189 527 285 574 ἀλλ’
310 537 455 588 ἴωμεν.
495 531 581 575 Καὶ
600 529 683 587 ἐγὼ
703 530 846 590 εἶπον·
874 529 1037 587 Μήπω,
1058 523 1248 587 ὧ’γαθε’,
1274 532 1412 576 ἐκεῖσε
1433 537 1580 588 ἴωμεν,

189 595 283 658 πρςὸ
307 595 390 655 γάρ
423 599 562 653 ἐστιν,
594 595 703 642 ἀλλὰ
728 600 858 655 δεῦρο
892 599 1192 655 ἐξαναστῶμεν
1223 602 1284 650 εἰς
1322 597 1403 655 τὴν
1442 595 1583 654 αὐλήν

188 665 261 708 καὶ
290 663 529 724 περιιόντες
561 662 696 709 αὐτοῦ
735 668 1052 721 διατρίψωμεν,
1085 666 1165 716 ἕως
1189 661 1245 709 ἂν
1267 666 1360 721 φῶς
1391 666 1580 721 γένηται·

188 730 279 776 εἶτα
298 738 442 789 ἴωμεν.
491 733 563 776 καὶ
588 729 670 790 γὰρ
693 729 745 776 τὰ
771 730 908 776 πολλὰ
930 730 1222 789 Πρωταγόρας
1246 735 1376 776 ἔνδον
1416 734 1583 789 διατρί-

186 802 274 855 βει·
323 795 454 855 ὥστε,
499 797 682 858 θάρρει,
719 797 1059 856 καταληψόμεθα
1091 796 1239 854 αὐτόν,
1287 796 1344 851 ὦς
1374 799 1421 842 τὸ
1455 796 1582 853 εἰκός,

185 868 326 912 ἔνδον.

187 1006 278 1029 corr.
295 987 356 1039 ἦν.
381 1007 413 1031 v.
442 996 640 1029 Schneider
656 995 813 1038 praefat.
836 995 880 1028 ad
905 996 1005 1028 civit.
1030 997 1047 1028 I
1067 1006 1100 1038 p.
1125 996 1252 1029 XLIV.
1276 996 1423 1029 Bekker
1444 994 1578 1028 Anecd.

189 1041 317 1073 Graec.
355 1042 475 1074 4379:
493 1033 610 1083 ἦιίντὶ
619 1040 684 1073 τοῦ
703 1035 885 1083 ὑπῆρχον,
903 1035 1044 1082 ὦςπαρ’
1059 1035 1313 1082 Ἀριστοφάνει
1331 1036 1373 1074 ἐν
1382 1034 1576 1080 Ὄρνισιν·

187 1075 211 1128 ἦ
235 1082 305 1129 γὰρ
327 1052 399 1128 {yth
425 1083 528 1127 ξένος
558 1078 779 1127 ἅνθρωπος·
793 1081 1000 1136 ςκαὶμαροὶ
1025 1082 1200 1118 Πλάτωνι
1223 1080 1246 1127 ἡ
1264 1084 1392 1128 χρῆσις
1411 1081 1578 1133 εὕρηται.

185 1130 328 1163 Deinde
342 1129 442 1164 codd.
458 1130 625 1162 meliores
633 1139 755 1162 omnes
765 1139 805 1162 το
823 1139 1004 1172 προτερον
1013 1140 1075 1172 pro
1084 1130 1180 1172 vulg.
1200 1126 1240 1162 τὸ
1249 1129 1395 1171 πρῶτον
1403 1130 1578 1172 praebue-

185 1178 278 1209 runt.
301 1175 469 1208 Veterem
486 1175 682 1207 lectionem
697 1184 769 1207 non
792 1174 864 1206 nisi
905 1175 1039 1216 uinque
1057 1174 1199 1207 codices
1216 1177 1372 1206 tuentur.
1559 1207 1562 1211 ,

273 1219 313 1252 P.
331 1221 407 1252 311.
433 1214 596 1262 Μήπω,
614 1209 642 1251 ὦ
656 1213 804 1262 '‘ymas''
823 1213 881 1252 ἐκ.
911 1219 970 1250 Sic
989 1218 1102 1252 Coisl.
1120 1229 1162 1250 ex
1181 1229 1270 1251 corr.
1286 1219 1414 1251 etVat.
1432 1229 1459 1250 r.
1469 1218 1577 1260 Vulg.

181 1258 322 1306 Μήπω,
340 1258 480 1307 ἀγαθέ,
505 1263 601 1305 quod
622 1264 694 1295 iam
711 1262 939 1295 Heindorfius
956 1263 1000 1295 de
1018 1264 1227 1295 coniectura
1250 1264 1417 1297 mutavit.
1441 1262 1579 1295 Cobeto

182 1312 329 1341 auctore
346 1309 455 1350 (orat.
473 1308 518 1340 de
535 1311 612 1340 arte
629 1309 698 1340 crit
739 1332 746 1340 .
769 1307 846 1349 141)
864 1308 1087 1340 recentiores
1112 1307 1268 1341 editores
1295 1308 1418 1341 verbis
1458 1302 1578 1340 ἐκεῖσε

181 1351 298 1396 ἴωμεν
315 1353 442 1386 eiectis
459 1347 587 1395 Μήπω
603 1346 660 1396 γ’,
679 1344 707 1385 ὦ
734 1349 847 1396 γαθέ.
865 1352 926 1385 sed
943 1362 976 1385 v.
995 1363 1078 1385 ann.

914 1474 1019 1497 mane
1038 1467 1105 1502 est,
1129 1463 1191 1496 sed
1215 1475 1233 1496 e
1257 1463 1424 1497 cubiculo
1441 1463 1580 1506 egressi

913 1509 983 1541 huc
1002 1518 1124 1541 eamus
1142 1509 1178 1540 in
1197 1509 1340 1548 atrium,
1367 1508 1487 1550 ibique
1505 1518 1579 1540 am-

912 1553 1082 1585 bulantes
1097 1553 1355 1593 colloquamur,
1373 1552 1489 1585 donec
1501 1552 1580 1584 dies

913 1597 1086 1629 illuxerit.
1126 1596 1297 1629 Socrates
1320 1597 1431 1639 igitur
1453 1597 1577 1628 statim

913 1641 958 1674 ad
976 1642 1127 1674 eundum
1145 1651 1183 1673 se
1201 1643 1365 1683 paratum
1382 1651 1462 1673 esse
1478 1640 1579 1680 dicit,

911 1696 1034 1719 verum
1044 1697 1098 1723 eo,
1115 1682 1185 1728 qu'o
1193 1686 1436 1728 Hippocrates
1449 1685 1578 1725 tendit,

912 1730 1067 1763 nondum
1080 1731 1133 1763 ire
1147 1730 1238 1769 vult,
1255 1733 1294 1762 ut
1302 1724 1420 1764 ἐκεῖσε
1435 1730 1579 1761 minime

913 1775 1029 1818 possit
1065 1775 1205 1808 abesse.
1251 1775 1298 1807 Et
1335 1773 1429 1815 quod
1459 1768 1579 1807 ἐκεῖσε

913 1820 1112 1862 scripserat
1127 1819 1247 1859 Plato,
1271 1820 1307 1851 in
1330 1819 1578 1860 sequentibus,

913 1867 952 1896 ut
975 1865 1091 1897 oratio
1115 1866 1211 1896 esset
1236 1865 1432 1903 concinna,
1464 1861 1577 1904 δεῦρο

914 1908 1071 1947 addidit,
1105 1907 1200 1950 quod
1230 1908 1307 1940 sine
1339 1902 1459 1940 ἐκεῖσε
1491 1907 1580 1939 ferri

225 1458 272 1497 τὰ
289 1459 513 1508 πρότερον
530 1458 842 1506 ἐπεδήμησεν]

180 1508 276 1542 hunc
299 1508 419 1541 locum
443 1509 514 1542 iam
537 1508 776 1541 tractavimus
809 1509 847 1540 in

179 1554 336 1596 praefat.
353 1564 388 1596 p.
408 1555 458 1587 19.
483 1553 567 1586 Mea
590 1554 686 1585 enim
702 1556 847 1585 senten-

178 1598 232 1630 tia
248 1597 355 1630 Plato
378 1598 437 1630 hic
459 1608 530 1630 non
553 1598 704 1640 primam
720 1597 846 1630 Prota-

179 1652 287 1684 gorae
333 1642 649 1674 commorationem
693 1642 847 1674 Athenis

179 1686 382 1729 significat,
408 1686 478 1719 sed
505 1687 719 1729 proximam,
752 1696 845 1727 quae

180 1734 292 1772 quota
305 1731 425 1770 fuerit,
441 1731 532 1763 nihil
545 1731 696 1763 indicat.
720 1731 846 1773 Neque

178 1779 244 1814 est,
269 1776 362 1817 quod
383 1775 634 1815 intervallum,
667 1785 731 1818 per
753 1774 847 1817 quod

178 1820 397 1862 Protagoras
421 1821 467 1853 ab
492 1820 644 1852 Athenis
676 1820 846 1858 abfuerit,

178 1865 322 1907 longius
350 1874 456 1907 quam
478 1864 588 1897 trium
610 1864 669 1898 vel
693 1867 847 1906 quatuor

179 1919 353 1942 annorum
371 1919 563 1942 sumamus.

223 1949 729 1997 σοφώτατον-λέγειν]
742 1953 845 1986 Haec

176 1998 289 2040 igitur
305 1999 528 2041 Protagorae
552 1998 668 2040 σοφία
692 1999 737 2031 ab
755 1998 844 2040 Hip-

176 2044 325 2085 pocrate
349 2043 608 2086 appetebatur,
638 2046 678 2074 ut
701 2044 738 2074 in
762 2053 846 2075 con-

179 2087 318 2120 cionem
342 2086 510 2129 prodiens
533 2087 686 2119 simulac
718 2087 848 2120 liceret

178 2149 220 2155 —
251 2131 357 2164 licuit
387 2134 507 2164 autem
539 2142 582 2164 ex
614 2131 775 2174 ephebis.
808 2132 846 2163 in

178 2176 308 2217 quibus
315 2179 389 2208 tum
402 2179 492 2214 erat,
510 2186 655 2218 egresso
670 2179 707 2208 et
714 2176 846 2218 viginti

177 2231 291 2253 annos
308 2221 437 2254 maiori
452 2238 495 2244 —
511 2219 656 2253 dicendi
673 2224 750 2252 arte
767 2220 845 2262 glo-

175 2265 265 2297 riam
310 2266 380 2298 sibi
432 2268 542 2307 atque
589 2265 843 2297 auctoritatem

177 2313 388 2351 quaereret;
419 2320 454 2343 v.
475 2309 594 2344 Alcib.
614 2309 631 2342 1
653 2319 686 2352 p.
714 2311 776 2341 106
800 2309 842 2342 B.

177 2353 340 2397 Xenoph.
358 2354 464 2389 Mem.
481 2354 544 2387 nl.
562 2356 595 2395 5,
614 2355 643 2388 1.

219 2420 260 2452 P.
285 2422 361 2453 311.
397 2415 518 2463 παρὰ
564 2419 741 2463 Καλλίᾳ
785 2418 841 2464 τῷ

170 2458 268 2498 ‘Ina
277 2475 296 2498 ο
305 2462 355 2507 ν.]
367 2465 420 2496 Ex
430 2464 571 2498 calliae
580 2466 658 2497 vita
665 2474 759 2507 quae
772 2464 842 2496 huc

174 2510 368 2552 pertinent.
386 2520 429 2541 ea
442 2509 674 2542 inveniuntur
686 2509 723 2541 in
737 2519 842 2551 prae-

178 2554 454 2642 ὴῖἱξῑὶτῗιιυῗψῶ
489 2592 642 2641 ’γαθέ,
691 2592 841 2631 ἐκεῖσε

175 2641 329 2687 ἴωμεν]
371 2642 568 2684 Postquam
598 2643 842 2685 Hippocrates

175 2689 359 2721 Socratem
382 2687 493 2719 etiam
515 2691 624 2728 atque
653 2689 762 2720 etiam
786 2697 842 2719 ro-

177 2733 290 2775 gavit,
309 2735 349 2764 ut
366 2741 473 2774 quam
490 2732 639 2774 primum
659 2731 703 2763 ad
721 2731 840 2774 sophi-

175 2781 267 2810 stam
276 2787 314 2809 se
328 2776 487 2816 duceret,
496 2779 570 2807 tum
584 2776 840 2816 illetnondum,

176 2822 307 2864 inquit,
334 2821 423 2854 illuc
451 2830 591 2862 eamus,
625 2820 719 2862 quod
747 2821 839 2853 bene

913 1954 1054 1995 nequit;
1086 1963 1169 1985 nam
1193 1947 1263 1995 τὴν
1278 1946 1400 1994 αὐλήν
1416 1951 1579 1984 Socratis

912 2008 992 2031 esse
1016 2007 1079 2040 per
1095 2007 1133 2030 se
1157 1999 1326 2039 apparet,
1346 1999 1387 2028 ut
1401 2006 1435 2039 p.
1453 1997 1518 2029 310
1534 1997 1577 2028 A.

910 2043 1024 2076 verba
1040 2035 1111 2084 τήν
1125 2036 1253 2084 θύραν
1269 2038 1399 2083 ἔκρουε
1407 2040 1498 2073 nihil
1513 2040 1577 2072 ha·

910 2087 997 2120 bent
1009 2086 1122 2118 dubii.
1145 2084 1344 2128 Νοαῖωμεν
1363 2089 1445 2128 post
1457 2079 1577 2118 ἐκεῖσε

912 2132 996 2164 eiici
1011 2133 1143 2173 potest,
1168 2130 1263 2171 quod
1285 2141 1327 2163 eo
1344 2133 1479 2162 remoto
1496 2139 1577 2162 ora·

910 2176 962 2208 tio
976 2175 1085 2218 plane
1100 2174 1337 2207 claudicaret.
1353 2174 1404 2206 Ut
1417 2173 1578 2207 Socratis

910 2219 1158 2261 aequabilitas
1180 2218 1415 2261 trepidationi
1438 2219 1575 2261 Hippo-

910 2264 1023 2296 cratis
1047 2264 1215 2306 opposita
1237 2264 1275 2295 in
1300 2263 1381 2305 ipsa
1411 2263 1575 2295 oratione

910 2309 1097 2348 emineret,
1119 2308 1225 2341 Plato
1242 2308 1387 2350 scripsit
1402 2317 1494 2349 quae
1511 2306 1575 2339 ha·

909 2353 1045 2391 bemus,
1064 2362 1135 2385 non
1152 2363 1244 2394 quae
1261 2353 1397 2402 potuit:¹
1417 2345 1496 2384 ἀλλ’
1512 2349 1575 2383 ἰω-

909 2407 990 2475 ιῑὲς
1002 2388 1585 2482 ἐτἠῖῖειιθίῑιῑιζῑῆῑιῑςέεῑε

910 2486 1100 2529 Copiosius
1116 2485 1160 2519 ds
1174 2485 1336 2518 hocloco
1352 2484 1578 2526 explicatum>

911 2534 968 2563 est
991 2531 1027 2563 in
1044 2530 1143 2563 Stud.
1160 2529 1334 2574 philol.vp.
1351 2529 1539 2562 835-837.

954 2594 1090 2631 ἔνδον
1111 2593 1342 2638 διατρίβει
1359 2591 1570 2637 -ἔνδονλΙ

908 2641 1079 2675 Socrates
1095 2642 1132 2674 in
1149 2641 1238 2681 foro,
1260 2640 1296 2672 in
1314 2640 1512 2682 gymnasiis
1528 2650 1572 2671 ac

908 2686 1101 2729 palaestris
1123 2688 1161 2718 et
1188 2684 1273 2718 aliis
1302 2684 1394 2716 locis
1417 2683 1572 2726 publicis

908 2730 1068 2772 qnotidie
1092 2729 1304 2763 versabatur
1319 2729 1571 2769 hominumque

909 2776 1054 2808 circulis
1085 2785 1122 2807 se
1154 2773 1393 2812 immiscebat,
1427 2772 1571 2814 qualem

905 2821 1018 2853 vitam
1049 2830 1092 2852 ex
1118 2818 1292 2861 sophistis
1319 2827 1423 2851 nemo
1446 2817 1572 2849 Prota·
