1682 2944
446 239 520 278 AD
548 237 794 277 GORGIAM
821 235 1092 275 PLATONIS.
1394 233 1443 271 27

94 355 200 395 tibus
229 358 297 393 aut
325 353 531 399 doloribus,
561 352 629 390 sed
648 351 750 403 quod
774 351 1013 402 sequendum
1040 349 1105 389 vel
1121 347 1349 398 fugiendum
1377 350 1447 394 est,

93 413 134 450 id
172 414 394 450 constanter
430 409 614 460 sequitur.
679 409 820 459 ltaque
858 407 921 446 vir
955 409 1080 445 bonus
1119 410 1180 444 est
1216 408 1448 455 temperans,

93 469 238 515 iustus,
274 467 405 514 fortis,
443 469 618 513 sanctus,
658 464 838 516 idemque
868 463 986 502 etiam
1022 468 1082 502 est
1119 464 1276 509 beatus,
1315 464 1450 499 contra

92 525 353 575 intemperans
381 525 422 561 et
448 522 616 561 iniustus
645 522 816 559 omnium
843 520 1081 559 miserrimus
1091 516 1142 568 ³¹²).
1172 519 1215 557 P.
1239 518 1449 557 5060—-

97 584 189 620 507.
218 582 266 618 D.
324 580 377 618 Et
405 579 438 617 si
466 583 589 618 totam
616 578 814 617 intuemur
841 590 973 616 rerum
999 580 1199 623 naturam,
1229 575 1337 613 illam
1366 575 1448 612 ani-

93 636 370 677 madvertimus
397 640 554 686 propter
583 635 756 674 ordinem
794 638 834 674 et
862 637 1040 672 ornatum
1080 636 1120 672 et
1146 632 1450 670 moderationem

92 699 132 734 et
159 693 348 733 iustitiam
378 705 401 730 a
429 692 668 743 sapientibus
696 691 867 730 mundi
897 687 1083 741 (κόσμου)
1103 689 1258 727 nomine
1287 702 1371 727 esse
1390 688 1448 725 in-

91 752 284 801 signitam.
339 751 381 787 P.
414 751 505 788 507.
535 750 583 787 D.
612 770 670 776 -—-
701 752 792 787 508.
823 750 872 786 A.
907 788 909 790 r
938 748 1056 787 Valet
1093 747 1196 786 enim
1235 745 1449 797 aequalitas

92 807 323 858 geometrica
351 810 390 845 et
419 807 521 856 apud
548 807 640 844 deos
669 809 709 844 et
737 806 839 855 apud
867 804 1063 851 homines,
1103 808 1149 842 ut
1185 802 1354 841 habendi
1384 815 1448 840 cu-

91 864 247 916 piditati
273 863 430 901 minime
467 863 519 901 sit
554 863 843 912 indulgendum.
902 860 1014 902 Quod
1043 861 1075 898 si
1104 860 1161 898 ita
1190 862 1270 906 est,
1310 863 1449 909 sponte

91 920 340 973 consequitur.
372 933 465 959 vere
501 933 563 958 me
599 924 715 958 antea
753 919 806 969 (p.
837 922 929 956 486.
958 918 1002 956 B.
1032 916 1090 966 Ο.)
1118 916 1351 955 iudicavisse
1390 929 1450 954 ac-

92 992 223 1017 cusare
252 990 444 1029 quemque
482 977 622 1015 debere
660 989 701 1014 se
734 976 863 1026 ipsum
900 978 940 1013 et
969 974 1092 1012 filium
1131 977 1171 1012 et
1199 973 1386 1020 amicum,
1418 973 1452 1011 si

91 1036 185 1087 quid
212 1034 357 1073 iniuste
385 1033 531 1080 fecerit,
561 1036 600 1071 et
619 1033 850 1072 rhetoricam
879 1033 1019 1076 adhoc
1046 1031 1175 1081 ipsum
1194 1030 1452 1069 adhibendam

92 1106 195 1139 esse,
235 1091 426 1143 siquidem
454 1090 636 1128 iniuriam
674 1090 801 1128 facere
830 1102 947 1141 quam
977 1088 1148 1138 accipere
1177 1100 1315 1127 revera
1341 1091 1452 1126 tanto

93 1152 153 1187 est
178 1148 299 1199 peius,
329 1150 474 1199 quanto
504 1151 563 1186 est
592 1147 764 1197 turpius;
795 1159 867 1184 nec
893 1158 986 1185 vero
1014 1149 1118 1184 recte
1148 1145 1245 1182 mihi
1265 1144 1451 1191 obiecisti,

94 1219 115 1243 ο
145 1204 322 1251 Callicle,
360 1217 423 1242 me
451 1217 530 1242 non
558 1217 670 1254 posse
700 1203 882 1241 auxiliari
911 1215 1038 1254 neque
1075 1201 1188 1239 mihi-
1210 1201 1286 1252 ipsi
1325 1214 1452 1253 neque

93 1262 301 1300 amicorum
317 1296 321 1299 ,
338 1261 517 1312 cuiquam
555 1264 594 1299 et
634 1261 811 1298 omnibus
850 1260 1071 1310 expositum
1109 1259 1192 1296 fore
1229 1258 1382 1296 iniuriis
1413 1262 1453 1297 et

95 1317 339 1357 contumeliis
376 1322 415 1355 et
453 1316 670 1367 suppliciis:
710 1330 801 1354 nam
838 1317 1053 1354 maximum
1090 1316 1281 1353 malorum
1318 1316 1454 1365 procul

92 1375 208 1414 dubio
237 1378 297 1412 est
332 1373 525 1412 iniustitia
563 1373 707 1412 iniuste
745 1373 922 1420 facienti,
963 1373 1080 1424 idque
1107 1375 1217 1411 tanto
1245 1372 1388 1421 magis,
1419 1372 1452 1411 si

93 1432 180 1483 quis
218 1430 363 1468 iniuste
401 1431 592 1469 factorum
629 1430 757 1468 nullas
795 1442 940 1480 poenas
978 1430 1074 1468 luat.
1104 1430 1146 1467 P.
1189 1432 1282 1467 508.
1321 1430 1365 1466 Β.
1395 1451 1453 1456 -

96 1492 188 1527 509.
218 1488 258 1526 C.
318 1487 405 1524 Iam
441 1500 534 1526 vero
572 1487 667 1539 quid
695 1487 852 1526 tandem
890 1487 1004 1524 homo
1033 1485 1216 1536 praesidii
1245 1489 1286 1525 et
1314 1486 1452 1524 auxilii

95 1544 168 1583 sibi
198 1556 416 1593 comparare
452 1544 614 1594 poterit,
652 1547 698 1582 ut
735 1547 945 1594 utrumque
984 1543 1057 1580 hoc
1086 1543 1328 1581 commodum
1365 1556 1451 1593 per-

93 1601 221 1651 cipiat,
251 1613 385 1647 unum,
416 1613 465 1638 ne
493 1600 577 1650 ipse
605 1601 723 1639 faciat
750 1601 951 1647 iniuriam,
983 1601 1160 1647 alterum,
1190 1613 1240 1638 ne
1268 1600 1451 1638 iniuriam

93 1657 279 1708 accipiat?
346 1657 539 1695 Nimirum
577 1657 770 1707 posterius
810 1657 968 1708 quidem
1006 1660 1052 1695 ut
1089 1670 1138 1695 ne
1177 1657 1252 1707 ipsi
1291 1657 1450 1705 accidat,

92 1715 220 1753 caveri
245 1714 389 1764 poterit
427 1717 588 1752 externa
625 1714 810 1764 potentia.
869 1707 983 1752 Prius
1023 1716 1154 1752 autem
1191 1714 1289 1751 illud
1327 1718 1373 1752 ut
1401 1727 1451 1752 ne

91 1772 170 1818 fiat,
199 1774 354 1822 praeter
381 1784 491 1809 suam
520 1771 706 1822 cuiusque
725 1771 968 1810 voluntatem
986 1792 1043 1798 —-
1061 1783 1174 1808 nemo
1203 1770 1307 1809 enim
1326 1771 1451 1810 sciens

90 1828 184 1867 facit
227 1827 410 1866 iniuriam
445 1849 503 1854 —-
541 1828 702 1866 scientia
736 1828 902 1879 quadam
941 1831 981 1866 et
1023 1830 1105 1866 arte
1145 1840 1241 1877 opus
1270 1830 1341 1866 est.
1398 1828 1452 1867 Et

91 1886 140 1923 ad
169 1886 372 1923 arcendam
391 1884 546 1936 quidem
575 1885 738 1922 aliorum
765 1884 947 1922 iniuriam
966 1883 1050 1922 sine
1079 1884 1196 1922 dubio
1216 1884 1315 1922 illud
1334 1885 1451 1932 valet,

91 1946 138 1979 ut
167 1945 234 1979 aut
261 1942 345 1991 ipse
381 1941 423 1978 in
462 1941 620 1980 civitate
659 1941 824 1991 imperes
864 1954 908 1979 ac
945 1941 1152 1979 domineris
1191 1944 1261 1980 aut
1298 1941 1451 1991 imperii

90 1997 168 2036 iam
197 1997 398 2037 constituti
418 2001 634 2036 assentator
663 1998 715 2036 sis
743 1998 908 2049 ideoque
926 1997 974 2037 iis
993 1998 1139 2036 amicus
1168 1998 1250 2046 fias,
1281 1998 1350 2049 qui
1378 1999 1449 2036 im—

90 2054 195 2104 perio
222 2054 338 2104 potiti
367 2057 475 2101 sunt,
504 2054 561 2092 ita
588 2058 634 2092 ut
660 2055 708 2093 iis
738 2055 880 2093 evadas
910 2054 1128 2093 simillimus
1157 2055 1331 2106 adeoque
1369 2069 1449 2094 una

91 2124 178 2148 cum
206 2111 284 2149 illis
311 2112 427 2149 rebus
455 2110 591 2149 iisdem
621 2114 661 2149 et
688 2112 856 2160 gaudeas
885 2116 925 2150 et
953 2112 1094 2150 doleas.
1142 2113 1197 2150 At
1226 2112 1329 2150 enim
1357 2126 1450 2151 vero

89 2168 164 2206 isto
193 2168 349 2219 quidem
377 2171 488 2218 pacto
517 2168 601 2206 fieri
630 2181 708 2206 non
736 2168 897 2219 poterit,
929 2168 1024 2219 quin
1052 2169 1135 2219 ipse
1164 2168 1208 2206 in
1236 2169 1450 2208 maximum

90 2225 235 2262 malum
261 2224 455 2272 incurras,
494 2238 615 2276 quum
643 2224 816 2276 improbo
846 2226 1003 2263 futurus
1032 2225 1084 2264 sis
1114 2225 1241 2264 animo
1271 2230 1311 2265 et
1338 2227 1450 2276 pravi

91 2281 305 2319 imitatione
353 2285 543 2331 corrupto.
604 2283 647 2320 P.
689 2286 781 2320 509.
825 2282 864 2320 G.
904 2303 962 2309 —
1003 2285 1095 2320 511.
1136 2283 1184 2321 A.
1261 2282 1451 2324 Quocirca

91 2339 232 2387 probus
262 2341 301 2375 et
329 2337 514 2376 honestus
542 2338 604 2377 vir
641 2338 714 2377 sibi
751 2338 888 2390 utique
917 2339 1089 2386 cavebit,
1128 2343 1174 2378 ut
1202 2353 1251 2378 ne
1280 2340 1350 2388 iis,
1382 2341 1450 2392 qui

90 2395 354 2441 dominentur,
391 2394 465 2432 isto
492 2395 604 2432 modo
634 2395 841 2443 inserviat,
872 2396 1015 2447 quippe
1043 2409 1271 2445 persuasum
1300 2397 1449 2436 habens

89 2463 166 2488 non
194 2451 234 2488 id
263 2464 346 2489 esse
374 2452 625 2498 studendum,
654 2456 700 2490 ut
727 2466 843 2504 quam
870 2452 1087 2492 diutissime
1115 2453 1246 2501 vivat,
1285 2453 1449 2506 ideoque

90 2520 155 2545 eas
193 2508 370 2546 colendas
406 2520 488 2546 esse
527 2512 648 2556 artes,
688 2522 787 2560 quae
826 2522 895 2547 nos
935 2522 958 2547 a
995 2510 1176 2560 periculis
1214 2510 1381 2550 liberent
1410 2516 1450 2551 et

80 2665 89 2669 ‘
157 2661 190 2703 *)
215 2662 439 2695 Revocantur
461 2662 518 2695 hic
542 2664 696 2697 consulto
720 2664 866 2698 virtutes
890 2675 1010 2698 omnes
1032 2665 1076 2699 ad
1095 2664 1352 2709 σωφροσύνην,
1377 2677 1448 2699 11011

92 2710 359 2740 commemorata
385 2711 422 2750 τῇ
449 2707 632 2752 φρονήσει,
653 2714 834 2752 propterea
867 2711 959 2753 quod
989 2711 1127 2744 Callicli
1159 2712 1447 2755 intemperantiae

89 2751 261 2785 laudatori
284 2753 531 2786 occurrendum
556 2754 631 2789 fuit.
665 2755 735 2788 Nec
760 2766 841 2789 vero
866 2766 907 2789 ea
925 2757 1012 2790 ratio
1036 2756 1080 2790 ab
1101 2758 1146 2790 iis
1162 2757 1334 2799 abhorret,
1359 2768 1447 2802 quae

89 2797 255 2841 leguntur
276 2798 366 2832 Xen
377 2799 469 2843 oph.
493 2800 595 2832 Mem.
620 2800 682 2842 III,
706 2799 739 2842 9,
763 2800 794 2834 4.
