1696 2976
980 0 990 6 ¹·
1034 0 1092 24 w—-r
1182 0 1251 20 ’ῖς
1354 0 1357 2 ·
1387 0 1485 25 ’;“·ῑ·,·”“
1517 0 1577 22 τιν’·

178 108 233 150 46
724 114 1024 152 PLATole

177 222 390 282 μήσαμεν,
428 232 562 312 ἴωμεν
585 227 658 271 καὶ
676 224 932 286 ἀκούσωμεν
953 232 1031 275 τοῦ
1053 227 1236 289 ἀνδρός,
1267 234 1415 277 ἔπειτα
1437 230 1571 278 ἀκαύ-

179 304 332 345 σαντες
373 294 445 338 καὶ
482 291 629 347 ἄλλοις
665 291 1085 354 ἀνακοινωσωμεθα
1137 298 1211 343 καὶ
1240 296 1324 358 γὰρ
1355 297 1408 344 οὐ
1437 298 1569 357 μόνος

116 363 144 411 C
178 358 471 419 Πρωταγόρας
496 357 653 407 αὐτόθι
678 363 817 420 ἐστίν,
848 361 959 409 ἀλλὰ
993 366 1066 409 καὶ
1084 361 1292 418 τεΙππιάς
1273 384 1297 410 ο
1316 363 1481 420 Ἠλεῖος
1509 390 1564 398 -ὴ

175 425 294 484 οἶμαι
319 427 367 472 δὲ
391 428 463 472 καὶ
487 426 711 487 Πρόδικον
732 428 808 476 τὸν
831 436 966 477 Κεῖον
993 458 1051 463 -
1078 433 1151 477 καὶ
1173 429 1296 478 ἄλλοι
1322 434 1474 479 πολλοὶ
1497 435 1569 479 καὶ

176 498 318 551 σοφοί.

275 559 379 620 Cap.
407 560 480 606 VI.
516 561 665 616 Δόξαν
686 561 793 622 ἡμῖν
814 559 964 621 ταῦτα,
990 564 1302 624 ἐπορευόμεθα.
1328 565 1502 625 Ἐπειδὴ
1521 568 1568 612 δὲ

175 628 223 673 ἑν
245 630 305 689 τῷ
330 629 544 690 προθύρῳ
570 629 830 689 ἐνενόιιεθα,
871 631 1119 686 ἐπιστάντες
1160 639 1266 693 περί
1290 654 1405 688 τινος
1438 633 1569 693 λόγου

175 694 514 754 διελεγόμεθα,
500 696 548 750 ὃς
571 709 677 755 ημῖν
700 716 807 744 κατα
830 696 912 758 τὴν
934 698 1040 745 ὁδὸν
1065 702 1291 747 ἐνεῃπεσεν
1324 700 1384 747 ἵν’
1413 695 1494 748 οὖν
1510 701 1568 760 μὴ

172 759 327 821 ἀτελὴς
372 766 556 822 γένοιτο,
603 763 712 810 ἀλλὰ
759 766 1126 826 διαπεραναμενοι
1165 767 1302 822 οὕτως
1349 773 1567 828 εἰςίοιμεν,

174 843 351 883 σταντες
377 833 425 876 ἐν
447 834 506 893 τῷ
531 831 743 894 προθύρω
769 833 1121 893 διελεγόμεθα,”
1096 854 1176 890 εως
1200 836 1569 895 συνωμολογήσα-

173 915 255 955 μεν
285 895 500 956 ἀλλήλοις.
550 903 674 946 δοκεῖ
701 893 782 946 οὖν
804 920 899 960 μοι,
934 900 958 947 6
982 902 1209 962 θυρωρός,
1246 901 1454 962 εὐνοῦχός
1487 923 1567 961 τις,

111 977 145 1010 D
174 962 415 1022 κατήκουεν
439 964 586 1024 ἡμῶν,
612 968 863 1015 κινδυνεύει
895 969 944 1014 δὲ
969 969 1041 1015 διὰ
1064 967 1111 1015 τὸ
1135 973 1305 1028 πλῆθος
1327 973 1416 1018 τῶν
1439 986 1566 1030 σοφι-

172 1034 289 1078 στῶν
311 1030 533 1091 αχθεσθαι
550 1045 639 1088 τοῖς
663 1038 875 1092 φοιτῶσιν
892 1040 956 1090 εἰς
978 1035 1059 1095 τὴν
1084 1041 1239 1083 οἰκίαν.
1284 1036 1436 1097 ἐπειδὴ
1459 1041 1567 1096 γοῦν

173 1098 443 1159 ἐκρούσαμεν
467 1100 548 1159 τὴν
572 1099 735 1161 θύραν,
766 1101 945 1157 ἀνοίξας
968 1106 1042 1149 καὶ
1074 1103 1183 1151 ἰδών
1204 1103 1330 1163 ἡμᾶς,
1345 1103 1439 1163 Ἔα,
1465 1111 1564 1164 ἔφη,

211 1225 388 1271 Ἱππίας
411 1226 430 1264 ὁ
450 1226 640 1276 Ἠλεῖος]
666 1233 751 1266 Fuit
772 1233 833 1266 hio

169 1276 324 1318 insignis
347 1280 423 1309 tum
452 1276 638 1310 doctrinae
664 1278 769 1321 copia
798 1282 835 1311 et

171 1321 419 1363 amplitudine,
442 1324 517 1354 tum
533 1323 698 1356 vanitate
717 1334 759 1355 ac
776 1333 835 1356 su-

168 1366 308 1408 perbia,
326 1377 394 1408 qua
412 1369 526 1399 artem
542 1377 644 1399 suam
657 1378 700 1400 ac
715 1369 835 1401 scien—

169 1411 258 1443 tiam
281 1411 500 1447 ostentabat.
524 1412 596 1444 vid.
620 1412 731 1455 Hipp.
747 1413 835 1446 Mai.

169 1466 203 1498 p.
227 1455 293 1488 285
320 1465 400 1498 sqq.
438 1456 540 1489 Infra
573 1467 607 1499 p.
636 1458 701 1489 315
733 1457 760 1489 C
799 1460 835 1489 et

171 1504 293 1533 annot.
319 1502 365 1533 ad
382 1500 486 1543 Apol.
518 1501 616 1534 Soet.
645 1512 679 1543 p.
712 1502 752 1534 19
788 1502 832 1544 Ε,

168 1545 231 1578 ubi
249 1545 357 1577 otiam
367 1545 410 1578 de
423 1545 609 1578 Prodico
623 1545 832 1578 dictumest

169 1606 211 1612 —
227 1590 316 1622 Post
337 1585 411 1633 οἷμ
420 1601 467 1623 αι
489 1608 533 1614 ——-
554 1591 693 1624 Κεῖον
714 1590 830 1623 intell.

168 1628 310 1667 αὐτόθι
335 1601 452 1678 εἶναι,
482 1641 522 1667 ut
549 1634 702 1679 Apolog
723 1646 757 1678 p.
788 1637 831 1668 25

167 1679 209 1711 E.
228 1679 347 1712 Stazzb.

214 1723 303 1767 Cap.
334 1724 395 1757 VI.
429 1723 468 1756 C.
526 1719 678 1766 Δόξαν
721 1719 833 1767 ἡμῖν

169 1766 330 1812 ταυτα]
363 1768 497 1802 Eodem
529 1769 633 1802 modo
666 1769 832 1824 Xenoph.

167 1813 284 1847 Anah.
301 1813 362 1846 IV.
387 1815 483 1864 1,13
507 1808 627 1855 δόξαν
648 1810 690 1847 δὲ
713 1824 835 1848 ταντα

169 1852 357 1900 ἐκήρυξαν
389 1851 486 1891 οὕτω
517 1861 654 1902 ποιεῖν,
678 1869 741 1902 pro
771 1858 835 1892 δο-

168 1901 285 1943 ξαντα
298 1901 433 1945 ταῦτα,
451 1904 571 1945 dequo
587 1914 708 1938 accus.
728 1904 833 1937 abso-

165 1946 241 1979 luto
274 1947 310 1980 ui
320 1947 492 1983 dieiturv.
497 1948 638 1999 Kruger
645 1950 698 1982 56
702 1951 733 1987 9,
737 1950 837 1984 5—6.

167 2036 263 2069 vius
279 2003 392 2079 {1⁷1ng
410 1988 833 2080 ἔρνερῗέιῗέἷκ]ῦῖεἰιῗέο

167 2080 378 2113 dicuntur
400 2091 510 2123 quae
535 2086 635 2114 sunt
653 2086 756 2115 anto
773 2083 831 2115 ia

167 2135 277 2158 nuas
300 2126 550 2167 vestibula·
576 2137 654 2159 nos
686 2131 831 2160 autem

168 2169 452 2213 appellamus
480 2172 694 2214 prothyra
719 2182 830 2214 quae

166 2215 336 2248 Graece
389 2216 599 2249 dicuntur
646 2211 830 2258 διάθυρα.

167 2260 215 2294 cf.
234 2259 435 2293 GelliusN.
444 2260 485 2292 A.
507 2262 604 2303 XVI,
614 2262 645 2294 5.
660 2261 779 2314 Symnp.
795 2272 831 2303 p

166 2305 230 2338 175
253 2305 294 2337 A:
324 2304 398 2339 τῶν
433 2305 584 2339 παίδων
605 2317 690 2339 τινα
726 2315 833 2357 ηκειν

164 2343 411 2403 ἀγγέλλοντα,
450 2361 509 2383 οτι
533 2346 737 2402 Σωκράτης
767 2342 830 2383 οὖ-

165 2404 228 2433 τος
267 2389 513 2446 α’ναχωρήσας
557 2390 598 2429 ἐν
641 2394 715 2429 τῶν
755 2405 828 2438 γει-

164 2434 286 2473 τόνων
315 2435 495 2492 προθύρῳ
527 2436 671 2492 εστηκε.
716 2440 830 2473 Hero-

166 2483 239 2517 dot.
246 2483 309 2526 VI,
326 2485 380 2517 35:
398 2478 418 2517 ὁ
437 2480 655 2536 Μιλτιαὸης
670 2478 831 2528 κατήμε-

166 2539 230 2582 νος
261 2508 309 2563 ἐν
339 2531 435 2561 τοῖσι
471 2525 697 2581 προθύροισι
734 2531 830 2562 τοῖσι

167 2568 322 2625 ἑωυτοῦ,
353 2567 471 2617 ὁρέων
500 2570 588 2613 τοὺς
620 2569 831 2625 ςολόγκους

163 2613 452 2672 παριόντας..
484 2614 757 2661 προσεβώσατο.
787 2635 833 2642 -

165 2656 207 2702 ὃς
245 2657 339 2707 ἧμιν
375 2681 420 2687 -
458 2657 645 2697 ἐνέπεσεν
698 2665 831 2697 Latine

165 2709 316 2742 dixeris.
363 2709 407 2742 in
445 2718 567 2751 quern
610 2709 833 2743 incidera-

168 2764 269 2787 mus.

213 2798 346 2833 δοκεῖ
381 2789 461 2834 οὖν
498 2809 591 2842 μοι,
631 2791 651 2831 ὁ
689 2798 831 2841 θυρω

901 1227 977 1278 ριῖς
998 1232 1058 1278 —-—]
1084 1235 1220 1268 ianitor
1241 1245 1345 1278 vero,
1371 1236 1566 1278 eunuchus,

901 1289 981 1322 nos,
1013 1281 1155 1323 opinor,
1189 1281 1437 1315 exaudiverat.
1458 1299 1503 1305 —
1524 1282 1566 1314 In

901 1324 1032 1366 paucis
1069 1328 1143 1357 tum
1188 1325 1352 1359 domibus
1390 1326 1565 1359 ianitores

901 1369 1016 1401 fuisse
1055 1369 1139 1402 inde
1174 1374 1325 1412 apparet
1338 1395 1346 1411 ‚
1387 1370 1482 1412 quod
1520 1381 1565 1402 ne

901 1413 1045 1456 Agatho
1062 1414 1205 1455 quidem
1219 1425 1362 1448 servum
1385 1416 1431 1448 ab
1454 1415 1566 1448 ianua

902 1458 1042 1499 habuit,
1061 1469 1094 1491 v.
1113 1458 1162 1501 Sy
1138 1469 1232 1502 y.mp
1251 1470 1285 1502 p.
1303 1461 1367 1492 212
1385 1459 1430 1500 C;
1448 1459 1511 1492 sed
1527 1461 1566 1492 in

901 1502 1043 1535 Calliae
1061 1503 1164 1536 domo
1187 1504 1463 1546 opulentissima
1479 1505 1565 1536 Per-

899 1557 1089 1623 sanzlmqup
1107 1547 1238 1625 htixunz
1244 1549 1410 1581 imitante
1427 1547 1489 1582 vei
1504 1559 1565 1581 eu-

899 1601 968 1623 nuc
996 1601 1037 1624 us
1085 1602 1123 1624 ιιι
1171 1603 1210 1624 os
1229 1593 1350 1627 narius.
1383 1610 1429 1618 ·--
1449 1588 1563 1636 κατή-

898 1644 1022 1669 κουσε.
1062 1635 1199 1669 clausis
1235 1637 1375 1670 foribus
1405 1640 1565 1670 nostram

900 1681 1136 1713 exaudiverat
1181 1681 1467 1724 disputationem
1510 1682 1564 1714 in-

898 1725 1015 1767 deque
1032 1735 1097 1759 nos
1113 1726 1295 1769 sophistas
1312 1727 1565 1770 essesuspica·

899 1772 958 1803 tus
983 1774 1074 1804 erat.

945 1815 989 1848 D.
1016 1817 1111 1854 τοῖς
1136 1813 1378 1859 φοιτῶσιν]
1405 1816 1475 1849 etsi
1495 1816 1565 1849 hoc

902 1862 957 1893 est
969 1860 1116 1893 verbum
1128 1861 1311 1903 proprium
1323 1861 1367 1893 do
1376 1860 1564 1904 discipulis

900 1904 1067 1946 magistri
1079 1904 1220 1939 domum
1231 1905 1563 1947 frequentantibus.

900 1952 1023 1982 tamen
1044 1949 1104 1982 hic
1121 1951 1267 1983 omnino
1282 1951 1327 1983 de
1350 1950 1407 1989 iis,
1439 1951 1501 1992 qui
1518 1950 1564 1983 ad

900 1993 1058 2027 Calliam
1102 1995 1263 2037 itabant,
1311 1994 1564 2038 accipiendum

902 2041 1026 2073 est.v.
1054 2038 1348 2072 P1ut.'rhemist.
1380 2051 1410 2073 c.
1439 2041 1472 2081 5,
1500 2040 1564 2072 ubi

892 2083 1166 2135 ‚Themistocles
1189 2084 1402 2117 adolescens
1432 2084 1566 2116 dicitur

892 2122 1070 2161 Ἐπικλέα
1086 2122 1153 2162 τὸν
1168 2123 1226 2170 ἐξ
1228 2124 1426 2181 Ερμιόνης,
1449 2128 1564 2162 κιθα-

895 2167 1031 2225 ρισεὴν
1052 2169 1360 2216 σπουδαζόμενον
1382 2168 1456 2206 ὑπὸ
1490 2173 1564 2207 τῶν

895 2211 1121 2270 Ἀθηναίων,
1140 2212 1387 2269 ἐκλιπαρῆσαι
1403 2217 1565 2260 μελετᾶν

898 2272 974 2313 παρ
1008 2256 1124 2312 αὐτῷ,
1148 2257 1460 2306 φιλοτιμούμενος
1475 2262 1563 2296 πολ-

901 2301 987 2345 λοὺς
1005 2304 1075 2358 τὴν
1087 2287 1223 2341 οἰκίαν
1244 2307 1370 2350 ζητεῖν
1390 2305 1455 2340 καὶ
1478 2317 1562 2350 φοι-

898 2351 968 2385 τᾶν
983 2345 1069 2393 παρ’
1086 2345 1201 2398 αὐτῷ.

943 2386 1174 2439 ἐκρουσαμ
1178 2394 1239 2440 εν]
1258 2395 1430 2430 Plutarch
1446 2394 1490 2428 de
1504 2405 1562 2428 cu·

898 2441 982 2475 rios.
1001 2441 1072 2476 vol.
1084 2441 1185 2476 V111.
1193 2452 1239 2494 p.
1247 2441 1359 2476 53R.·
1375 2440 1498 2474 καίτοι
1507 2434 1559 2493 μὴ

898 2480 1072 2527 κόψαντά
1088 2496 1130 2536 γε
1146 2482 1275 2528 θύραν
1288 2481 1342 2524 εἰς
1357 2482 1485 2518 οἰκίαν
1499 2486 1561 2518 αλ-

899 2530 1051 2581 λοτριαν
1063 2525 1109 2563 οὐ
1130 2530 1319 2574 νομίζεται
1340 2530 1561 2572 παρελθειν

897 2569 995 2607 ἀλλὰ
1013 2574 1098 2608 νῦν
1114 2571 1203 2627 μὲν
1224 2571 1314 2608 εἰσὶ
1341 2573 1560 2626 θυρωροί,

896 2614 1014 2653 παλαι
1059 2615 1103 2652 δὲ
1159 2613 1299 2671 ῥόπτρα
1349 2614 1561 2661 κρουόμενα

897 2659 990 2706 πρὸς
1017 2666 1102 2743 tage
1122 2664 1263 2708 θυραις
1285 2661 1469 2707 αἴσθησιν
1489 2673 1561 2696 πα-

920 2711 956 2742 εἰ
980 2719 997 2741 ε
1013 2720 1057 2742 κτ

896 2720 916 2751 ρ
942 2720 1011 2788 ὄῖ
995 2746 1091 2796 Ἐα,
1106 2749 1213 2797 ἔφη,
1229 2751 1346 2797 σοφ.]
1353 2746 1560 2786 ''Euhicin-

899 2798 1084 2840 dignantis
1105 2801 1163 2832 est
1184 2797 1328 2839 vocula,
1358 2797 1446 2831 alibi
1469 2807 1558 2831 rem·
