1690 2892
415 194 661 235 GORGIAS.
690 195 736 232 P.
769 197 862 232 500.
894 196 989 232 501.
1019 195 1081 234 ed.
1111 195 1169 233 St.
1393 197 1474 233 259

118 305 298 352 δοῦναι,
337 304 366 358 ἦ
394 304 582 358 ἰατρική·
621 303 652 357 ἡ
688 297 726 344 δ’
768 301 888 355 ἑτέρα
926 309 1001 357 τῆς
1027 304 1202 358 ἡδονῆς,
1231 303 1340 356 πρὸς
1367 304 1423 358 ἣν
1449 303 1478 357 ἡ

117 370 328 423 θεραπεία
355 370 464 424 αὐτῇ
493 368 607 411 ἐστιν
633 368 801 420 ἅπασα,
837 369 994 424 κομιδῇ
1034 368 1219 423 ἀτέχνως
1247 364 1308 410 ἐπ’
1338 368 1476 423 αὐτὴν

119 434 300 490 ἔρχεται,
340 437 438 477 οὔτε
465 450 506 476 τι
531 435 612 489 τὴν
639 435 775 488 φύσιν
803 433 1049 490 σκεψαμένη
1087 441 1163 489 τῆς
1190 434 1351 488 ἡδονῆς
1378 436 1476 476 οὔτε

117 500 197 555 τὴν
239 501 403 552 αἰτίαν,
457 501 624 554 ἀλόγως
659 514 703 541 τε
742 501 1039 552 παντάπασιν,
1088 500 1146 548 ὠς
1187 498 1289 549 ἔπος
1327 500 1474 550 εἰπεῖν,

118 566 246 608 οὐδὲν
273 566 657 620 διαριθμησαμένη,
685 567 810 621 τριβῇ
833 566 902 608 καὶ
926 565 1120 621 ἐμπειρίᾳ
1147 567 1323 620 μνήμην
1338 566 1476 620 μόνον

118 630 336 686 σωζομένη
361 636 441 674 τοῦ
470 631 673 680 εἰωθότος
701 632 955 685 γίγνεσθαι,
997 623 1030 685 ᾧ
1060 630 1112 685 δὴ
1152 630 1224 672 καὶ
1260 631 1472 685 πορίζεται
1502 635 1542 678 Β

117 698 192 747 τὰς
218 698 389 752 ἡδονάς.
431 693 545 739 ταῦτ’
573 693 656 739 οὖν
682 703 858 749 πρῶτον
896 697 1045 739 σκόπει
1082 697 1118 738 εἰ
1147 697 1267 739 δοκεῖ
1291 707 1359 738 σοι
1387 696 1474 739 ἱκα-

116 766 203 812 νῶς
230 762 454 817 λέγεσθαι,
495 761 568 804 καὶ
607 759 719 804 εἷναί
745 777 858 812 τινες
885 761 953 805 καὶ
985 762 1078 815 περὶ
1110 762 1256 817 ψυχὴν
1282 770 1477 814 τοιαῦται

117 832 241 871 ἄλλαι
278 831 583 883 πραγματεῖαι,
621 828 666 869 αἱ
700 827 780 882 μὲν
818 828 1025 881 τεχνικαί,
1070 829 1344 883 προμήθειαν
1377 844 1475 870 τινα

117 894 292 949 ἔχουσαι
326 901 406 936 τοῦ
434 894 655 947 βελτίστου
693 892 792 946 περὶ
828 893 908 947 τὴν
945 894 1114 948 ψυχήν,
1155 894 1200 935 αἱ
1234 894 1279 935 δὲ
1314 894 1474 936 τούτου

116 962 196 1015 μὲν
232 960 544 1014 ὀλιγωροῦσαι,
582 958 835 1013 ἐσκεμμέναι
876 956 913 1000 ὁ’
954 955 1036 1011 αὗ,
1077 956 1215 1012 ὥςπερ
1251 959 1339 1000 ἐκεῖ
1348 991 1361 1010 ,
1397 957 1476 1013 τὴν

115 1026 282 1081 ἡδονὴν
308 1027 446 1080 μόνον
472 1031 547 1079 τῆς
574 1031 728 1079 ψυχῆς,
758 1025 854 1066 τίνα
874 1024 929 1066 ἂν
951 1025 1060 1079 αὐτῇ
1082 1025 1247 1077 τρόπον
1268 1025 1474 1078 γίγνοιτο,

185 1149 346 1192 κομιδῇ
385 1146 593 1191 ἀτέχιως]
643 1148 702 1180 Sic
732 1149 820 1180 Ven.
855 1147 936 1180 ΞΣ.
967 1148 1044 1182 Par.
1076 1148 1153 1180 CV.
1191 1147 1290 1180 Bodl.
1322 1149 1399 1183 Par.
1437 1151 1474 1181 et

117 1195 235 1228 Clark.
259 1205 281 1227 a
303 1206 348 1227 m.
373 1205 452 1236 sec„
475 1199 515 1226 ut
537 1195 607 1226 iam
629 1193 873 1226 Findeisenius
897 1195 1059 1236 reposuit.
1107 1193 1222 1236 Vulgo
1246 1191 1405 1235 ἀιεχιῶς.

186 1238 353 1284 ἀλόγως
386 1251 427 1272 τε
459 1237 770 1293 πανντᾶπασιν]
808 1238 1006 1272 Findeisen.
1043 1243 1077 1271 et
1106 1238 1286 1271 Heindorf.
1319 1239 1360 1271 de
1391 1249 1473 1271 con-

115 1287 249 1318 iectura
272 1287 484 1328 scripserunt
506 1282 630 1327 ἄλογός
656 1296 690 1316 τε
714 1296 759 1323 π.,
785 1284 844 1317 sed
869 1296 901 1316 v.
927 1296 1006 1317 ann.
1051 1285 1142 1317 Dein
1166 1295 1228 1327 pro
1252 1284 1346 1327 vulg.
1373 1282 1474 1326 τριβὴ

116 1333 172 1364 καὶ
208 1331 368 1371 ἐμπειρία
398 1340 484 1363 casu
513 1331 727 1363 nominativo
758 1341 802 1363 ex
838 1330 955 1362 Clark.
980 1331 1057 1362 Pan.
1091 1331 1168 1362 BV.
1202 1329 1247 1362 al.
1281 1330 1382 1372 τριβῇ
1415 1331 1471 1362 καὶ

117 1377 278 1419 ἐμπειρίᾳ
300 1376 388 1408 dedi.
421 1377 513 1408 Tum
535 1377 611 1408 Par.
635 1376 675 1407 F.
698 1374 811 1418 μιήνῃ
845 1386 928 1408 casu
959 1375 1086 1407 dativo.
1120 1375 1237 1408 Clark.
1261 1376 1341 1408 Vat.
1366 1375 1472 1408 Coisl.

116 1423 203 1456 Ven.
231 1422 270 1454 Σ.
295 1422 357 1454 alii
379 1421 521 1477 plurimi
544 1419 692 1474 μνήμην,
717 1421 756 1453 Id
780 1431 841 1463 pro
866 1421 960 1476 vulg.
984 1420 1099 1475 μνήμη
1122 1422 1247 1463 recepi.

184 1469 223 1500 B.
258 1469 358 1500 τίνα
388 1465 437 1499 ἂν
467 1464 574 1509 αὐτῇ
607 1464 788 1510 τρόπον]
836 1466 878 1501 V.
912 1464 1019 1510 αὐτή,
1053 1466 1144 1508 quod
1177 1478 1222 1499 ex
1253 1465 1369 1498 Clark.
1394 1466 1472 1498 Vat.

117 1568 186 1613 κή]
232 1570 317 1602 Post
352 1566 372 1612 ἡ
404 1567 465 1609 μέν
499 1568 758 1611 perspicuitatis

116 1625 240 1648 caussa
269 1615 382 1648 denuo
406 1614 588 1657 additui-²7
613 1612 757 1656 ἰατρική.

172 1659 296 1703 p..476
310 1661 352 1692 E.
375 1661 482 1703 Legg.
496 1660 557 1692 XI.
580 1657 704 1702 p..931
715 1660 758 1691 A.

115 1672 246 1748 ΟτὲτγΙ.
278 1716 310 1748 p.
340 1703 420 1739 437.
443 1707 484 1738 Β.
515 1706 651 1747 Protag.
682 1702 759 1737 323.

115 1753 155 1784 Β.
166 1750 245 1786 351.
257 1751 300 1786 A.
324 1752 378 1783 De
401 1752 485 1793 Rep.
507 1751 594 1793 X.p
597 1748 702 1785 ,604.
716 1750 759 1781 D.

116 1797 198 1830 Alia
243 1796 402 1838 exempla
445 1796 550 1828 huius
572 1761 759 1837 ploquendi

117 1843 248 1875 formae
280 1842 423 1884 collegit
453 1840 679 1873 Heindorf.
716 1839 761 1873 ad

115 1888 150 1920 h.
174 1888 196 1920 l.
222 1887 282 1920 cfr.
307 1886 458 1919 Matth.
483 1887 634 1919 Gramm.
656 1885 759 1927 ampl.

116 1944 149 1976 p.
173 1931 250 1966 580.
276 1933 318 1964 T.
340 1933 383 1964 ΙΙ.
404 1945 443 1961 z
463 1932 494 1971 §-
517 1930 595 1964 288.
620 1932 661 1963 In
684 1941 760 1973 pro-

826 1569 934 1600 Recte
956 1568 1090 1610 aliquot
1118 1567 1216 1601 codd.
1239 1566 1387 1610 ἀτέχνως
1410 1578 1471 1611 pro

826 1614 921 1656 vulg.
957 1611 1117 1655 ἀτεχνῶς.
1178 1615 1232 1646 De
1272 1613 1472 1646 discrimine

826 1659 950 1691 harum
980 1669 1103 1692 vocum
1128 1659 1198 1692 vid.
1224 1659 1370 1692 Schol.
1395 1660 1472 1691 Ari-

828 1705 987 1747 stophan.
1019 1706 1055 1736 in
1086 1704 1177 1737 Plut.
1207 1715 1240 1736 v,
1273 1702 1350 1738 109.
1373 1705 1473 1747 Ety-

827 1749 921 1784 mol.
952 1751 1000 1784 M.
1039 1761 1073 1792 p.
1104 1749 1181 1783 162.
1217 1750 1471 1782 Ammonius

828 1796 881 1828 Dc
899 1796 984 1830 Voc.
1008 1795 1128 1827 Differ.
1151 1806 1184 1838 p.
1197 1794 1252 1828 26.
1276 1796 1329 1828 ed.
1346 1795 1473 1828 Valck.

873 1882 1043 1928 ἀλόγως
1090 1897 1131 1917 rs
1175 1883 1469 1926 παντάπασιν]

828 1931 943 1963 Tenui
965 1941 1059 1964 nunc
1072 1930 1240 1963 librorum
1254 1931 1471 1973 scripturam,

117 1979 222 2010 ximis
245 1977 479 2010 anacoluthon
503 1976 651 2009 notabis.
681 1977 761 2008 Ete-

117 2025 190 2056 nim
223 2022 330 2055 verba
362 2020 383 2066 ἡ
413 2019 442 2054 δ’
468 2020 572 2064 ἑτέρα
595 2025 654 2066 τῆς
678 2019 759 2064 ἡδο-

121 2072 182 2112 πῆς
213 2069 425 2101 conformata
462 2072 559 2108 sunt,
598 2073 637 2099 ut
666 2071 760 2099 recte

118 2114 304 2146 arbitratur
317 2114 348 2146 A
356 2124 372 2146 s
382 2118 396 2145 t
404 2113 417 2144 i
426 2123 449 2145 u
457 2124 484 2154 s,
501 2113 545 2146 ad
559 2123 762 2167 praegressa

119 2158 152 2213 ἡ
163 2159 227 2199 μὲν
250 2157 371 2192 τούτου
403 2153 447 2191 οὗ
476 2156 669 2199 θεραπεύει
703 2157 758 2190 καὶ

120 2217 182 2261 την
206 2203 316 2246 φύσιν
347 2204 504 2236 ἔσκεπται
532 2205 588 2236 κα)
619 2216 734 2259 την
704 2203 759 2235 αι’-

120 2262 211 2287 ιιαν,
246 2249 306 2282 sed
340 2250 553 2292 interpositis
593 2261 682 2292 προς
715 2247 760 2292 ἣν

120 2293 141 2337 ἡ
174 2297 350 2335 θεραπεία
387 2293 473 2337 αὐτῇ
510 2294 607 2327 ἐστιν
642 2293 759 2327 ἅπασα

118 2345 252 2395 m-utata
290 2343 342 2372 est
378 2341 590 2373 constructio
625 2344 660 2373 et
697 2350 758 2395 pro

118 2384 198 2419 οὔτε
233 2383 295 2428 τὴν
334 2383 445 2426 φύσιν
483 2386 643 2418 ἔσκεπται
679 2383 760 2418 οὔτε

119 2430 182 2487 τὴν
221 2431 345 2487 acu'av,
367 2431 519 2472 positum
549 2435 602 2463 est
637 2429 761 2473 κομιδῇ

119 2474 268 2518 ἀτέχνως
293 2474 345 2508 ἐπ’
370 2473 482 2519 αὐτὴν
505 2476 651 2518 ἔρχεται,
675 2476 759 2517 illis,

120 2533 208 2564 quae
238 2521 419 2554 inferenda
457 2526 575 2553 erant.
615 2519 695 2554 οὔτε
732 2533 760 2553 τι

121 2565 182 2610 τὴν
219 2565 329 2608 φύσιν
361 2567 446 2604 κτλ,
484 2566 555 2599 alia
595 2567 760 2599 orationis

118 2613 229 2645 forma
251 2612 432 2645 subiectis:
459 2610 666 2667 οὕτε--τὴν
692 2610 759 2654 φύ-

121 2668 179 2690 σιν
211 2657 408 2700 σκεψαμέιη
431 2675 477 2682 --
499 2654 579 2690 οὔτε
610 2655 672 2701 τὴν
705 2657 759 2689 αι’-

122 2715 207 2735 ῒίίῑν.

164 2747 321 2791 κομιδῇ
351 2746 541 2790 ἀτέχνως
567 2744 631 2780 ἐπ’
658 2745 760 2791 αὐτ]

827 1976 919 2008 male
932 1976 1031 2008 illam
1049 1987 1070 2009 a
1090 1977 1221 2009 criticis
1239 1976 1471 2009 sollicitatam.

828 2022 916 2054 Nam
940 2023 1114 2064 pertinent
1141 2022 1227 2054 haec
1249 2023 1367 2055 omnia
1390 2021 1470 2055 inde

828 2066 872 2099 ab
905 2066 985 2099 οὔτε
1024 2080 1054 2100 τι
1089 2067 1151 2111 τὴν
1184 2078 1294 2109 φυσιν
1324 2080 1354 2100 κ.
1386 2080 1411 2099 τ.
1442 2068 1469 2099 λ..

827 2112 871 2144 ad
907 2113 1014 2145 verba
1059 2114 1182 2155 κομιδῇ
1231 2110 1380 2155 ἀτέχνως
1417 2109 1468 2144 ἐπ’

829 2155 939 2212 αὐτὴν
963 2157 1104 2199 ἔρχεται.
1136 2157 1238 2199 Quod
1253 2163 1369 2191 autem
1392 2162 1471 2200 post

827 2200 908 2235 οὔτε
937 2203 1084 2235 infertur
1115 2215 1150 2236 τε
1182 2222 1225 2228 ——
1255 2201 1366 2236 οὐδὲν
1397 2203 1469 2235 δια-

830 2249 939 2289 ριθμυ
963 2249 999 2281 id
1019 2251 1191 2282 neminem
1211 2250 1338 2282 morari
1359 2249 1470 2281 debet.

827 2294 917 2327 Nam
934 2295 1028 2327 huno
1042 2305 1142 2327 usum
1158 2294 1323 2336 loquendi
1336 2304 1407 2326 non
1422 2295 1471 2326 ita

826 2350 941 2372 rarum
984 2351 1059 2373 esse
1105 2340 1162 2372 vel
1202 2350 1243 2371 ea
1288 2339 1470 2380 docebunt,

827 2395 916 2427 quae
946 2396 1057 2428 nuper
1089 2385 1132 2417 ad
1163 2385 1253 2417 Tim.
1285 2396 1318 2428 p.
1350 2383 1402 2418 71.
1427 2385 1470 2417 A.

826 2431 1061 2473 exposuimus.
1130 2431 1251 2472 Itaque
1298 2431 1471 2463 sententia

826 2475 1008 2508 verborum
1026 2476 1112 2508 haec
1127 2479 1195 2508 est:
1220 2475 1379 2508 Altera
1403 2486 1472 2507 au-

827 2525 909 2554 tem
945 2521 997 2553 ad
1027 2521 1305 2564 voluptatem
1346 2526 1471 2553 teme-

826 2578 872 2599 re
902 2566 1080 2599 accedit
1111 2571 1153 2598 et
1183 2570 1276 2598 arte
1307 2577 1469 2606 carens,

828 2612 990 2654 quippe
1023 2622 1148 2654 quum
1178 2621 1319 2653 neque
1350 2615 1470 2643 natu—

828 2668 915 2689 ram
951 2668 1092 2699 neque
1130 2668 1329 2690 caussam
1370 2656 1470 2688 eius

830 2702 1191 2735 consideraverit
1226 2706 1266 2734 et
1297 2701 1470 2734 omnino

829 2748 924 2780 sine
962 2749 1136 2781 ratione
1173 2747 1290 2779 nihil
1322 2756 1470 2789 prope—

1129 2813 1200 2849 17*
