1716 2886
222 182 299 219 228
762 175 1019 217 PLATONIS

109 289 192 331 492
221 285 277 335 ὦς
304 286 512 340 μεγίσταις
540 286 685 333 οὔσαις
711 284 859 326 ἱκανὸν
887 279 994 324 εἶναι
1022 282 1243 335 ὑπηρετεῖν
1270 276 1318 322 δι’
1350 279 1548 332 ἀνδρείαν

221 350 290 392 καὶ
318 350 529 403 φρόνησιν
566 347 635 390 καὶ
664 347 980 398 ἀποπιμπλάναι
1017 338 1077 388 ὧν
1105 345 1159 386 ἂν
1189 344 1252 386 ἀεὶ
1277 345 1305 398 ἡ
1344 342 1547 397 ἐπιθυμία

221 415 425 468 γίγνηται.
467 412 570 453 ἀλλὰ
597 410 722 462 τοῦτ’,
760 407 901 465 οἶμαι,
936 413 1025 459 τοῖς
1052 403 1222 457 πολλοῖς
1260 409 1312 450 οὐ
1340 408 1547 449 δυνατόν·

222 477 325 518 ὅθεν
351 476 529 530 ψέγουσι
555 472 656 525 τοὺς
682 476 902 523 τοιούτους
942 469 989 515 δι’
1020 474 1249 527 αἰσχύνην,
1287 471 1549 524 ἀποκρυπτό-

220 555 338 594 μενοι
366 539 444 593 τὴν
472 539 614 581 αὐτῶν
641 539 894 593 ἀδυναμίαν,
923 538 993 580 καὶ
1020 537 1193 590 αἰσχρὸν
1216 536 1267 590 δή
1291 547 1423 589 φασιν
1443 530 1550 576 εἶναι

221 603 298 658 τὴν
327 604 567 645 ἀκολασίαν.
607 603 707 654 ὅπερ
741 602 787 645 ἐν
813 606 900 650 τοῖς
927 602 1117 653 πρόσθεν
1145 599 1227 653 ἐγὼ
1255 597 1419 653 ἔλεγον,
1455 599 1550 640 δου-

221 670 419 721 λούμενοι
446 667 545 716 vobs
572 668 762 721 βελτίους
788 667 867 720 τὴν
895 667 1027 719 φύσιν
1055 665 1340 716 ἀνθρώπους,
1382 662 1451 704 καὶ
1480 663 1550 703 αὐ-

220 731 283 772 τοὶ
313 732 365 773 οὐ
402 732 631 785 δυνάμενοι
670 729 963 782 ἐκπορίζεσθαι
1001 732 1090 777 ταῖς
1126 728 1300 782 ἡδοναῖς
1339 727 1554 781 πλήρωσιν

286 875 324 906 P.
347 873 422 907 492.
460 871 507 906 δι’
533 871 765 916 ἀνδρείαν]
813 873 948 905 Tenent
977 871 1118 903 formam
1142 867 1313 910 ἀνδρείαν
1336 879 1411 902 cum
1436 868 1552 911 Steph.

221 919 299 951 libri
322 919 428 950 nostri
458 918 613 950 meliores
637 928 769 956 omnes,
801 917 835 949 in
866 916 990 958 quibus
1019 918 1069 947 est
1101 916 1202 947 ctiam
1232 913 1348 947 Clark.
1372 913 1551 946 Bekkerus

222 963 342 996 lectore
366 973 435 995 non
459 963 586 995 monito
617 971 695 994 cum
720 960 796 994 Ald.
822 962 898 993 Bas.
923 959 953 992 1.
977 959 1007 992 2.
1033 957 1181 1000 ἀνδρίαν
1204 958 1350 1000 scripsit.
1396 957 1462 990 Sed
1487 954 1548 989 ἀι·-

221 1008 301 1048 ὅριά
325 1007 495 1050 proprium
521 1006 650 1038 videtur
673 1005 868 1048 posterioris
892 1004 1069 1042 atticismi3
1101 1003 1190 1046 apud
1215 1003 1391 1035 Platonem
1425 1006 1549 1039 autem.

221 1052 316 1083 cuius
346 1056 459 1083 tamen
489 1050 587 1083 codd.
617 1049 759 1082 multum
789 1049 1011 1088 dissentiunt,
1045 1045 1191 1089 ἀνδρεία
1223 1047 1429 1089 praeferam,
1460 1045 1550 1087 qnod

220 1095 357 1127 ductum
380 1099 432 1127 est
455 1096 496 1127 ab
521 1095 634 1127 Ionico
659 1092 821 1136 ἀνδρηΐη.
867 1092 932 1124 Sed
955 1090 1128 1132 ἀνανδρία
1152 1092 1253 1124 unice
1276 1101 1404 1130 verum,
1429 1091 1553 1132 quippe

220 1139 311 1181 quod
334 1141 375 1172 ab
400 1139 566 1172 adiectivo
590 1135 766 1178 ἄνανδρος
790 1138 977 1169 derivatum
1001 1140 1061 1169 est.
1100 1136 1189 1168 conf.
1220 1135 1264 1167 ad
1288 1135 1432 1177 Apolog.
1457 1135 1553 1166 Socr.

222 1195 252 1226 p.
277 1183 332 1217 35.
358 1185 397 1216 A.
421 1188 455 1216 et
478 1183 521 1215 ad
544 1182 673 1225 Cratyl.
698 1193 728 1224 p.
752 1180 827 1215 413.
853 1182 894 1214 D.
919 1191 1006 1223 seq.,
1042 1179 1102 1212 ubi
1124 1177 1271 1221 ἀνδρεία
1302 1180 1343 1212 ab
1375 1176 1447 1210 ἅνω
1475 1176 1552 1220 ρἐῖν

221 1228 410 1268 deducitur,
434 1231 468 1260 et
490 1227 579 1260 infra
602 1238 633 1270 p.
657 1225 733 1261 495.
760 1227 796 1258 C.

288 1314 335 1347 ἐν
358 1319 447 1349 τοῖς
471 1313 555 1356 πρό
568 1313 694 1367 σθενῑ
739 1313 778 1348 V.
815 1313 1018 1354 ἔμπροσθεν
1054 1310 1312 1344 adversantibus
1336 1310 1451 1344 Clark.
1477 1310 1554 1343 Vat.

223 1361 307 1392 Ven.
333 1359 411 1393 ΞΣ.
436 1359 539 1392 Vind.
564 1357 594 1391 1.
618 1357 651 1391 2.
674 1359 706 1391 b.
730 1356 760 1393 7.
787 1358 875 1400 Aug.
899 1357 995 1391 Bodl.
1021 1357 1159 1389 Mearm.

1412 1409 1418 1428 l

223 1470 347 1502 ἑαυτοῦ
376 1467 532 1512 λέγομεν.
586 1469 642 1501 Sic
681 1462 863 1510 intelligas¹

223 1515 322 1546 etiam
347 1514 484 1546 Lachet.
506 1523 537 1555 p.
564 1512 636 1546 195.
664 1514 716 1545 D:
743 1511 792 1544 ὅτι
815 1522 854 1554 γε

226 1556 302 1592 τοὺς
325 1557 459 1598 μάντεις
490 1559 583 1590 καλεῖ
611 1555 690 1590 τοὺς
713 1553 853 1597 drapal-

225 1614 297 1637 ους.
327 1602 468 1634 Theaet.
492 1613 524 1644 p.
550 1600 625 1634 145.
650 1602 698 1634 D:
729 1594 785 1641 ἀρ’
811 1597 854 1631 οὐ

226 1645 260 1679 τὸ
283 1644 479 1686 μανθάνειν
502 1645 574 1678 ἐστὶ
600 1645 635 1678 τὸ
652 1643 855 1685 σοφώτερον

223 1691 428 1734 γίγνεσθαυ
468 1701 552 1732 quos
589 1690 683 1722 locos
722 1699 855 1730 compa-

226 1737 313 1767 ravit
342 1735 648 1767 Heindorfius.
712 1733 750 1765 ln
780 1743 854 1775 pro-

227 1781 327 1812 ximis
351 1780 415 1811 viri
439 1779 528 1811 docti
551 1788 754 1821 magnopere
776 1777 855 1809 hae-

226 1828 359 1865 serunt,
400 1822 671 1865 qnandoquidem
711 1832 770 1864 pro
805 1820 855 1853 ὅτι

227 1867 316 1900 oiim)
361 1865 449 1910 λέγω
494 1868 598 1910 vulgo
645 1866 856 1899 scribebatur

228 1911 277 1944 ὅτι
301 1909 342 1944 οὐ
372 1915 468 1944 τοῦτο
493 1910 591 1954 λέγω.
609 1931 617 1934 -
647 1912 765 1953 Itaque
795 1909 856 1942 alii

228 1955 349 1988 verba:
379 1955 459 1989 Πῶς
489 1954 554 1998 γὰρ
587 1953 649 1993 οῧ,·
683 1958 857 1987 traxerunt

228 2001 271 2032 ad
300 2000 452 2033 Calliclis
485 2001 690 2037 orationem,
719 1999 856 2032 nomine

228 2044 377 2077 Socratis
409 2048 487 2077 ante
519 2041 636 2077 οὐδεὶς
669 2042 755 2077 fisus·
794 2040 856 2075 οὐκ

229 2101 256 2122 κ.
291 2101 313 2121 τ.
345 2090 370 2120 λ.
402 2089 621 2130 interpositog
655 2087 715 2120 alii
744 2091 855 2119 autem

229 2144 288 2176 pro
322 2131 400 2167 Πῶς
439 2132 503 2175 γὰρ
544 2129 605 2170 οὓς
640 2131 856 2164 scribendum

228 2181 390 2221 putarunt
416 2177 494 2211 Πῶς
516 2175 601 2219 γάρ,·
625 2175 715 2218 quod
738 2177 787 2208 ita
809 2176 857 2207 fa-

229 2227 320 2254 ctum
358 2220 401 2254 ab
440 2220 623 2254 Routhio
662 2223 696 2252 et
733 2220 857 2252 Astio

229 2270 291 2300 est.
348 2265 415 2298 Sed
443 2266 559 2298 omnia
588 2266 713 2307 optime
743 2274 858 2306 proce—

230 2311 331 2350 dunt,
376 2310 435 2342 ubi
479 2320 522 2342 ex
567 2310 702 2351 optimis
750 2308 858 2346 libris.

231 2354 416 2387 Clarkiano
444 2357 479 2386 et
507 2353 690 2391 Vaticano.
724 2363 784 2395 pro
815 2349 858 2384 οὐ

233 2402 330 2431 τοῦτο
364 2397 609 2431 restituerimus
646 2396 745 2430 οὕτω.
808 2396 860 2428 lta

231 2443 322 2476 enim
337 2443 503 2475 sententia
520 2442 587 2475 loci
603 2442 744 2484 emergit
757 2440 857 2474 haec:

233 2486 364 2521 CALL.
396 2486 553 2519 Suavis
584 2497 646 2526 es,
683 2496 703 2517 ο
734 2485 855 2517 bone!

235 2535 527 2574 temperantes
577 2530 691 2563 dicis
737 2528 859 2562 stoli-

235 2576 313 2609 dos
365 2575 476 2608 illos
535 2575 860 2612 homunciones,

236 2621 311 2663 qui
334 2619 600 2662 cupiditates
623 2629 723 2651 suas
748 2627 860 2652 coer-

236 2668 335 2698 cent
373 2673 506 2706 neque
543 2674 615 2696 eas
651 2663 745 2696 ullo
786 2672 860 2695 mo-

921 1465 972 1499 do
997 1466 1174 1508 explere
1198 1468 1435 1498 conantur.
1458 1463 1557 1504 Quod

923 1511 1076 1543 Socrates
1114 1510 1242 1542 urbane
1271 1509 1429 1542 coneedit
1468 1508 1562 1541 ideo-

922 1565 987 1596 que
1011 1554 1193 1597 respondet
1213 1555 1282 1587 sic:
1307 1554 1336 1594 Q
1346 1555 1386 1586 ui
1396 1553 1417 1585 d
1428 1554 1472 1585 ni
1497 1563 1517 1584 v
1527 1563 1560 1584 e-

922 1600 990 1631 ro?
1022 1598 1191 1641 quilibe
1204 1602 1218 1630 t
1247 1598 1359 1630 enim
1393 1597 1560 1629 intelli·

922 1647 995 1686 gat
1032 1645 1101 1675 ita
1136 1654 1196 1675 me
1243 1644 1419 1674 sentire.
1494 1642 1556 1673 His

923 1697 1002 1719 vero
1043 1687 1171 1719 auditis
1202 1686 1363 1719 Callicles
1401 1685 1557 1718 acerbius

923 1733 1023 1764 etiam
1055 1732 1192 1774 regerit:
1233 1731 1343 1763 Sane
1385 1730 1556 1772 quidem

923 1777 983 1809 ita
1021 1777 1184 1815 sentis,
1222 1774 1288 1807 hoc
1328 1779 1397 1814 est,
1437 1774 1559 1806 stoli-

924 1820 999 1853 dos
1028 1820 1133 1852 illos
1171 1823 1469 1861 temperantes
1503 1818 1524 1850 d
1536 1819 1559 1850 i-

924 1865 1008 1903 cis;
1032 1868 1136 1896 sunt
1159 1864 1271 1896 enim
1301 1863 1380 1896 illi
1404 1873 1559 1895 revera

924 1908 1100 1948 stolidi,
1124 1906 1475 1950 quandoquidem
1496 1917 1561 1939 ne-

925 1964 987 1986 mo
1044 1957 1192 1995 potest
1242 1962 1338 1984 esse
1391 1951 1560 1991 beatus,

925 1997 1001 2039 qui
1023 1997 1128 2029 aliis
1153 1997 1322 2028 serviat
1338 2006 1477 2037 neque
1497 2005 1560 2027 eu-

925 2040 1193 2084 piditatibus
1208 2041 1298 2072 suis
1315 2039 1558 2082 indulgeat.

926 2086 991 2118 Hic
1013 2085 1117 2128 igitur
1139 2085 1242 2116 totius
1257 2084 1325 2117 loci
1340 2094 1459 2116 sensus
1483 2088 1555 2116 est:

926 2140 1025 2171 quem
1048 2130 1129 2172 quia
1159 2129 1266 2161 critici
1298 2139 1365 2161 non
1398 2138 1554 2170 percepe-

925 2178 1004 2206 runt
1013 2198 1021 2212 ‚
1067 2183 1154 2216 quae
1191 2178 1305 2205 essent
1341 2173 1555 2215 integerrima

926 2219 1045 2250 misere
1092 2217 1327 2260 depravarunt.
1398 2217 1555 2249 Ceterum

925 2261 1126 2295 sententiam
1173 2261 1257 2300 loci,
1304 2271 1372 2293 non
1420 2261 1557 2304 singula

926 2305 1041 2346 verba,
1065 2306 1292 2348 expressimus
1302 2330 1310 2345 ,
1332 2305 1422 2348 quod
1445 2315 1558 2338 mone·

926 2361 1001 2383 mus
1046 2349 1120 2383 idco
1132 2374 1140 2390 ‚
1191 2350 1273 2392 quia
1316 2350 1454 2382 fuerunt
1499 2350 1558 2390 qui

925 2405 988 2427 suo
1011 2395 1076 2437 ipsi
1099 2398 1273 2436 parcentes
1291 2394 1360 2427 otio
1384 2393 1468 2426 talia
1482 2403 1558 2436 pro—

926 2444 1024 2472 tenus
1047 2438 1344 2472 calumniarentur.

970 2484 1007 2516 P.
1037 2481 1112 2515 492.
1175 2481 1281 2523 ὅπερ
1313 2481 1361 2514 ἐν
1391 2485 1479 2515 τοῖς
1514 2499 1558 2505 -—

927 2528 1047 2570 ἕλεγο
1060 2526 1096 2570 ν]
1141 2527 1239 2560 Cous.
1276 2536 1306 2568 p.
1337 2524 1414 2558 483.
1447 2526 1484 2558 B.
1517 2528 1556 2557 C.

928 2572 1064 2604 Referas
1103 2572 1206 2614 igitur
1244 2569 1331 2603 haee
1372 2569 1414 2602 ad
1452 2570 1558 2603 verba

927 2617 1095 2659 proxima:
1130 2612 1352 2654 δουλούμενοι
1377 2613 1455 2647 τοὺς
1478 2615 1555 2655 βελ-

929 2663 1020 2694 τίους
1057 2671 1085 2692 κ.
1125 2671 1149 2691 r.
1184 2661 1210 2692 1.
1279 2659 1376 2700 Quae
1419 2658 1556 2700 quidem
