1682 2944
274 151 325 186 48
739 149 1136 191 PRoLEGOMENA

272 263 385 297 antea
412 264 502 299 sunt
529 259 719 310 exposita,
748 261 911 313 denique
939 263 986 301 ad
1014 262 1167 302 vivendi
1195 263 1381 302 rationem
1416 268 1517 303 recte
1554 268 1594 303 et

270 315 477 364 prudenter
512 315 748 364 deligendam
784 321 1045 370 consequatur.
1122 318 1276 357 Etenim
1312 318 1485 358 Callicles
1520 319 1592 358 etsi

272 370 437 409 Socratis
463 371 720 420 disputatione
746 371 802 411 ita
828 377 888 412 est
914 377 1140 420 commotus,
1179 379 1223 413 ut
1252 374 1360 412 illum
1396 374 1468 413 sibi
1495 376 1593 413 bene

270 425 483 475 disputasse
512 426 632 465 videri
660 426 760 466 ultro
786 428 968 475 fateatur,
1005 434 1132 468 tamen
1161 430 1255 468 adeo
1283 435 1343 468 est
1369 430 1478 481 quasi
1506 443 1593 468 con-

271 485 439 519 secratus
467 481 547 520 suis
575 482 833 531 opinionibus,
872 489 915 522 ut
955 485 1017 522 vel
1053 484 1210 522 meliora
1246 486 1400 523 edoctus
1436 485 1509 523 sibi
1546 485 1593 524 de

271 536 448 575 contrarii
475 537 637 577 veritate
664 539 831 577 nondum
858 540 1084 589 persuadeat
1110 540 1161 589 (p.
1183 543 1272 578 513.
1302 540 1377 588 D.).
1405 540 1593 579 Nimirum

269 592 399 642 populi
427 605 532 630 amor
558 592 639 631 sive
667 594 896 633 democratia
931 608 1018 633 cum
1046 594 1220 645 impedit,
1257 599 1303 634 ut
1327 596 1382 634 ait
1410 597 1594 642 Socrates,

271 647 471 698 quominus
499 648 701 700 aliquando
728 654 893 688 mentem
921 663 1028 688 suam
1054 654 1188 689 mutet-
1237 650 1490 692 Quamobrem
1516 652 1593 689 iam

272 703 454 750 Socrates,
482 704 641 753 duplicis
668 718 801 754 corpus
830 710 869 744 et
896 706 1064 743 animum
1092 706 1247 744 curandi
1274 707 1449 752 rationis,
1478 720 1593 758 quam

271 763 384 797 antea
422 759 516 809 (cap.
569 763 628 797 15.
666 760 748 798 coll.
787 774 867 810 cap.
920 761 996 808 19.)
1043 761 1289 808 distinxerat,
1336 762 1593 800 recordatione

269 814 393 852 denuo
419 814 655 861 resuscitata,
685 816 932 854 adulatoriam
951 816 1054 854 illam
1087 818 1335 866 spernendam
1363 830 1445 855 esse
1465 822 1594 856 censet

270 874 385 921 atque
412 871 644 920 probandam
671 871 780 909 unice
819 884 902 910 eam
935 876 1057 910 artem
1084 872 1254 919 civilem,
1292 885 1390 923 quae
1427 873 1466 910 id
1492 873 1593 924 quod

269 925 454 975 optimum
481 930 541 964 est
566 926 705 964 habeat
732 927 975 976 propositum.
1020 928 1123 966 Huic
1148 941 1250 974 vero,
1279 928 1416 979 inquit,
1444 927 1484 966 id
1511 941 1593 966 mu·

269 981 371 1019 neris
399 985 458 1019 est
483 981 727 1031 propositum,
756 986 800 1021 ut
827 983 929 1021 cives
956 996 1071 1034 quam
1098 983 1259 1032 optimos
1287 983 1439 1022 efficiat.
1490 981 1592 1024 Quo-

270 1036 368 1074 circa
386 1049 447 1074 res
474 1036 557 1086 ipsa
583 1038 762 1086 postulat,
791 1042 835 1076 ut
852 1038 916 1089 qui
936 1038 1164 1088 reipublicae
1183 1051 1334 1088 operam
1352 1038 1478 1077 daturi
1503 1038 1592 1086 sint,

269 1091 297 1129 ii
326 1095 366 1130 et
398 1092 572 1130 idoneam
601 1091 720 1141 (boni)
758 1092 1026 1132 scientiam
1062 1099 1102 1132 ct
1139 1098 1285 1132 rectum
1318 1107 1444 1132 rerum
1480 1107 1592 1132 usum

270 1147 442 1186 afferant.
497 1146 608 1189 Quod
635 1148 813 1199 quoniam
840 1149 1091 1197 neglexerunt
1124 1150 1204 1188 fere
1231 1149 1304 1189 viri
1333 1149 1374 1187 in
1400 1149 1594 1199 republica

270 1203 563 1241 Atheniensium
591 1203 680 1241 olim
708 1204 860 1250 versati,
889 1217 1050 1255 quorum
1067 1208 1180 1243 antea
1206 1210 1266 1243 cst
1282 1205 1421 1243 iniecta
1438 1205 1591 1250 mentio,

270 1258 371 1297 cives
397 1272 473 1296 non
501 1258 685 1305 meliores,
713 1259 778 1297 sed
805 1259 951 1309 peiores
978 1259 1224 1298 reddiderunt
1237 1289 1246 1306 ,
1284 1265 1329 1298 ut
1356 1272 1426 1298 nec
1452 1260 1591 1297 miran-

269 1315 360 1351 dum
388 1314 457 1361 sit,
485 1315 585 1365 quod
613 1315 794 1364 populus,
833 1319 965 1364 utpote
993 1316 1241 1365 depravatus,
1279 1315 1326 1352 iis
1354 1328 1421 1365 pro
1449 1314 1594 1353 meritis

269 1369 412 1408 scilicet
437 1369 516 1407 suis
545 1382 621 1407 non
647 1370 841 1408 meliorem
877 1370 1027 1409 rettulit
1053 1370 1234 1419 gratiam,
1272 1383 1387 1422 quam
1414 1370 1594 1420 sophistis

268 1425 409 1463 referre
428 1425 552 1463 solent
568 1425 736 1474 ipsorum
755 1425 926 1475 discipuli
949 1425 999 1475 (p.
1022 1426 1235 1464 513.D.—
1252 1425 1426 1473 520.E.).
1454 1427 1592 1477 Itaque

269 1481 423 1519 tandem
450 1481 560 1518 unice
587 1481 884 1530 amplectendam
904 1485 943 1519 et
965 1481 1159 1519 colendam
1179 1494 1261 1520 esse
1279 1486 1436 1531 apparet
1462 1494 1593 1519 veram

268 1536 373 1574 illam
400 1540 440 1575 et
466 1549 683 1584 germanam
720 1536 887 1575 civitatis
925 1536 1177 1583 curationem,
1216 1537 1264 1574 ab
1300 1536 1516 1574 adulatione
1554 1540 1594 1574 et

268 1591 510 1642 voluptatum
547 1591 706 1641 aucupio
744 1605 926 1630 aversam.
981 1591 1088 1633 Quae
1125 1591 1273 1630 etiamsi
1311 1591 1442 1630 multis
1480 1603 1592 1641 saepe

269 1659 356 1685 cum
382 1647 559 1697 periculis
596 1651 712 1698 atque
750 1648 843 1685 adeo
880 1660 965 1685 cum
992 1647 1095 1686 vitae
1135 1647 1349 1685 discrimine
1385 1646 1593 1685 conflictari

270 1707 443 1753 cogatur,
481 1707 609 1741 tamen
635 1716 713 1741 una
741 1703 851 1741 laude
885 1702 999 1751 digna
1027 1703 1188 1741 videtur.
1244 1702 1497 1743 Quamobrem
1526 1702 1592 1740 So-

270 1763 392 1797 crates
419 1771 490 1796 nec
515 1758 669 1807 gloriari
696 1758 867 1804 dubitat,
909 1758 1009 1809 quod
1046 1758 1127 1808 ipse
1155 1771 1267 1797 verae
1296 1757 1387 1796 artis
1415 1757 1591 1807 politicae

269 1814 310 1852 in
338 1814 468 1864 paucis
494 1813 640 1863 peritus
667 1814 736 1861 sit,
773 1818 905 1863 utpote
943 1813 1031 1852 boni
1068 1814 1193 1852 studio
1221 1817 1342 1852 totam
1376 1826 1444 1863 per
1470 1812 1592 1851 vitam

269 1869 379 1908 unice
399 1870 561 1908 deditus.
598 1870 695 1907 Eam
713 1883 803 1908 vero
821 1868 1006 1908 rationem
1023 1874 1219 1919 praetcrea
1235 1863 1339 1907 inde
1342 1881 1366 1906 a
1384 1881 1421 1918 p.
1442 1871 1532 1906 523.
1544 1870 1592 1905 A.

269 1925 379 1964 docet
415 1925 530 1964 etiam
568 1925 777 1963 certissima
812 1924 1006 1975 proposita
1042 1925 1182 1963 habere
1218 1923 1405 1974 praemia,
1451 1923 1592 1974 quippe

269 1993 367 2032 quae
395 1993 482 2018 cum
507 1980 657 2019 iustitia
683 1980 824 2030 pariter
860 1985 974 2031 atquc
1003 1993 1088 2018 cum
1125 1980 1268 2030 pietate
1295 1978 1497 2017 coniuncta
1531 1978 1593 2024 sit,

268 2040 324 2083 ut,
351 2036 383 2075 si
411 2049 487 2074 uon
514 2036 555 2073 in
582 2036 653 2074 hac
681 2036 772 2082 vita,
801 2040 841 2074 at
868 2040 969 2074 certe
997 2035 1038 2073 in
1063 2034 1146 2073 vita
1171 2034 1262 2072 olim
1287 2034 1420 2072 futura
1445 2045 1592 2071 summa

269 2091 463 2130 felicitatis
489 2095 711 2130 ornamenta
748 2095 1027 2142 consequutura
1062 2090 1132 2136 sit,
1170 2090 1261 2127 dum
1296 2089 1448 2127 fraudes
1475 2094 1591 2140 atque

268 2147 450 2194 iniuriae,
488 2146 663 2198 quamvis
689 2146 753 2184 hic
779 2146 1020 2184 callidissime
1056 2146 1284 2194 occultatae,
1322 2144 1498 2182 maximis
1524 2157 1594 2194 pu-

269 2203 424 2241 nientur
450 2202 662 2254 suppliciis:
700 2202 738 2240 id
766 2202 867 2254 quod
894 2201 1044 2250 egregie
1079 2201 1293 2239 declaratur
1318 2199 1481 2239 fabulari
1507 2212 1593 2237 nar-

269 2258 416 2297 ratione
453 2258 505 2308 (p.
537 2261 627 2296 522.
655 2250 700 2295 Ε.
734 2278 791 2285 --
830 2259 920 2296 527.
949 2255 1006 2304 C.)
1043 2256 1210 2295 universi
1248 2255 1335 2294 libri
1370 2259 1594 2304 argumento

269 2313 528 2353 sollertissime
555 2317 815 2363 attemperata.
869 2313 931 2350 Ex
957 2311 1095 2363 quibus
1124 2311 1299 2350 omnibus
1326 2310 1490 2362 denique
1518 2310 1592 2348 ool-

268 2369 401 2418 ligitur
426 2382 575 2407 omnem
609 2372 760 2419 turpem
787 2368 1043 2407 adulationem
1069 2367 1200 2406 sedulo
1233 2366 1453 2415 fugiendam
1478 2370 1593 2416 atque

270 2424 386 2464 etiam
411 2425 624 2463 rhetoricen
651 2425 699 2462 ad
726 2424 766 2462 id
792 2424 893 2475 quod
918 2424 1061 2462 bonum
1087 2428 1128 2462 et
1154 2422 1297 2462 iustum
1323 2421 1375 2461 sit
1398 2421 1592 2459 eonferen-

270 2481 358 2520 dam
385 2494 467 2519 esse
495 2480 547 2530 (p.
578 2482 669 2519 527.
697 2479 766 2527 0.).

351 2535 460 2575 Haec
486 2536 604 2585 igitur
629 2539 690 2574 est
716 2534 831 2574 tertia
856 2532 1026 2572 universi
1052 2533 1174 2583 operis
1201 2545 1300 2583 pars,
1327 2543 1404 2582 qua
1427 2529 1591 2580 denique

270 2591 516 2632 disertissime
553 2591 787 2637 declaratur,
833 2589 925 2641 quid
963 2602 1012 2627 ex
1049 2589 1150 2626 omni
1186 2586 1441 2638 disputatione
1479 2592 1593 2623 antea

272 2648 416 2698 agitata
441 2648 490 2686 ad
517 2647 727 2698 sapientem
755 2645 858 2686 vitae
885 2644 1180 2684 moderationem
1197 2646 1458 2694 consequatur.
1493 2641 1594 2678 Nam
