1676 2938
294 187 310 223 l
319 188 342 222 2
754 185 1142 226 PROLEGOMENA

288 295 389 334 inter
415 296 608 334 scientiam
639 293 890 347 (ἐπιστήμην)
929 301 969 335 et
996 296 1096 335 inter
1130 297 1242 334 fidem
1270 294 1451 347 (πίστιν)·
1490 300 1609 338 scicn-

288 350 382 389 tiam
418 351 518 389 enim
566 363 713 401 semper
748 364 834 390 cum
872 351 1034 391 veritate
1071 364 1154 391 esse
1192 352 1449 401 coniunctam,
1494 355 1608 393 fidem

289 410 416 445 autem
443 419 712 456 saepenumero
739 419 763 445 a
790 407 952 446 veritate
980 407 1144 446 multum
1163 408 1303 446 abesse.
1345 408 1391 447 Id
1409 410 1510 461 quod
1538 410 1610 448 hac

289 461 528 500 conclusione
567 461 704 500 efficit:
744 461 893 500 Fides
932 462 1013 501 sive
1042 460 1174 508 πίστις
1209 476 1301 501 vera
1327 468 1367 501 et
1393 463 1490 503 falsa
1527 478 1610 504 esse

287 520 413 566 potest
447 517 607 579 ideoque
643 517 759 555 errori
797 517 972 555 obnoxia.
1029 517 1257 556 Scieutia
1293 518 1374 557 sive
1413 516 1611 570 ἐπιστήμη

288 584 364 609 ιιοιι
393 577 451 611 est
478 572 551 609 nisi
580 585 672 611 vera
699 572 859 623 ideoque
887 572 1003 610 errori
1030 585 1107 610 non
1135 573 1309 611 obnoxia.
1349 574 1451 622 Ergo
1479 573 1611 621 πίστις

288 631 347 665 est
374 628 422 665 ab
449 624 647 679 ἐπιστήμῃ
673 627 832 666 diversa.
869 626 1054 669 Quocirca
1081 628 1156 665 duo
1181 628 1256 666 iam
1275 628 1454 667 disceruit
1472 642 1611 677 genera

287 682 551 732 persuasionis,
580 682 752 728 alterum,
780 695 856 733 quo
884 683 978 720 fides
1005 682 1193 721 efficiatur
1210 683 1368 722 scientia
1394 685 1475 722 veri
1494 685 1611 724 desti-

287 741 373 776 tuta
409 739 432 782 l
440 738 731 786 Uoberredunqs.
782 738 964 784 alterum,
1010 750 1085 789 quo
1131 738 1212 776 veri
1250 738 1409 777 scientia
1443 740 1505 778 vel
1543 753 1610 778 au·

288 796 423 841 geatur
476 793 539 831 vel
584 793 827 831 confirmetur
878 795 900 837 ί
909 792 1225 843 Uebmouqunqs.
1283 798 1327 832 ut
1372 794 1517 832 fraudis
1571 800 1611 834 et

292 847 429 886 erroris
455 848 618 897 suspicio
648 848 772 886 aliena
800 848 861 886 sit.
900 846 1048 888 Quibus
1075 848 1260 898 expositis
1287 860 1308 886 e
1327 848 1467 898 Gorgia
1494 862 1610 900 quae·

288 903 358 950 rit,
398 903 520 942 utrius
549 903 697 952 generis
735 902 1014 952 persuasionem
1052 907 1133 942 arte
1171 903 1358 942 rhetorica
1385 904 1485 942 effici
1513 905 1612 943 arbi·

288 962 421 997 tretur.
451 959 492 996 P.
523 962 614 996 454.
644 959 685 996 B.
705 979 762 985 —
780 959 824 996 E.
869 959 921 997 Et
948 958 1010 996 hic
1037 958 1190 1009 quidem
1218 971 1294 996 non
1322 959 1473 998 dubitat
1498 960 1611 1009 profi·

288 1013 360 1052 teri
390 1013 460 1051 sibi
490 1026 638 1051 omnem
674 1013 879 1052 rhetorices
915 1013 994 1051 vim
1022 1014 1068 1051 ad
1107 1014 1220 1052 fidem
1247 1015 1294 1052 de
1322 1014 1423 1052 iusto
1450 1020 1518 1053 aut
1553 1015 1611 1052 in-

288 1069 389 1107 iusto
417 1072 610 1120 uteunque
638 1068 847 1107 faciendam
876 1070 944 1113 (zu
971 1069 1192 1114 aber-reden)
1217 1070 1452 1109 referendam
1478 1069 1611 1108 videri.

288 1124 432 1162 Verum
459 1125 561 1162 enim
589 1136 678 1163 vero
706 1124 806 1175 quod
834 1124 1003 1163 iustitiae
1038 1128 1078 1163 et
1102 1124 1313 1163 iniustitiae
1342 1137 1474 1163 rursus
1507 1138 1611 1163 men-

289 1179 431 1218 tionem
460 1178 582 1217 iniicit
610 1179 787 1227 Gorgias,
815 1179 887 1217 hoe
915 1179 1096 1218 eiusmodi
1127 1183 1206 1226 est,
1235 1184 1281 1218 ιιι
1308 1180 1479 1219 Socrates
1507 1180 1612 1218 facil·

289 1234 378 1273 lime
406 1234 494 1272 inde
522 1247 654 1284 capere
691 1238 807 1285 queat
841 1234 1141 1284 reprehendendi
1179 1239 1455 1283 argumentum.
1511 1234 1613 1277 Quo-

290 1289 389 1328 circa
415 1289 478 1328 hic
505 1289 580 1327 iam
607 1289 831 1334 sciscitatur,
857 1293 1015 1339 patetne
1043 1289 1108 1327 ille
1134 1290 1325 1328 rhetorem
1352 1292 1614 1328 tantummodo

290 1345 336 1383 de
363 1345 464 1384 iusto
492 1350 532 1383 et
557 1345 700 1383 iniusto
727 1344 882 1390 consuli,
911 1344 958 1382 de
986 1344 1071 1383 aliis
1091 1346 1216 1391 rebus,
1244 1345 1364 1383 veluti
1393 1345 1440 1383 de
1457 1345 1613 1384 medicis

290 1400 439 1451 publice
467 1400 648 1447 creandis,
676 1400 723 1438 de
751 1399 870 1437 muris
885 1399 1138 1446 exstruendis,
1165 1401 1213 1438 de
1241 1400 1400 1438 ducibus
1418 1399 1613 1449 eligendis,

290 1469 367 1493 non
386 1455 519 1494 audiri.
558 1454 642 1496 Quo
670 1456 770 1493 facto
787 1454 968 1504 sophista,
996 1467 1045 1492 ne
1073 1454 1165 1505 quid
1185 1455 1232 1493 de
1260 1454 1353 1493 artis
1380 1468 1472 1493 suae
1492 1455 1614 1504 digni-

291 1515 370 1550 tate
413 1511 623 1550 detractum
670 1510 865 1556 videatur,
910 1509 1173 1548 Themistoclis
1211 1514 1251 1548 et
1294 1510 1450 1548 Periclis
1487 1523 1615 1549 exem-

291 1566 398 1616 plum
425 1566 480 1604 ait
506 1566 598 1604 satis
626 1565 758 1604 testari
795 1565 910 1604 etiam
938 1565 978 1603 in
1012 1565 1073 1603 his
1110 1565 1224 1603 rebus
1250 1565 1502 1603 deliberandis
1528 1566 1615 1615 plus

291 1621 418 1660 valere
437 1625 628 1660 oratorum
638 1620 818 1659 ludlclum
836 1632 951 1671 quam
968 1620 1143 1670 opificum
1163 1620 1444 1659 auctoritatem:
1464 1620 1616 1658 omnino

291 1677 394 1715 cuim
421 1676 626 1715 rhetorices
663 1689 822 1724 regnum
859 1679 939 1714 tam
975 1675 1053 1714 late
1079 1679 1229 1725 patere,
1268 1679 1313 1714 ut
1339 1688 1455 1725 prope
1490 1675 1618 1714 omnia

292 1732 562 1782 complectatur
587 1735 805 1782 ceterasque
842 1734 942 1769 artes
975 1731 1016 1768 in
1044 1744 1085 1768 se
1113 1730 1304 1769 contineat
1331 1742 1375 1768 ac
1400 1730 1617 1779 longissime

292 1787 477 1836 dignitate
504 1791 666 1837 superet.
723 1787 781 1824 Ne
809 1799 899 1824 vero
939 1785 1083 1824 Socrati
1120 1786 1302 1824 orationis
1338 1785 1453 1824 huius
1489 1798 1616 1836 repre·

291 1843 513 1882 hendendae
540 1843 658 1880 ullam
685 1842 877 1892 relinquat
897 1842 1139 1887 occasionem,
1169 1845 1279 1880 caute
1306 1841 1412 1880 addit
1431 1841 1618 1892 quaedam

291 1899 339 1937 de
366 1902 468 1937 recto
504 1911 578 1936 usu
617 1897 710 1936 artis
746 1897 965 1935 rhetoricae.
1022 1896 1244 1935 Arbitratur
1280 1895 1383 1934 enim
1419 1900 1617 1943 oratorem,

292 1953 364 1993 etsi
393 1954 439 1992 de
467 1953 755 2004 quibuscunque
781 1953 895 1991 rebus
922 1952 978 1991 ita
1002 1951 1122 2002 possit
1151 1952 1269 1990 verba
1296 1952 1431 1998 facere,
1459 1955 1505 1989 ut
1531 1951 1618 1989 aliis

292 2009 520 2048 sententiam
548 2021 656 2046 suam
683 2008 847 2045 maxime
876 2009 1028 2057 probet,
1066 2012 1195 2045 tamen
1222 2019 1299 2045 non
1325 2006 1373 2044 de
1407 2009 1617 2044 ceterorum

292 2064 467 2114 opificum
495 2065 596 2102 fama
616 2064 779 2113 turpiter
804 2062 1015 2108 detrahere,
1042 2061 1108 2100 sed
1136 2061 1271 2099 iuste
1299 2060 1478 2099 adhibere
1497 2064 1619 2099 artem

293 2133 402 2159 suam
438 2120 594 2158 debere:
643 2131 726 2157 esse
762 2117 864 2157 enim
909 2118 1008 2155 hane
1045 2129 1279 2155 communem
1317 2116 1440 2164 legem
1477 2116 1618 2154 artium

293 2175 463 2213 omnium
489 2174 855 2219 concertatoriarum,
884 2177 929 2211 ut
955 2185 1004 2211 ne
1033 2172 1080 2210 ad
1108 2171 1293 2210 iniustum
1321 2184 1434 2209 usum
1461 2183 1618 2210 conver·

292 2234 435 2270 tantur.
465 2230 505 2268 Si
532 2230 650 2293 igitur
677 2228 865 2280 quispiam
892 2227 1110 2279 eloquentia
1136 2239 1206 2265 sua
1232 2227 1424 2273 abutatur,
1453 2226 1536 2264 eius
1562 2226 1616 2265 rei

294 2286 444 2349 culpam
470 2298 546 2323 non
573 2285 614 2323 in
652 2285 744 2323 artis
780 2283 980 2332 magistros
1016 2295 1099 2321 esse
1134 2282 1419 2328 conferendam,
1456 2281 1524 2320 sed
1559 2281 1616 2319 illi

293 2342 366 2392 ipsi
384 2341 635 2387 tribuendam,
663 2340 730 2392 qui
748 2352 795 2379 ea
820 2339 918 2377 male
937 2342 1080 2377 utatur.
1109 2339 1151 2376 P.
1173 2341 1265 2376 454.
1283 2338 1327 2375 Ε.
1336 2358 1392 2365 -
1409 2337 1501 2375 457.
1511 2336 1553 2374 0.
1562 2358 1618 2364 —

294 2397 402 2436 Haec
426 2400 626 2448 postquam
653 2395 718 2434 ille
745 2394 923 2444 exposuit
948 2394 1118 2432 oratione
1143 2393 1236 2431 satis
1264 2392 1424 2443 copiosa,
1445 2391 1618 2430 Socrates

294 2453 342 2491 de
369 2452 595 2504 quibusdam
622 2451 738 2489 huius
764 2449 1031 2500 disputationis
1058 2449 1230 2499 partibus
1265 2446 1486 2497 diligentius
1515 2446 1621 2497 cupit

295 2521 382 2546 cum
411 2521 456 2546 eo
490 2507 674 2546 disserere
713 2506 871 2556 eiusque
908 2505 964 2544 rei
1003 2504 1154 2543 veniam
1192 2505 1240 2542 ab
1267 2516 1312 2542 eo
1338 2502 1395 2541 ita
1420 2501 1537 2551 petit,
1576 2506 1621 2539 ut

295 2563 410 2602 simul
436 2576 477 2602 se
505 2563 671 2601 alienum
698 2561 874 2600 ostendat
910 2561 958 2599 ab
986 2560 1091 2598 inani
1117 2558 1358 2598 contentione
1394 2556 1619 2608 rixandique

296 2618 434 2658 studio.
462 2619 505 2657 P.
534 2619 626 2657 457.
646 2618 686 2656 Ο.
705 2638 762 2645 -
782 2619 874 2656 458.
893 2616 936 2654 Β.
973 2615 1150 2655 Sentiens
1178 2617 1307 2654 autam
1324 2612 1484 2662 Gorgias
1509 2612 1621 2651 novis

297 2688 338 2714 se
367 2673 656 2714 difficultatibus
692 2672 883 2712 irretitum
919 2671 986 2718 iri,
1023 2669 1282 2721 praesentium
1320 2668 1525 2708 amicorum
1559 2679 1620 2706 ra·
