1696 2976
44 0 70 17 '4
91 0 161 11 ‚rvr
187 0 197 18 ]=
245 7 247 9 .
290 0 295 3 ⁷
318 0 408 16 ...νς-υ
468 0 472 3 ⁷
508 0 514 3 .
549 3 569 24 κ
591 0 622 5 ,Π

94 16 97 21 r
122 38 128 41 ¹
174 31 180 41 y
199 25 202 26 ⁷
399 15 414 32 ,⁸
510 27 512 29 ,

550 152 621 187 ΑΙ)
653 148 1087 186 PROTAGORAM.
1497 144 1550 186 15

126 264 291 311 affirmo,
316 264 420 316 quod
442 275 553 304 meae
574 263 714 304 rationi
735 262 878 302 mirum
907 266 1094 314 quantum
1124 260 1372 305 adversatur,
1403 260 1550 312 quippe

126 322 398 361 demonstrare
412 321 572 361 studens
592 331 728 360 omnes
744 320 918 364 virtutes,
944 324 982 359 et
998 319 1182 358 iustitiam
1203 318 1549 369 ettemperantiam

126 384 163 417 et
184 379 464 423 fortitudinem,
488 378 647 418 scientia
671 377 885 416 contineri:
917 388 991 428 qua
1021 375 1179 428 quidem
1205 375 1356 415 ratione
1383 372 1549 426 probata

123 436 246 475 virtus
266 436 434 475 maxime
456 435 589 475 doceri
608 446 724 486 posse
744 433 950 473 videbitur.
1003 433 1062 472 Tu
1083 437 1241 477 contra,
1263 433 1339 486 ⁴*qui
1365 432 1548 471 virtutem

125 491 326 544 disciplina
367 492 588 544 comparari
627 503 743 543 posse
791 494 904 529 antea
952 489 1084 529 aiebas
1104 522 1113 535 ,
1163 501 1269 529 nunc
1310 489 1549 528 contrarium

126 555 294 589 statuere
316 549 471 594 videris,
495 550 638 600 quippe
660 560 778 600 quum
806 547 846 586 id
869 546 1026 586 efficere
1049 546 1225 592 studeas,
1257 550 1301 586 ut
1322 546 1456 598 quavis
1477 544 1548 584 alia

125 618 169 645 re
196 607 324 658 potius
352 618 470 658 quam
498 606 658 645 scientia
689 608 871 644 contenta
904 616 989 644 esse
1018 604 1207 643 videatur.
1247 626 1295 632 -
1340 603 1548 654 Quocirca,

125 675 243 712 quum
269 665 400 702 omnia
420 665 519 702 mire
541 663 780 712 perturbata
800 666 1019 710 temereque
1038 663 1166 700 mixta
1189 662 1402 709 videamus,
1434 662 1550 709 equi—

123 724 207 759 dem
231 722 445 771 pervelim,
483 725 526 758 ut
552 721 609 758 ad
639 721 791 758 virtutis
826 723 1014 757 naturam
1052 719 1399 768 contemplandam
1428 729 1549 758 acce-

124 778 286 826 damus,
325 788 375 816 αε
403 781 482 816 tum
513 778 668 816 demum
699 779 837 815 iterum
868 786 1128 825 quaeramus,
1162 780 1295 815 utrum
1331 787 1379 814 ea
1417 776 1554 815 doceri

121 836 255 885 possit,
285 846 419 874 necne.
481 834 524 873 Ρ.
547 837 626 877 361
650 835 678 873 Α
703 857 751 862 -
775 832 818 872 D.

239 891 314 931 Sed
332 891 567 942 Protagoras
588 891 689 930 hanc
705 890 1019 941 disputationem,
1042 902 1164 942 quum
1185 888 1258 929 sibi
1278 889 1355 928 iam
1376 888 1424 928 ad
1446 888 1550 928 aliud

126 949 217 999 quid
247 948 515 988 accedendum
550 949 616 994 sit,
651 948 691 986 in
720 946 824 987 aliud
853 952 1009 998 tempus
1041 946 1297 986 differendam
1335 957 1420 986 esse
1442 945 1547 990 dicit,

125 1005 325 1045 Socratem
356 1009 486 1045 autem
516 1004 729 1055 magnificis
758 1009 884 1047 ornat,
907 1003 1088 1043 laudibus
1120 1006 1287 1055 eumque
1319 1003 1550 1042 vaticinatur

124 1061 332 1114 aliquando
353 1062 470 1102 talem
491 1061 678 1106 futurum,
701 1062 767 1112 qui
788 1062 928 1101 merito
949 1061 1050 1100 inter
1077 1061 1182 1100 viros
1202 1061 1416 1112 sapientiae
1436 1059 1550 1099 laude

125 1120 358 1170 conspicuos
378 1120 578 1159 numerari
600 1118 734 1170 possit.
757 1141 812 1147 ——-
841 1118 909 1158 His
931 1117 1043 1158 dictis
1065 1117 1283 1170 auditisque
1305 1117 1490 1157 Socrates
1511 1121 1550 1156 et

123 1176 382 1228 Hippocrates
402 1176 621 1216 discedunt.

236 1233 342 1273 Haec
363 1233 481 1285 igitur
502 1244 653 1273 summa
674 1236 732 1272 est
757 1231 866 1277 libri,
896 1232 963 1284 qui
984 1231 1160 1271 omnium
1181 1231 1324 1271 iudicio
1354 1232 1549 1283 insignem

124 1289 245 1330 habet
259 1291 353 1329 artis
373 1290 669 1342 perfectionem.
729 1289 827 1328 Nam
848 1294 954 1328 tanta
974 1289 1013 1327 in
1036 1301 1082 1328 eo
1103 1293 1241 1339 regnat
1262 1289 1450 1328 orationis
1472 1288 1548 1328 ele·

125 1347 255 1398 gantia
285 1351 323 1387 et
351 1352 554 1392 venustas,
583 1346 805 1399 argumenti
831 1347 995 1385 varietas
1031 1350 1148 1397 atque
1181 1345 1363 1391 facilitas,
1394 1346 1550 1385 iocandi

124 1404 355 1456 ridendique
375 1404 414 1443 in
425 1416 575 1444 summa
596 1416 732 1443 rerum
753 1404 940 1454 gravitate
957 1401 1142 1448 hilaritas,
1165 1406 1207 1441 ut
1222 1414 1338 1442 nemo
1355 1415 1445 1442 eum
1466 1403 1550 1442 sine

124 1460 416 1512 limpidissimae
437 1461 645 1512 voluptatis
665 1472 783 1500 sensu
802 1459 934 1511 legere
956 1464 1083 1510 queat.
1126 1459 1236 1506 Quod
1258 1461 1292 1498 si
1312 1460 1549 1512 quaerimus,

125 1530 355 1569 quorsum
377 1518 607 1558 universa
624 1517 901 1569 disputatio
917 1517 1189 1568 pertineat,
1212 1528 1375 1556 necesse
1391 1522 1447 1556 est
1467 1529 1549 1556 me-

125 1575 366 1620 minerimus,
388 1575 680 1627 Hippocratem,
702 1573 990 1614 adolescentem
1006 1573 1244 1624 Protagorae
1262 1573 1463 1613 doctrinae
1482 1586 1549 1612 cu-

123 1631 388 1685 pidissimum,
426 1631 567 1672 horum
591 1643 819 1672 sermonum
840 1643 997 1672 causam
1035 1630 1153 1670 fuisse
1168 1662 1177 1676 ‚
1213 1631 1318 1670 unde
1339 1630 1452 1670 facile
1474 1632 1550 1670 erit

124 1690 305 1739 cognitu,
339 1688 541 1729 Platonem
576 1688 653 1728 hoc
683 1692 901 1741 spectasse,
938 1692 980 1727 ut
1015 1688 1280 1740 sophistarum
1302 1688 1549 1740 maximeque

126 1758 261 1785 eorum
297 1746 486 1796 principis
520 1746 723 1796 disciplina
756 1746 797 1785 in
832 1746 1008 1784 omnium
1030 1749 1245 1795 conspectu
1267 1750 1546 1795 exponeretur.

124 1804 250 1853 Atque
270 1802 309 1841 id
329 1802 486 1854 quidem
507 1803 562 1842 sic
584 1807 817 1842 consecutus
838 1807 917 1847 est,
939 1807 982 1840 ut
1003 1805 1040 1841 et
1060 1813 1144 1846 res,
1166 1802 1207 1840 in
1228 1800 1372 1853 quibus
1391 1801 1549 1840 illorum

126 1858 330 1910 disciplina
350 1858 592 1905 versabatur,
614 1864 943 1911 persequeretur,
974 1863 1012 1898 et
1031 1859 1133 1897 viam
1163 1870 1208 1897 ac
1228 1859 1440 1903 rationem,
1471 1870 1547 1909 qua

125 1915 336 1967 discipulos
358 1915 600 1962 erudiebant,
623 1916 858 1956 ostenderet.
916 1916 1050 1966 Itaque
1077 1916 1116 1954 in
1144 1914 1220 1954 hoc
1241 1914 1393 1966 dialogo
1417 1926 1547 1954 exem-

124 1972 233 2024 plum
254 1972 555 2024 sophisticarum
577 1974 810 2018 orationum,
834 1984 933 2024 quae
944 1973 1105 2023 proprie
1126 1967 1360 2020 ἐπιδείξεις
1374 1971 1546 2023 appella-

124 2030 280 2075 bantur,
301 2029 895 2075 luculentissimuminvenimus,
913 2034 993 2068 tum
1008 2029 1195 2074 videmus,
1217 2033 1260 2068 ut
1274 2028 1447 2080 sophista
1457 2041 1547 2068 cum

127 2087 300 2132 Socrate,
322 2086 481 2127 homine
510 2087 604 2126 artis
625 2086 851 2127 dialecticae
872 2087 1128 2138 peritissimo,
1152 2085 1283 2126 verbis
1305 2086 1547 2125 contendens

126 2155 269 2183 nomen
293 2156 407 2183 suum
422 2149 577 2183 tueatur
598 2148 636 2183 et
651 2144 934 2189 auctoritatem,
958 2143 1124 2195 denique
1137 2143 1414 2195 grammaticae
1428 2143 1548 2182 inter-

125 2200 355 2252 pretationis
372 2204 578 2253 poetarum
598 2202 799 2253 specimen
814 2200 1034 2245 exhibetur,
1056 2200 1187 2252 idque,
1209 2200 1314 2252 quod
1329 2199 1548 2239 litterarum

127 2259 392 2296 monumentis
426 2257 625 2310 proditum
662 2259 729 2303 sit,
766 2258 1092 2309 antiquissimum.
1152 2257 1234 2296 Iam
1263 2269 1356 2296 vero
1378 2256 1428 2296 ad
1449 2268 1547 2308 quas

127 2325 192 2353 res
213 2313 410 2364 sophistae
430 2315 645 2360 instituant,
666 2314 705 2354 id
726 2315 898 2366 primum
919 2316 959 2354 in
982 2327 1027 2354 eo
1048 2325 1244 2358 sermone,
1267 2325 1384 2364 quem
1405 2314 1546 2353 Socra-

127 2375 186 2410 tes
207 2382 295 2410 cum
318 2370 552 2422 Hippocrate
572 2371 702 2417 habet,
724 2372 958 2423 disputatur.
1000 2371 1070 2411 Cui
1098 2370 1317 2422 quaestioni
1338 2369 1547 2410 solvendae

129 2439 248 2479 quum
269 2427 344 2479 ipsi
364 2426 438 2466 sibi
457 2427 660 2467 videantur
680 2429 866 2479 impares,
896 2441 917 2468 a
938 2429 1173 2478 Protagora,
1205 2426 1322 2466 simul
1351 2431 1469 2479 atque
1498 2427 1545 2466 ad

129 2496 218 2524 eum
249 2488 482 2535 perventum
519 2489 576 2524 est
593 2517 603 2531 ,
643 2485 815 2525 eiusdem
846 2486 904 2525 rei
936 2484 1236 2536 explicationem
1269 2488 1419 2535 petunt.
1477 2483 1546 2523 Ille

128 2553 248 2593 quum
262 2541 442 2581 homines
463 2541 718 2592 sapientiores
739 2546 776 2581 et
791 2541 975 2582 meliores
996 2553 1064 2581 sua
1086 2540 1286 2592 disciplina
1307 2540 1408 2580 effici
1430 2539 1544 2585 dicat,

129 2602 212 2637 tum
240 2597 288 2638 de
317 2598 470 2637 virtutis
503 2598 538 2637 vi
572 2609 619 2637 ac
650 2599 810 2638 notione
840 2599 1064 2643 disseritur,
1100 2598 1210 2637 cuius
1231 2597 1436 2641 Socrates,
1473 2597 1545 2635 etsi

130 2653 246 2705 paulo
266 2655 417 2701 tectiuS,
440 2655 517 2694 duo
539 2654 738 2706 distinguit
757 2666 915 2706 genera,
937 2660 981 2694 ut
1000 2654 1248 2705 sophisticam
1270 2653 1424 2698 finibus,
1447 2665 1546 2704 quos

131 2722 249 2761 supra
278 2711 490 2762 significavi
519 2712 828 2753 circumscribat.
887 2713 974 2764 Ipse
1004 2713 1107 2752 enim
1127 2711 1310 2763 sophistis
1331 2722 1448 2749 unam
1468 2710 1545 2749 vir-

133 2772 254 2807 tutem
275 2767 437 2814 civilem,
460 2780 577 2822 quam
588 2767 793 2823 vocantffi),
815 2768 1023 2809 relicturus
1043 2768 1091 2808 de
1108 2769 1191 2808 eius
1202 2767 1320 2807 solius
1341 2765 1544 2819 disciplina

201 2891 256 2933 18)
282 2893 377 2926 Men.
396 2904 428 2937 p.
447 2894 487 2926 91
506 2892 553 2927 A:
580 2890 719 2927 Μένων
744 2887 929 2938 ἐπιθυμεῖ
952 2887 1091 2936 ταύτης
1116 2892 1182 2935 τῆς
1206 2890 1346 2934 σοφίας
1368 2889 1435 2925 καὶ
1458 2885 1544 2935 ἄρε-
