1748 2944
402 228 646 269 GORGIAS.
676 230 720 267 P.
750 231 844 267 488.
875 231 968 267 489.
998 229 1057 267 ed.
1088 228 1145 266 St.
1366 227 1445 265 217

101 355 192 381 τιον
235 339 305 380 καὶ
342 340 390 381 τὸ
429 338 724 393 ἰσχυρότερον;
778 338 917 378 ΚΑΛ.
956 334 1056 378 Ἀλλ’
1095 335 1176 390 ἐγώ
1204 346 1272 377 σοι
1300 339 1449 389 σαφῶς

102 405 231 459 λέγω,
273 401 337 446 ὅτι
373 405 531 446 ταύτόν
571 403 695 445 ἐστιν.
752 405 850 444 ΣΩ.
896 403 1070 445 Οὐκοῦν
1107 402 1150 444 οἱ
1184 402 1335 444 πολλοὶ
1371 404 1448 444 τοῦ

105 470 200 519 ἑνὸς
239 471 455 524 κρείττους
480 469 558 511 εἰσὶ
585 468 692 512 κατὰ
719 469 870 523 (micam
909 470 951 510 οἳ
978 468 1031 523 δὴ
1059 466 1130 510 καὶ
1157 463 1259 516 τοὺς
1286 468 1450 521 νόμους

103 537 291 578 τίθενται
329 534 396 578 ἐπὶ
422 541 480 589 τῷ
508 534 594 586 ἑνί,
636 532 772 587 ὥςπερ
799 534 870 576 καὶ
898 534 952 576 σὺ
980 537 1075 588 ἄρτι
1103 531 1250 587 ἔλεγες.
1308 535 1448 575 ΚΑΛ.

106 604 208 650 Πῶς
234 601 315 655 γὰρ
342 604 419 652 οὕς
449 603 546 644 ΣΩ.
583 601 645 643 Τὰ
673 602 760 642 τῶν
786 603 958 643 πολλῶν
986 603 1070 652 ἄρα
1097 600 1257 654 νόμιμα
1284 599 1335 640 τὰ
1362 602 1449 641 τῶν

103 668 356 721 κρειττόνων
377 667 473 710 ἐστι’.
531 669 666 709 ΚΑΛ.
698 667 826 708 Πάνυ
848 680 907 720 γε.
963 667 1062 708 ΣΩ.
1097 666 1271 707 Οὐκοῦν
1289 665 1341 707 τὰ
1361 668 1448 707 τῶν
1477 664 1516 707 Ε

102 733 352 787 βελτιόνων,·
403 734 445 776 οἱ
482 733 566 788 γὰρ
602 732 819 787 κρείττους
854 732 1048 786 βελτίους
1086 726 1198 773 πολὺ
1236 731 1344 773 κατὰ
1371 731 1448 773 τὸν

104 799 183 841 σὸν
210 799 351 853 λόγον.
411 800 549 840 ΚΑΛ.
591 798 695 840 Ναί.
760 799 858 839 ΣιΩ..
906 798 1082 839 Οὐκοῦν
1107 797 1160 838 τὰ
1187 798 1353 839 τούτων
1379 798 1449 839 νό-

105 880 210 918 μιμα
246 864 354 907 κατὰ
392 865 524 918 φύσιν
558 866 688 914 καλά,
729 864 984 917 κρειττόνων
1020 878 1067 917 γε
1096 866 1260 912 ὄντωνς
1300 864 1447 904 .ΚΑΛ.

110 930 236 984 Φημί.
292 932 391 973 Σῼ.
431 923 516 984 Ἆρ’
555 926 636 973 οὖν
675 930 718 972 οἷ
743 929 894 972 πολλοὶ
919 930 1169 983 νομίζουσιν
1197 928 1353 978 οὕτως,
1393 928 1451 978 ῶς

102 998 197 1049 ἄρτι
215 991 270 1037 αὖ
290 995 344 1037 σὺ
364 994 511 1050 ἔλεγες,
543 996 710 1038 δίκαιον
732 992 842 1038 εἶναι
865 996 912 1037 τὸ
934 995 1032 1038 ἴσον
1053 993 1162 1050 ἔχειν
1184 994 1255 1037 καὶ
1284 994 1451 1049 αἴσχιον

102 1061 150 1103 τὸ
179 1061 342 1103 ἀδικεῖν
368 1068 446 1104 τοῦ
474 1062 713 1104 ἀδικεῖσθαι
723 1079 734 1111 3
774 1059 862 1103 ἔστι
889 1067 1036 1113 ταῦτα,
1063 1061 1090 1114 ἢ
1121 1063 1198 1111 οὕς
1234 1059 1305 1102 καὶ
1333 1057 1449 1110 ὅπως
1479 1062 1564 1105 489

172 1230 210 1262 Ε
243 1225 336 1274 τἈρ
371 1225 451 1263 οὖν
482 1231 525 1262 οἱ
558 1230 706 1263 πολλοὶ
745 1228 855 1272 τομ.]
893 1229 997 1262 Editt.
1028 1229 1109 1262 olim
1142 1239 1260 1262 omnes
1284 1233 1318 1261 et
1341 1229 1450 1262 Bekk.

104 1270 176 1315 ”Αρ
212 1269 276 1307 οὖν
307 1287 349 1307 οι
351 1288 369 1317 χ
399 1275 435 1307 οἰ
465 1287 498 1307 π.
546 1276 717 1308 Omittunt
747 1273 809 1317 οὐχ
842 1275 960 1308 Clark.
989 1275 1066 1307 Vat.
1099 1274 1202 1308 Vind.
1233 1273 1263 1306 1.
1294 1274 1326 1308 6.
1373 1276 1451 1307 Par.

106 1320 374 1353 BCEFIVW.
413 1320 504 1355 F.lor
539 1332 570 1353 a.
604 1323 635 1353 b.
666 1332 693 1353 c.
718 1321 741 1352 f.
765 1332 809 1353 m.
835 1332 866 1355 ο.
891 1333 917 1354 s.
942 1332 976 1352 x.
1001 1320 1118 1362 Bodl.,
1151 1319 1241 1363 quod
1270 1319 1453 1353 nobiscum

107 1365 305 1398 abiecemnt
329 1367 428 1398 Turr.
453 1367 570 1398 Herm.
596 1367 667 1399 alii.
713 1367 804 1399 Dein
829 1366 955 1404 οὕτως,
991 1366 1082 1409 quod
1105 1366 1210 1410 vulgo
1234 1365 1370 1406 aberat,
1394 1366 1450 1398 ad-

105 1411 213 1444 ditum
238 1422 281 1443 ex
298 1412 414 1444 Clark.
429 1412 516 1446 Ven.
542 1411 571 1445 Ξ
583 1412 623 1444 Σ.
649 1411 753 1445 Coisl.
778 1415 812 1444 et
834 1412 992 1455 plurimis
1015 1412 1105 1454 aliis,
1128 1413 1164 1444 in
1189 1411 1315 1454 quibus
1338 1416 1452 1445 tamen

106 1458 182 1489 Vat.
207 1467 276 1489 non
302 1461 354 1490 est
375 1457 618 1490 numerandus.

105 1605 159 1636 καὶ
178 1603 321 1644 μέλλωσι
344 1602 510 1647 συνήσειν
533 1602 572 1636 τὰ
594 1615 741 1659 γεγραμ-

105 1648 208 1689 μέτα,
250 1648 361 1691 ὥςπερ
398 1649 491 1682 τότε
523 1647 585 1693 τὴν
618 1647 744 1692 φωνήν

104 1696 208 1736 (sicut
248 1700 378 1728 antea
412 1705 532 1728 vocem
569 1695 744 1736 diximus),

107 1739 360 1781 παρατιθέασιν
405 1738 522 1775 αὐτοῖς
568 1753 597 1773 κ.
645 1753 669 1773 τ.
715 1742 741 1772 λ.

103 1786 237 1818 Politic.
268 1797 300 1828 p.
324 1785 401 1820 266.
431 1787 482 1818 D:
522 1784 640 1818 ἐκεῖνό
672 1785 743 1818 ἐστι

104 1831 299 1872 καταφανὲς
314 1833 440 1871 μᾶλλον
464 1829 499 1864 τὸ
526 1829 639 1874 ῥηθὲν
663 1828 740 1863 τότ’

104 1878 264 1918 (antea)
296 1876 337 1908 ἐν
368 1880 405 1919 τῇ
435 1877 514 1918 περὶ
546 1876 631 1909 tbv‘
640 1887 742 1917 σοφι-

107 1921 190 1976 στ’ἰὴτ
214 1920 358 1965 ζητήσει
395 1921 537 1955 Theaet.
551 1933 583 1964 p.
601 1920 677 1968 156:
694 1922 741 1953 E:

105 1964 188 2000 αὐτὸ
206 1967 270 2006 μὲι
290 1965 369 2000 καθ’
386 1965 488 1999 ἑαυτὸ
505 1966 615 2009 μηδὲν
639 1963 742 2005 εἶναι,

105 2010 123 2045 ὃ
141 2012 195 2045 καὶ
213 2011 307 2044 τότε
326 2011 496 2055 ἑλέγομει,
511 2013 587 2047 scil.
605 2017 742 2053 antea,

105 2069 230 2100 quum
261 2058 308 2090 de
332 2058 410 2090 hac
434 2069 475 2090 re
499 2057 743 2112 disputare·

106 2114 204 2135 muS.
237 2103 369 2136 Phileb.
393 2114 425 2146 p.
449 2102 503 2136 38.
527 2105 578 2136 D:
605 2101 624 2136 ὃ
650 2102 742 2136 τότε

106 2146 213 2189 δόξαι
245 2148 452 2189 ἑκαλοῦμει,
484 2149 517 2181 h.
543 2160 570 2181 e.
602 2153 742 2189 antea,

106 2203 231 2236 quum
254 2195 361 2227 haec
385 2194 571 2227 nondum
594 2198 743 2228 essent

105 2239 344 2281 explicata.
368 2240 422 2272 De
442 2241 524 2282 Rep.
542 2240 602 2272 VI.
617 2251 648 2282 p.
665 2239 742 2276 507.

106 2286 142 2317 B.
169 2285 234 2317 Pro
252 2285 365 2318 δοκεῖς
384 2251 545 2318 Coralis
559 2285 630 2329 legi
648 2285 743 2318 iubet

108 2327 247 2363 ἐδόκεις.
295 2330 371 2370 Quo
401 2341 471 2363 non
501 2341 586 2373 opus
613 2335 674 2364 est.
699 2349 742 2355 --

108 2376 322 2417 ἔρχεσθαι
368 2373 442 2407 ἐπί
485 2388 596 2415 τινα,
660 2377 742 2409 ali-

107 2431 228 2463 quem
271 2420 501 2453 hostiliter
544 2422 741 2465 aggredi3

107 2478 139 2498 v.
163 2466 206 2499 ad
231 2467 318 2498 Tim.
342 2476 374 2507 p.
399 2464 453 2498 57.
476 2466 513 2497 B.

154 2513 197 2543 D.
222 2509 348 2543 τοῦτό
372 2522 442 2549 μοι
467 2508 567 2543 αὐτὸ
594 2516 742 2553 σαφῶς

109 2555 150 2599 δ.]
177 2557 255 2589 hoc
282 2557 443 2598 ipsum,
466 2556 486 2587 i.
512 2567 540 2588 e.
565 2556 643 2589 hoc
667 2568 743 2591 ma-

109 2602 235 2639 xime,
275 2602 511 2644 perspicue
543 2600 743 2636 definias.

109 2646 174 2681 vid
297 2645 406 2679 ,482
430 2647 473 2678 D.
519 2647 572 2678 De
595 2648 676 2690 Rep.
702 2649 744 2682 V.

108 2703 151 2746 p.
171 2646 247 2724 47al.
277 2692 316 2726 E.
362 2692 500 2723 Dicitur
533 2692 622 2724 enim
657 2692 743 2727 τοῦτ’

109 2733 192 2768 αὐτό
215 2736 256 2769 de
278 2747 314 2769 re
338 2737 480 2769 maximi
503 2739 676 2780 momenti,
707 2740 744 2772 in

110 2791 178 2824 qua
206 2782 310 2815 totius
340 2791 483 2815 caussae
513 2783 622 2816 veluti
645 2784 744 2818 cardo

811 1604 962 1636 vertitur.
1003 1603 1136 1636 Deinde
1153 1603 1190 1636 in
1213 1603 1326 1647 priore
1349 1603 1452 1636 inter-

811 1650 999 1692 rogationis
1043 1651 1195 1682 membro
1236 1650 1364 1682 omissa
1402 1653 1454 1682 est

812 1694 1047 1738 interrogandi
1084 1694 1256 1737 particula
1291 1706 1358 1727 usu
1388 1696 1452 1728 fre-

811 1741 948 1782 quenti,
996 1750 1096 1782 quem
1141 1741 1359 1773 illustrarunt
1396 1752 1454 1773 ex-

812 1786 933 1828 emplis
966 1785 1261 1819 Heindorfius
1298 1786 1342 1818 ad
1372 1786 1404 1817 h.
1429 1786 1453 1818 1.

811 1831 981 1910 As4ss9ad
1005 1832 1112 1874 Legg.
1136 1843 1170 1874 p.
1194 1829 1270 1864 130.
1308 1832 1452 1875 Viger.

856 1965 955 2000 τοὺς
1022 1965 1189 2005 νόμους
1244 1967 1453 2000 τίθενται

812 2011 886 2044 ἐπὶ
919 2015 971 2055 τῷ
1004 2010 1092 2055 ἑνί]
1130 2012 1174 2044 Η.
1208 2022 1236 2044 e.
1266 2017 1312 2045 ut
1342 2023 1452 2045 unus

811 2057 893 2090 ille
918 2058 974 2089 iis
998 2057 1285 2099 obtemperet.
1321 2058 1454 2092 Dictio-

811 2114 890 2135 nem
932 2101 1060 2142 νόμους
1098 2104 1264 2136 τίθεσθαι
1301 2102 1363 2136 ἐπί
1391 2116 1454 2137 τινι

810 2149 998 2181 illustravit
1020 2148 1245 2181 Heindorf.
1271 2148 1314 2181 ad
1337 2150 1371 2182 h.
1395 2150 1418 2182 l.

855 2217 895 2249 E.
932 2217 974 2249 οἱ
996 2216 1077 2260 γὰρ
1105 2218 1336 2258 κρείττους
1361 2218 1450 2260 βελ-

813 2263 932 2296 τίους
965 2260 1092 2306 πολύ]
1135 2262 1210 2294 Etsi
1246 2261 1333 2295 πολύ
1363 2274 1454 2295 eom·

810 2308 965 2350 parativo
997 2318 1059 2340 suo
1090 2307 1262 2340 interdum
1292 2309 1453 2351 postponi

811 2353 909 2394 solet,
932 2364 965 2385 v.
994 2352 1037 2385 ad
1062 2352 1218 2395 Sympos.
1243 2363 1275 2395 p.
1300 2352 1375 2388 181.
1401 2354 1452 2396 0.,

811 2403 925 2431 tamen
942 2399 1168 2440 comparativi
1182 2398 1235 2430 vis
1253 2409 1312 2430 cur
1329 2399 1386 2431 hic
1411 2410 1453 2432 ea

811 2454 896 2476 voce
927 2443 1140 2484 intendatur,
1177 2454 1278 2476 nemo
1315 2444 1450 2477 dixerit.

810 2489 930 2531 Itaque
968 2493 1029 2521 aut
1063 2500 1140 2521 cum
1174 2489 1312 2522 Corae
1351 2488 1453 2522 πάλιν

811 2535 981 2577 corrigas,
1013 2538 1073 2566 aut
1102 2545 1180 2567 cum
1203 2535 1451 2568 Hermanno

812 2580 854 2612 de
896 2580 1091 2612 coniectura
1127 2579 1258 2613 scribas
1294 2581 1451 2622 βελτίους

813 2637 892 2663 που,
906 2624 996 2667 quod
1009 2626 1178 2667 posterius
1190 2627 1314 2658 eximie
1326 2626 1450 2669 placet.

857 2694 895 2725 P.
919 2691 997 2726 489.
1037 2693 1107 2725 καὶ
1133 2691 1250 2728 ὅπως
1275 2692 1328 2736 μὴ
1351 2691 1452 2726 ἁλώ-

815 2748 878 2771 σει
900 2757 945 2762 —
969 2736 1320 2782 αἰσχυνόμενος]
1351 2739 1453 2772 Ridet

811 2783 918 2818 verba
941 2783 1094 2817 Calliclis
1118 2795 1150 2827 p.
1174 2782 1251 2818 482.
1276 2784 1314 2817 G.
1337 2785 1380 2816 D.
