1696 2976
477 94 892 131 PROTAGORAs.
923 96 964 136 Ρ,
986 99 1066 133 321.
1098 97 1180 134 s'r.
1481 94 1537 136 69

118 211 201 271 μὲν
223 209 394 268 ὁπλαῖς,
419 209 472 257 τὰ
497 210 545 256 δὲ
563 210 684 269 θριξὶ
702 211 776 255 καὶ
801 211 987 270 δέρμασι
1010 221 1205 270 στερεοῖς
1223 214 1297 257 καὶ
1315 210 1530 270 ἀναίμοις.

117 278 388 326 τούντεῦθεν
418 277 582 338 τροφὰς
613 276 761 331 ἄλλοις
794 276 928 333 ἄλλοις
962 277 1201 338 ἐξεπόριζε,
1241 291 1332 334 τοῖς
1364 281 1446 338 μὲν
1486 283 1533 326 ἐκ

117 350 196 407 γῆς
220 347 437 406 βοτάνην,
470 345 617 400 ἄλλοις
642 346 691 392 δὲ
716 348 919 405 δένδρων
942 347 1160 408 καρπούς,
1199 359 1290 401 τοῖς
1315 348 1364 393 δὲ
1388 354 1531 407 ρίζας·

116 422 208 463 ἔστι
233 414 274 462 δ’
302 413 368 470 οἷς
400 419 567 461 ἔδωκεν
598 414 712 461 εἶναι
736 414 906 473 τροφὴν
937 414 1060 470 ζώων
1090 414 1239 462 ἄλλων
1264 415 1416 474 βοράν.
1461 418 1535 462 καὶ

116 496 205 538 τοῖς
228 484 311 543 μὲν
332 484 613 542 ὀλιγογονίαν
636 485 852 542 προσῆψε,
877 494 967 537 τοῖς
992 482 1034 529 δ’
1062 482 1423 543 ἀναλισκομένοις
1446 482 1534 530 ὑπὸ

115 551 284 599 τούτων
314 556 609 610 πολυγονίαν,
640 555 864 610 σωτηρίαν
894 554 955 612 τῷ
979 554 1098 609 γένει
1123 557 1326 611 πορίζων.
1376 549 1452 598 ἅτε
1477 550 1532 611 δὴ

115 614 197 667 οὖν
219 619 273 666 οὐ
297 638 416 666 πανυ
439 639 480 666 τι
504 618 639 678 σοφὸς
671 615 734 665 ὧν
756 617 1059 678 ὃἘπιμηθεύς
1085 625 1249 666 ἔλαθεν
1272 618 1407 666 αὑτὸν
1429 639 1534 666 κατ-
1559 633 1587 666 C

115 687 347 742 αναλώσας
386 687 463 742 τὰς
503 687 724 746 δυνάμεις.
769 686 922 733 λοιπὸν
955 687 996 733 δ’
1035 686 1285 747 ἀκόσμητον
1315 693 1380 734 ἔτι
1414 686 1532 750 αὐτῷ

114 758 173 815 ἠν
195 755 244 802 τὸ
268 754 524 816 ἀνθρωπων
554 758 704 815 γένος,
737 757 811 801 καὶ
834 753 990 815 ἠπόρει
1021 775 1044 801 ο
1076 775 1117 802 τι
1150 755 1371 815 χρήσαιτο.
1421 755 1533 803 ἀπο-

203 891 244 924 Β.
270 887 349 923 καὶ
365 891 574 942 στερεοῖς
591 906 635 912 ——
651 900 704 921 τοι
724 885 772 922 δὲ
789 887 943 941 θριξί]
970 890 1076 922 Haec
1099 899 1169 923 om.
1186 889 1270 922 Vat.
1290 890 1383 928 175„
1401 890 1533 923 videli-

110 929 779 987 σείει-1010ροτὸμοιοτέλευτονηοῐο
790 929 999 967 -ὑποδῶν
1016 934 1325 986 estCobet1(Var
1338 935 1438 968 lectt.
1451 946 1486 978 p.
1495 935 1530 977 3)

112 980 318 1014 emendatio
337 980 559 1020 certissima;
577 979 675 1022 vulg.
695 974 768 1012 υπὸ
787 979 929 1012 ποδῶν.
955 981 1041 1012 Bas.
1060 981 1078 1012 1
1097 974 1315 1013 ὑποπόδιον.
1335 981 1406 1012 Pro
1423 979 1532 1023 θριξὶ

113 1027 244 1059 Stallb.
276 1030 313 1059 et
335 1026 472 1058 Baiter.
491 1025 698 1058 maluerunt
722 1018 848 1067 ὄνυξι,
869 1025 964 1067 quod
980 1026 1180 1058 Hermann.
1207 1026 1362 1068 recepit.
1396 1026 1531 1069 Saupp-

113 1069 223 1115 θριξὶ
239 1069 305 1104 καὶ
323 1071 473 1105 delevit

203 1111 254 1150 οὗ
270 1111 389 1149 πάνυ
406 1127 448 1148 τι
467 1109 610 1158 σοφὸς
627 1106 700 1158 ων]
721 1115 820 1148 Vett.
839 1115 942 1148 editt.
967 1126 1032 1158 pro
1051 1127 1085 1148 τι
1103 1115 1243 1149 habent
1267 1126 1342 1158 τοι,
1369 1115 1465 1157 quod
1489 1127 1534 1149 ex

110 1163 259 1205 optimis
277 1161 379 1195 codd.
398 1160 640 1196 emendatum.

206 1228 246 1262 C.
273 1223 358 1267 τοὶς
387 1223 631 1271 δυνάμεις]
667 1228 756 1260 Post
782 1228 875 1261 haec
902 1228 1012 1271 vulgo
1041 1229 1250 1261 inferuntur
1277 1229 1392 1262 verba
1416 1226 1469 1268 εἰς
1487 1224 1534 1262 τὰ

114 1269 258 1331 ἄλογα,
274 1284 368 1317 quae
395 1277 496 1307 recte
521 1273 680 1307 desunt·
670 1284 709 1305 111
725 1273 828 1307 Bodl.
846 1279 884 1306 et
900 1275 1025 1309 Vatic.
1071 1274 1214 1306 Deinde
1237 1277 1326 1307 vett.
1354 1274 1456 1307 editt.
1482 1269 1531 1317 δὴ

115 1332 169 1354 ετι
186 1314 414 1363 οἷκόσμητον,
439 1315 541 1352 sed’'
520 1329 574 1352 ετι
601 1319 639 1351 in
663 1319 830 1351 omnibus
846 1319 923 1351 fere
948 1319 1050 1354 codd
1075 1322 1159 1362 post
1182 1313 1399 1372 ἀκόσμητον
1422 1287 1534 1353 collo²⁷

114 1369 236 1399 catum
252 1365 448 1398 invenitur.
474 1364 579 1397 Bodl.
597 1365 679 1398 Vat.
699 1363 1069 1407 διακοσμητον(εἰι10
1089 1365 1273 1406 accentu).
1301 1359 1342 1397 δ’
1368 1359 1534 1409 ἀκόσμη-

115 1422 193 1454 τον,
212 1410 308 1454 quod
333 1420 414 1443 cum
438 1409 600 1508 S)auppio
616 1410 841 1452 recepimus,
872 1411 1055 1453 reperitur
1078 1411 1117 1442 in
1144 1410 1229 1442 Par.
1249 1411 1338 1443 3017
1367 1410 1534 1452 (Heusde

114 1467 131 1489 s
159 1467 214 1491 ec.
233 1457 313 1491 crit.
330 1466 365 1498 p.
386 1456 449 1488 142

133 1468 156 1501 P
205 1495 252 1535 τὸ
272 1495 529 1542 ἀνθρώπων
545 1497 695 1544 γένος]
722 1499 829 1543 Vulg.
856 1494 897 1532 τὸ
917 1499 992 1533 τῶν
1008 1494 1123 1542 avve.

115 1545 191 1581 τῶν
207 1546 310 1580 Bodl.
327 1547 413 1580 Vat.
432 1545 542 1580 Coisl.
559 1545 667 1579 Vind.
685 1556 719 1579 v.
740 1556 822 1579 ann.
842 1545 939 1588 adp.
957 1545 1082 1579 355A.

1160 1499 1233 1534 Sed
1250 1511 1317 1535 om.
1338 1500 1534 1534 articulum

906 1657 945 1691 C.
973 1655 1149 1692 ἔλαθεν
1165 1652 1310 1692 αὑτὸν
1325 1676 1370 1682 -
1395 1653 1535 1692 δυνά-

860 1715 885 1746 μ
894 1714 910 1736 ε
919 1715 932 1736 ι
942 1701 977 1748 ς]
1032 1704 1270 1746 Epimetheus
1319 1704 1534 1742 facultates,

860 1759 952 1791 quas
985 1759 1006 1781 a
1035 1748 1105 1781 diis
1136 1752 1334 1791 acceperat
1370 1750 1536 1782 omnibus

116 1662 234 1694 ‘veste
266 1659 430 1692 indutus'
442 1684 451 1701 ‚
491 1661 532 1691 ut
564 1658 608 1691 de
627 1669 718 1711 rep.
741 1658 790 1691 11.

116 1717 150 1748 p.
167 1707 232 1738 372
250 1705 297 1737 Α.
329 1701 469 1760 θέρους
497 1715 567 1755 μεν
595 1715 641 1736 τα
669 1699 790 1736 πολλοὶ

116 1750 257 1794 γυμνοί
275 1760 314 1783 τε
338 1761 403 1782 και
427 1743 675 1801 ανυπόδητοι,
683 1743 791 1792 ἐργα-

117 1805 265 1837 σονται,
291 1795 357 1827 τοῦ
381 1790 423 1827 δὲ
442 1794 630 1850 χειμῶνος
651 1805 791 1847 ημφιε-

117 1838 248 1896 σμένοι
296 1850 335 1872 τε
389 1837 455 1872 καὶ
510 1834 790 1881 υποδεδεμενοι

119 1882 272 1923 ἱκανῶς.

164 1926 217 1964 τὰ
241 1926 290 1963 δε
314 1927 448 1971 θριξι
472 1926 549 1962 καὶ
574 1926 788 1972 δέρμασι]

116 1978 226 2009 Hunc
257 1976 378 2008 locum
417 1974 483 2006 alii
517 1974 626 2006 aliter
660 1984 792 2006 sanare

119 2021 244 2054 conati
259 2022 355 2053 sunt.
373 2020 581 2062 Stephanus
594 2029 658 2062 pro
670 2018 792 2062 θριξί,

120 2066 266 2108 quodh.
283 2065 308 2098 1.
334 2075 480 2107 prorsus
498 2065 661 2107 ineptum
672 2068 736 2102 est,
754 2065 793 2095 in

119 2112 213 2145 libro
231 2110 387 2163 quodam
405 2120 428 2142 a
452 2120 489 2142 se
507 2113 691 2152 repertum
708 2120 791 2141 nar-

120 2160 179 2189 rat
195 2152 340 2197 τύλοις,
366 2156 470 2188 cuius
492 2165 692 2206 nusquam
694 2165 792 2186 nunc

119 2201 363 2244 vestigiumin
375 2201 655 2244 librisapparet.
672 2193 794 2242 ὄνυξι,

122 2247 218 2289 quod
249 2246 316 2278 alii
354 2245 584 2278 scribendum
616 2245 796 2288 suspicati

122 2296 218 2332 sunt,
237 2292 292 2324 ita
309 2291 399 2323 ferri
414 2295 550 2332 posset,
576 2291 608 2323 si
625 2300 796 2332 sequere-

123 2341 200 2370 tur:
226 2331 270 2369 τὰ
296 2332 338 2369 δε
365 2333 537 2378 δέρμασι.
568 2336 720 2368 Ficinus
744 2335 796 2368 lo-

123 2393 204 2415 cum
227 2382 492 2423 interpretatus
510 2384 582 2413 est:
613 2381 796 2423 ‘pedibus-

124 2438 192 2470 que
203 2427 324 2459 soleas
333 2425 485 2467 addidit,
504 2426 670 2468 ungulas,
684 2429 797 2467 setas,

125 2473 278 2505 callum.
312 2471 430 2514 pelles
453 2470 580 2502 itidem
602 2481 710 2512 quam
734 2471 798 2502 du-

123 2519 320 2550 rissimas'.
346 2516 393 2547 Et
411 2515 590 2547 excidisse
608 2516 797 2557 quaedam,

124 2566 163 2595 in
189 2563 314 2605 aprico
340 2564 415 2601 est,
439 2560 502 2592 sed
526 2571 620 2602 quae
646 2571 690 2593 ea
712 2561 799 2602 sint,

125 2618 230 2640 nemo
247 2607 354 2639 hodie
378 2606 671 2648 investigaverit.
711 2606 800 2639 Sen-

128 2653 270 2685 tentiae
290 2656 412 2684 autem
437 2654 474 2683 et
497 2651 722 2693 Protagorae
747 2651 799 2683 di-

129 2697 234 2729 cendi
246 2697 384 2729 rationi
397 2695 670 2728 accommodata
679 2699 804 2729 essent

128 2742 240 2775 haec:
258 2737 414 2774 ὑποὸὧν
431 2735 477 2773 τὰ
501 2737 571 2791 μὲν
586 2735 737 2793 ὁπλαῐςῖ
754 2736 800 2774 τὰ

130 2782 173 2820 δε
201 2779 336 2829 ὄνυξι,
373 2796 419 2819 τα
449 2782 492 2819 δε
521 2780 670 2843 mil-pte,
695 2797 741 2819 τα
759 2782 801 2819 δε

132 2828 290 2876 δέρμασι
308 2834 474 2873 στερεοῖς
491 2828 558 2867 καὶ
574 2825 763 2877 ἀναίμοις

861 1793 1083 1827 animalibus
1098 1794 1358 1826 convenienter
1374 1794 1534 1826 tribuen-

859 1839 938 1880 das,
959 1839 1167 1881 imprudens
1183 1842 1471 1882 consumpserat,
1496 1842 1538 1871 ut

860 1894 934 1925 qua
950 1894 989 1916 re
1006 1884 1187 1916 hominem
1204 1887 1364 1925 ornaret,
1382 1895 1454 1916 non
1471 1884 1535 1916 ha-

859 1929 975 1962 beret.
1009 1929 1126 1962 Homo
1151 1932 1291 1970 autem,
1322 1939 1433 1971 quum
1454 1931 1536 1971 ipse

860 1974 1018 2007 nondum
1041 1974 1263 2017 sapientiam
1288 1985 1332 2006 ac
1355 1975 1536 2007 rationem

860 2019 1026 2054 haberet.
1044 2020 1537 2062 quamProtagoraequidem

860 2064 1046 2097 sententia
1062 2075 1127 2107 pro
1143 2065 1220 2097 illis
1238 2065 1328 2107 ipsis
1344 2065 1537 2098 facultati-

859 2110 928 2143 bus
946 2113 1076 2152 postea
1100 2120 1122 2142 a
1144 2110 1361 2142 Prometheo
1380 2110 1537 2151 accepit,

861 2165 933 2188 non
964 2155 1085 2197 potuit
1122 2155 1276 2207 reliquis
1315 2155 1537 2187 animalibus

864 2203 1041 2253 tanquam
1059 2202 1139 2238 τοῖς
1155 2194 1325 2255 αλόγοις
1324 2201 1469 2254 opponi.

910 2239 1169 2287 απορο-ῦντι
1194 2244 1243 2278 δε
1269 2243 1391 2289 αυτῷ
1418 2241 1536 2287 ἔρχε-

866 2288 956 2333 ται]
975 2291 1250 2322 Haesitanti
1268 2290 1538 2344 supervenit

865 2335 1171 2368 Prometheus.
1203 2335 1291 2366 Fuit
1308 2335 1371 2376 qui
1388 2329 1538 2376 ἐπέρχε-

866 2392 929 2414 ται
962 2380 1191 2413 scribendum
1231 2380 1441 2412 coniiceret
1491 2380 1539 2410 At

868 2425 1040 2458 conferas
1064 2425 1094 2455 Χ
1107 2425 1260 2467 enoph.
1285 2424 1407 2467 Symp.
1424 2425 1478 2463 Π,
1500 2425 1538 2455 1:

868 2468 1015 2523 ἔρχεται
1040 2463 1199 2520 αὐτοῖς
1232 2464 1293 2502 ἐπὶ
1318 2468 1444 2512 κῶμον
1462 2469 1538 2501 Συ-

867 2507 1156 2559 ρακούσιοςανθ
1158 2525 1291 2567 ρωπος.
1310 2516 1340 2546 Α
1352 2513 1537 2563 ristoph.

866 2561 1006 2612 Equitt.
1030 2570 1063 2594 v.
1086 2560 1169 2592 818:
1202 2554 1285 2602 ἥξει
1308 2568 1366 2591 σοι
1391 2553 1540 2601 δριμύς,

868 2600 1057 2649 ἄγροικος.
1091 2604 1537 2646 Thucyd.1.27,1;61‚1

870 2651 917 2683 al.
943 2650 1033 2682 Cum
1050 2651 1223 2692 proximis
1233 2652 1434 2691 opportune
1453 2658 1538 2680 con·

871 2696 957 2728 tulit
980 2695 1213 2728 Heindorf.
1237 2693 1469 2727 Plutarch.
1492 2692 1537 2725 de

870 2742 899 2773 F
904 2744 1034 2774 ortuna
1057 2751 1091 2782 p.
1108 2741 1152 2772 98
1168 2741 1218 2772 D:
1240 2733 1354 2791 μόνος
1374 2734 1416 2771 δὲ
1433 2733 1453 2771 ὁ
1471 2731 1539 2771 ἅν-

871 2786 1026 2837 θρωπος
1052 2779 1169 2818 κατὰ
1208 2794 1285 2817 τον
1317 2778 1539 2817 Πλάτωνα

874 2825 1014 2875 γυμνὸς
1037 2828 1103 2863 καὶ
1126 2823 1291 2868 ἄνοπλος
1313 2826 1379 2862 καὶ
1395 2822 1538 2869 ἀνυπό-
