1716 2886
446 160 691 201 GORGIAS.
719 161 764 199 P.
795 162 890 198 494.
919 162 1012 199 495.
1042 160 1101 199 ed.
1134 159 1191 198 St.
1414 161 1493 197 241

142 269 213 312 καὶ
241 267 529 325 εὐδαιμόνως,·
561 271 697 312 ΚΑΛ.
731 270 860 311 Ποίνυ
888 284 946 322 γε.
999 269 1098 311 ΣΩ.
1130 268 1325 321 Πότερον
1353 268 1388 310 εἰ
1414 267 1495 323 τὴν

141 335 332 391 κεφαλὴν
360 337 498 391 μόνον
524 337 696 392 κνησιῷ,
724 335 751 389 ἢ
780 332 838 377 ἔτι
867 335 908 376 τί
934 345 979 376 σε
1010 334 1171 388 ἐρωτῶς
1200 334 1296 388 ὅρα,
1327 328 1360 376 ὦ
1381 336 1493 376 Καλ-

140 402 318 451 λίκλεις,
359 404 399 444 τί
437 402 682 454 ἅποκρινεῖ,
723 400 799 443 ἐοέν
835 401 899 450 τίς
938 410 983 442 σε
1022 401 1074 443 τὰ
1113 399 1291 455 ἐχόμενα
1327 400 1496 450 τούτοις

142 467 291 522 ἐφεξῆς
319 467 487 510 ἅπαντα
510 465 660 520 ἐρωτᾷ.
715 466 786 508 καὶ
814 468 980 509 τούτων
1007 467 1216 508 τοιούτων
1259 468 1401 508 ὄντων
1427 480 1491 508 κε-

142 534 350 587 φάλαιον,
393 534 417 575 ὁ
444 535 530 575 τῶν
557 532 761 574 κιναίδων
789 533 884 586 βίος
912 526 1038 581 οὗτος
1067 533 1120 574 οὐ
1149 531 1288 582 δεινὸς
1323 531 1395 574 καὶ
1431 532 1493 574 αἰ-

141 600 268 653 σχρὸς
296 598 366 641 καὶ
386 602 559 648 ἄθλιος,·
587 598 614 653 ἢ
633 599 817 648 τούτους
840 599 1060 674 τολμήσεις
1083 596 1222 652 λέγειν
1238 598 1494 651 εὐδαίμονας

141 661 274 716 εἶναι,
317 663 393 706 ἐὰν
431 661 641 718 ἀφθόνως
678 661 828 718 ἔχωσιν
868 664 930 706 ὡν
967 663 1160 714 δέονται;
1219 665 1355 705 ΚΑΛ.
1400 661 1493 706 Οὐκ

140 731 327 785 αἰσχύνει
356 731 414 780 εἰς
440 736 617 772 τοιαῦτα
645 732 784 782 ἄγων,
830 724 863 770 ὦ
892 726 1144 784 Σώκρατες,
1184 729 1287 779 τοὺς
1314 730 1492 783 λόγους,

140 798 236 838 ΣΩ..
270 795 329 837 'H
349 797 431 850 γὰρ
459 795 542 850 ἐγὼ
580 797 671 849 ἄγω
711 793 925 846 ἐνταῦθα
964 797 999 838 ὠ
1034 798 1222 850 γενναῖε,
1261 794 1288 849 ἢ
1318 794 1491 846 ἐκεῖνος,

140 863 187 911 ὃς
215 862 270 904 ἂν
298 869 360 917 φῇ
390 859 547 916 ἀνέδην
575 860 686 903 οὕτω
713 856 817 910 τοὺς
844 862 1081 916 χαίροντας,
1111 861 1226 910 ὅπως
1256 860 1311 918 ἂν
1338 861 1490 915 χαίρω-

140 939 231 980 σιν,
261 924 517 982 εὐδαίμονας
555 924 684 980 εἶναι,
724 927 795 968 καὶ
831 926 889 981 μὴ
928 928 1159 982 διορίζηται
1197 941 1284 968 των
1321 926 1494 981 ήδονων

73 1084 75 1086 ’
138 1075 254 1107 λαιων.
302 1074 571 1107 Antiatticistam
595 1072 762 1106 Anecdot.
794 1085 826 1116 p.
853 1073 927 1107 104.
952 1072 1224 1115 κεφαλαιότατον
1254 1073 1379 1117 legisse
1404 1073 1493 1106 Bek—

141 1120 246 1152 kerus
270 1120 475 1173 suspicatur.

207 1163 227 1209 ἢ
266 1163 341 1197 τοτ’
351 1176 454 1199 τους
493 1165 591 1203 τολμ
602 1162 742 1207 ήσεις]
800 1165 859 1198 Sic
892 1165 1009 1198 Clark.
1042 1165 1120 1197 Vat.
1151 1164 1255 1198 Vind.
1287 1163 1318 1199 2.
1350 1163 1382 1197 6.
1413 1165 1492 1197 Par.

139 1210 319 1243 BCEFI.
353 1210 443 1243 Flor.
477 1220 507 1242 3.
531 1209 564 1242 b.
589 1220 618 1242 e.
642 1210 664 1241 f.
690 1221 734 1242 m.
760 1221 789 1243 ο.
815 1221 841 1242 s.
866 1222 901 1243 x,
931 1211 1029 1243 Bodl.
1060 1215 1093 1242 et
1123 1221 1172 1253 pr.
1203 1210 1309 1243 Coisl.
1342 1210 1447 1242 Editt.
1471 1207 1492 1253 ἢ

140 1257 195 1288 καὶ
222 1254 364 1289 τούτους
389 1256 477 1294 τολμ.
524 1256 672 1288 Fortiter
695 1256 985 1298 pronuntiandum
1009 1254 1172 1295 τούτους,
1209 1255 1299 1298 quod
1331 1256 1390 1298 qui
1421 1266 1492 1288 non

140 1305 321 1334 senserunt
344 1301 399 1333 καὶ
425 1300 619 1333 addendum
643 1300 800 1333 arbitrati
824 1307 913 1334 sunt.

207 1344 378 1389 ἀνέδην
402 1345 530 1389 οὕτω]
564 1346 623 1378 Sic
652 1346 769 1379 Clark.
803 1347 879 1379 Vat.
905 1346 1011 1380 Coisl.
1036 1347 1122 1379 Ven.
1155 1347 1195 1379 Σ.
1219 1346 1322 1379 Vind.
1347 1345 1377 1379 2.
1403 1345 1434 1380 6.
1460 1344 1491 1379 7.

138 1393 216 1425 Par.
241 1391 436 1424 BCIVW.
466 1391 557 1424 Flor.
583 1402 614 1424 a.
641 1390 670 1423 b.
696 1402 724 1425 e.
748 1403 791 1426 m.
823 1392 923 1425 Bodl.
953 1403 1032 1425 cum
1064 1392 1141 1425 Ald.
1169 1393 1245 1424 Bas.

137 1439 274 1481 phanus
298 1435 449 1479 ἁναίδην
472 1437 620 1480 scripsit.

139 1573 167 1605 B
181 1576 286 1605 uttm
296 1582 378 1605 ann
388 1573 409 1605 i.
447 1573 663 1614 Quamquam
687 1572 780 1615 apud

139 1618 173 1649 H
184 1629 254 1651 ero
266 1618 314 1651 do
324 1622 409 1651 tum
430 1617 647 1651 simillimum
665 1618 780 1651 locum

138 1664 278 1704 inveni,
301 1663 362 1696 ubi
385 1663 446 1696 ille
470 1664 521 1696 sio
543 1664 690 1696 omissus
715 1668 776 1705 est,

139 1708 233 1742 Libr.
264 1710 324 1742 111.
363 1719 392 1742 c.
423 1708 486 1742 80:
528 1708 679 1750 φθονέει
709 1708 775 1752 γὰρ

140 1759 228 1787 τοῖσι
275 1753 446 1796 ἀρίστοισι
481 1774 526 1779 --
589 1757 700 1797 χαίρει
738 1754 777 1787 δὲ

139 1805 227 1832 τοῖσι
250 1802 438 1832 κακίστοισι
463 1804 531 1833 τῶν
551 1797 677 1839 ἀστῶι,
704 1799 776 1832 δια-

139 1844 245 1899 βολὰς
292 1844 331 1877 δὲ
373 1843 512 1887 ἄριστος
559 1844 778 1878 ἐνδέκεσθαι.

138 1901 439 1931 αναρμθσῑθῖαἴον
467 1890 506 1923 δὲ
537 1902 694 1923 παῖ”ἶων
734 1889 777 1934 ἥν

141 1948 174 1968 τε
207 1934 273 1979 γὰρ
307 1948 336 1968 κ.
368 1948 393 1968 τ.
426 1937 451 1974 λ.
498 1936 579 1968 Alia
610 1936 778 1978 quaedam

140 1982 294 2014 eiusdem
317 1982 453 2025 generis
473 1982 606 2014 notavit
621 1983 661 2014 A.
677 1982 778 2014 Mat-

140 2027 273 2059 thiae.
313 2028 371 2059 Gr.
397 2028 426 2067 §-
459 2025 536 2060 432.
567 2026 600 2059 ὃ.
637 2038 670 2070 p.
702 2025 777 2060 972.

139 2072 192 2105 ed.
215 2071 246 2105 3.
295 2072 450 2105 Contulit
478 2071 779 2105 Heindorfius

141 2118 318 2150 Theaetet.
347 2129 380 2160 p.
406 2116 481 2153 190.
506 2118 552 2150 B:
589 2115 609 2161 ἢ
634 2120 710 2156 καί,
744 2116 779 2151 τὸ

143 2161 284 2195 πάντων
318 2161 523 2204 κεφάλαιον,
566 2162 702 2202 σκόπει,
746 2164 784 2196 εἴ

142 2205 213 2240 ποτ’
238 2220 267 2240 κ.
294 2221 319 2241 τ.
343 2210 370 2241 λ.

182 2291 227 2330 ῖΗ
245 2295 323 2341 γὰρ
349 2296 430 2342 ἐγώ
453 2296 539 2342 ἄγω
564 2298 776 2342 ἐνταῦθα]

141 2344 256 2385 Quum
279 2343 332 2379 εἰς
352 2347 488 2376 τοιαῦτα
501 2344 695 2387 praecedat,
718 2356 778 2388 pro

140 2388 296 2421 ἐνταῦθα
334 2389 470 2432 vulgari
500 2390 663 2432 loquendi
699 2401 779 2423 con-

141 2435 320 2467 suetudine
344 2434 527 2467 dicendum
542 2435 650 2468 fuisse
666 2436 780 2469 videa-

139 2484 194 2512 tur
218 2479 393 2513 ἐνταῦθοι.
425 2481 552 2513 Verum
573 2485 687 2514 tamen
710 2493 779 2515 non

139 2529 192 2557 est
235 2526 327 2568 quod
368 2525 435 2559 hoe
478 2536 545 2558 usu
586 2527 780 2560 offendaris.

140 2570 285 2603 Constat
307 2572 400 2604 enim
424 2571 533 2610 ἔνθα,
570 2570 724 2604 ἐνταῦθα
747 2577 782 2605 et

141 2614 273 2648 ἐνθάδε
297 2617 426 2658 passim
449 2617 553 2649 etiam
568 2616 610 2649 de
626 2622 720 2650 motu
744 2619 781 2651 in

139 2661 255 2694 locum
276 2662 445 2704 usurpari.
469 2662 638 2696 Homer.
655 2663 781 2706 Odyss-

143 2705 197 2739 11¹.
221 2718 308 2740 vers.
332 2706 417 2741 204:
451 2706 624 2740 ἐλεύσεται
656 2705 780 2742 ἐνθάδ’

209 2775 282 2801 Plat.
301 2775 374 2808 opp.
390 2770 455 2802 Vol.
474 2776 510 2801 11.
530 2775 604 2802 Sect.
622 2776 646 2802 Ι.

1274 1392 1302 1424 l.
1327 1391 1358 1425 2.
1420 1392 1491 1425 Ste-

848 1570 1047 1607 Ὀδυσσεύς.
1072 1572 1171 1605 Iliad.
1196 1572 1257 1614 IX,
1280 1570 1366 1606 597:
1401 1572 1490 1616 μηδὲ

851 1629 889 1650 σε
914 1614 1048 1658 δαίμων
1070 1618 1227 1651 ἐνταῦθα
1245 1618 1390 1660 τρέψειε.
1414 1620 1488 1651 Xe-

846 1665 967 1708 noph.
1000 1664 1125 1707 Cyrop.
1150 1665 1184 1705 Ι,
1216 1663 1258 1706 4,
1291 1663 1352 1697 16:
1384 1662 1487 1697 ἀκοί-

847 1721 898 1742 ων
912 1709 980 1742 οὐκ
1004 1709 1044 1742 ἐν
1069 1715 1137 1744 τοῖς
1158 1710 1343 1751 μεθορίοις
1361 1714 1430 1744 τοῖς
1455 1721 1489 1742 τε

846 1752 963 1787 αύτων
979 1756 1034 1787 καὶ
1052 1760 1124 1790 τοῖς
1143 1753 1281 1798 ΛΙήδων
1300 1755 1404 1787 πολλὰ
1421 1756 1487 1797 θη-

850 1802 907 1841 ρία
930 1796 1022 1833 εἶπαι
1047 1819 1102 1841 -,
1129 1799 1286 1833 ἐνταῦθα
1309 1799 1487 1843 ἐπεθύμη-

849 1855 911 1878 σεν
935 1845 1107 1887 ἐξελθεῖν.
1142 1846 1229 1878 Ibid.
1252 1846 1336 1887 VII,
1362 1844 1400 1887 1,
1424 1845 1486 1879 34:

847 1890 923 1923 ἐπεὶ
941 1891 1055 1931 μέντοι
1071 1891 1229 1925 ἐνταῦθα
1251 1871 1370 1934 ἦλθον.
1392 1871 1489 1924 ’Ana-

848 1936 1062 1978 bas.1‚10,
1089 1936 1143 1971 13:
1179 1906 1326 1970 ἐπεὶΙδὲ
1349 1937 1405 1970 καὶ
1430 1936 1487 1969 έν-

849 1980 949 2014 ταῦθ’
965 1981 1124 2024 ἐχώρουν
1139 1995 1172 2015 οι
1186 1981 1360 2025 Ἕλλητες.
1374 1982 1486 2015 Plat.

847 2027 1023 2060 Theaetet.
1046 2039 1079 2071 p.
1104 2027 1179 2061 187.
1204 2030 1249 2061 Β.
1283 2027 1404 2072 ἐπειδὴ
1429 2027 1486 2060 ἐν-

848 2074 963 2106 ταῦθα
982 2072 1236 2117 προελήλυθας.
1259 2074 1407 2117 Apolog.
1427 2074 1489 2106 So-

847 2124 931 2151 crat.
954 2129 986 2161 p.
1002 2118 1056 2153 36.
1082 2120 1127 2152 C:
1153 2118 1310 2152 ἐνταῦθα
1332 2119 1398 2159 μὲν
1421 2116 1487 2151 οὐκ

847 2158 902 2207 ᾖα,
927 2164 970 2196 ad
994 2175 1095 2207 quem
1125 2165 1241 2198 locum
1272 2175 1430 2198 caussam
1455 2168 1488 2197 et

846 2210 1014 2242 rationem
1036 2211 1140 2244 huius
1173 2210 1337 2253 loquendi
1359 2211 1488 2244 formae

846 2255 1025 2299 illustrare*
1043 2256 1169 2289 studui.
1192 2257 1332 2289 Menex.
1355 2267 1387 2298 p.
1410 2254 1487 2289 248.

848 2301 893 2333 C:
919 2301 1074 2334 ἐνταῦθα
1098 2300 1159 2334 τὸν
1186 2305 1271 2334 νοῦν
1293 2300 1486 2344 τρέποντες.

848 2347 901 2379 De
925 2348 1007 2389 Rep.
1032 2347 1109 2387 VII,
1133 2345 1210 2380 517.
1235 2347 1280 2380 O:
1308 2346 1344 2379 οἱ
1366 2346 1488 2380 ἐνταῦ-

848 2393 899 2424 θα
923 2390 1099 2426 ἐλθόντες.
1123 2392 1236 2425 Aloib.
1263 2392 1289 2424 Ι.
1306 2403 1339 2435 p.
1355 2391 1484 2426 134.B:

850 2436 1005 2470 ἐνταῦθα
1019 2437 1216 2480 βλέποντες.
1240 2438 1375 2471 Deinde
1390 2435 1412 2470 α’
1427 2451 1445 2470 ν
1455 2437 1486 2470 ε’-

850 2482 868 2515 δ
882 2495 929 2525 ην
953 2481 1060 2516 οὕτω
1095 2483 1278 2526 respondet
1300 2483 1486 2517 formulae:

848 2539 884 2560 80
917 2540 999 2561 sans
1025 2529 1147 2572 sagon.
1216 2529 1334 2562 Altera
1378 2530 1489 2562 forma

849 2571 1021 2616 αἰαι’,δην
1045 2575 1208 2616 quoniam
1231 2585 1342 2617 neque
1366 2574 1408 2607 ab
1434 2573 1487 2606 αι’-

852 2617 920 2653 δώς
951 2630 1062 2661 neque
1092 2619 1135 2652 ab
1168 2619 1350 2652 αἰδεῖσθαι
1383 2620 1489 2651 salvis

849 2664 1030 2707 analogiae
1053 2664 1190 2708 legibus
1205 2665 1354 2698 derivari
1369 2665 1489 2708 potuit,

849 2711 978 2752 ubique
1001 2710 1256 2754 proscribenda.

1181 2777 1222 2812 16

1522 933 1605 975 495
