1696 3008
554 143 624 178 AD
653 142 1086 181 PROTAGORAM.
1510 139 1538 181 3

119 255 353 297 Aeschinem
363 254 408 306 6),
430 253 493 295 alii
514 254 608 295 alios
629 254 822 320 sophistas
845 252 1201 307 nominaverunt'l).
1231 253 1314 295 Nec
1336 259 1466 294 tamen
1493 267 1538 294 ea

118 314 218 353 ratio
246 312 518 365 philosophiae
542 313 702 377 propria
731 311 814 358 fuit,
845 312 913 351 sed
943 312 991 351 ad
1020 311 1113 351 alias
1138 312 1237 351 vitae
1266 317 1398 364 partes
1417 312 1538 363 perti-

119 372 224 416 nuit,
262 370 367 439 quod
400 370 620 421 perspicuis
648 368 778 409 verbis
808 369 982 420 prodidit
1010 369 1203 409 Isocrates
1233 381 1299 408 or.
1320 368 1399 408 XV.
1434 371 1537 412 235.

120 424 281 467 Σόλων
298 423 396 479 μέν,
418 428 555 479 inquit,
574 439 665 466 των
693 422 801 466 ἑπτὰ
833 426 1063 478 σοφιστῶν
1085 423 1255 479 ἐκλήθη
1277 422 1353 466 καὶ
1373 422 1541 478 ταύτην

119 483 219 537 ἔσχε
246 480 333 554 τήν
360 480 622 552 ἐπωνυμίαν
650 479 734 536 τὴν
762 482 849 523 νῦν
879 480 1202 536 ἀτιμαζομένην
1232 481 1307 523 καὶ
1337 479 1540 536 κρινομέ-

119 555 206 594 νην
226 537 333 595 παρ’
355 536 476 594 ὑμῖν.
512 541 635 588 Quam
659 540 823 580 eandem
845 553 929 580 rem
950 540 1089 580 fortius
1111 541 1225 581 etiam
1247 553 1310 580 sc1
1312 542 1416 592 iptor
1437 539 1539 586 libri,

120 600 188 650 qui
213 603 272 639 est
290 599 339 639 de
360 599 564 639 venatione
591 599 736 650 quique
766 599 807 637 in
831 598 1128 649 Xenophonteis
1156 597 1271 650 vulgo
1292 603 1538 642 numeratur,

118 655 180 695 his
210 655 338 696 verbis
377 656 559 708 exprimit
596 667 646 709 ο.ρ
660 659 725 700 13,
742 657 800 699 *82
855 650 1078 708 σοφιστὴν
1108 655 1336 708 κληθῆναι
1366 650 1541 702 ὄνειδός

120 709 213 752 ἐστι
243 710 364 766 παρά
393 725 444 765 γε
474 717 566 759 τοῖς
596 709 647 751 εὐ
678 711 915 765 φρονοῦσι.
977 712 1061 751 Hoc
1091 717 1222 752 autem
1251 718 1421 764 utroque
1453 712 1541 752 loco

116 768 180 810 illa
202 770 380 810 vocabuli
401 769 597 822 sophistae
613 770 842 820 significatio
863 769 1072 809 scribentis
1093 770 1222 809 animo
1245 769 1453 809 obversata
1470 774 1540 814 est,

119 839 218 879 quae
244 828 348 879 apud
367 828 512 867 Atticos
534 825 650 878 longe
680 832 764 866 erat
779 827 1041 872 usitatissima,
1065 828 1210 879 quippe
1229 828 1295 879 qui
1311 826 1540 878 sophistam,

119 885 187 935 qui
205 884 364 937 quidem
381 897 426 924 eo
443 885 604 924 nomine
626 884 779 935 dignus
790 889 904 930 esset,
921 883 1144 923 liberalium
1165 885 1307 923 artium
1330 888 1367 924 et
1388 884 1543 923 virtutis

119 942 350 993 magistrum
371 940 647 993 intelligerent.
675 942 886 981 Verissime
908 942 1012 981 enim
1029 940 1259 981 scholiastes
1280 941 1326 981 ad
1339 940 1541 992 Aristoph.

117 998 239 1039 nubb.
261 1012 295 1039 v.
319 1002 398 1043 331
423 998 524 1038 hanc
553 1010 688 1038 vocem
712 999 864 1065 interpi
868 1003 995 1038 etatu1
1026 1010 1148 1050 quum
1177 998 1287 1038 dicit:
1328 993 1546 1051 σοφιστας

118 1051 221 1103 τούς
257 1053 558 1103 (διδασκάλους
587 1052 683 1094 νόει
713 1069 772 1102 ως
802 1051 906 1102 τοὺς
937 1051 1104 1102 ἄλλους
1134 1054 1413 1107 σοφίζοντας,
1440 1054 1542 1094 conf.

119 1112 225 1153 Suid.
244 1125 274 1154 s.
298 1126 331 1153 v.
354 1113 481 1165 Atque
502 1112 619 1152 huius
641 1113 787 1152 activae
812 1124 913 1163 quae
936 1112 1078 1152 dicitur
1096 1112 1391 1163 significationis
1407 1116 1545 1152 auctor

119 1170 193 1210 fuit
214 1170 451 1221 Protagoras
471 1168 690 1214 Abderites,
723 1172 876 1208 summa
898 1170 956 1208 vir
982 1170 1131 1220 ingenii
1153 1168 1336 1209 facilitate
1354 1174 1392 1210 et
1413 1170 1543 1221 singu-

118 1225 191 1266 lari
213 1227 415 1266 doctrinae
441 1227 565 1278 copia,
603 1227 670 1278 qui
698 1239 799 1278 quae
828 1231 895 1266 aut
923 1227 1007 1278 ipse
1030 1225 1226 1266 subtiliter
1256 1228 1545 1278 excogitaverat

120 1289 187 1324 aut
223 1283 272 1323 ab
305 1283 388 1324 aliis
415 1289 521 1323 recte
552 1284 706 1323 inventa
736 1295 822 1323 esse
848 1283 1019 1328 viderat,
1051 1296 1095 1323 ea
1117 1283 1166 1323 ad
1194 1283 1400 1324 hominum
1425 1285 1544 1324 ratio-

119 1353 189 1381 nes
221 1353 266 1381 ac
284 1351 535 1381 communem
562 1339 860 1391 intelligentiam
882 1340 1186 1381 accommodare
1207 1341 1246 1380 in
1279 1341 1453 1381 animum
1482 1342 1542 1380 in-

120 1396 337 1451 duxerats).

232 1455 366 1508 Itaque
386 1467 508 1507 quum
530 1454 689 1507 quidem
717 1453 782 1493 ille
804 1454 1057 1494 humanitatis
1080 1460 1119 1494 et
1139 1455 1292 1494 virtutis
1313 1456 1544 1507 magistrum

119 1525 162 1554 se
182 1512 458 1565 profitebatur,
491 1511 532 1550 id
553 1510 755 1562 disciplina
786 1523 828 1551 se
861 1510 1122 1562 pollicebatur
1159 1512 1403 1558 effecturum,
1427 1518 1469 1552 ut
1503 1526 1544 1552 ο-

118 1581 243 1615 mnes,
266 1570 334 1622 qui
353 1568 428 1609 sibi
449 1580 611 1620 operam
633 1568 783 1614 darent,
804 1567 962 1607 illorum
984 1568 1188 1608 hominum
1208 1570 1341 1614 instar,
1365 1571 1431 1622 qui
1453 1569 1544 1609 olim

118 1627 316 1680 sophistae
336 1626 428 1666 dicti
448 1632 572 1672 erant,
594 1626 805 1677 sapientiae
825 1624 940 1665 laude
960 1625 1160 1665 florerent.
1221 1625 1316 1672 Quis
1336 1632 1396 1666 est
1416 1632 1544 1667 autem

120 1685 215 1736 quin
243 1688 381 1736 sponte
407 1683 534 1723 videat
567 1682 671 1722 hanc
708 1683 781 1721 viri
810 1682 1097 1734 professionem
1134 1688 1286 1724 mentes
1316 1684 1544 1736 animosque

118 1741 324 1781 hominum
359 1752 405 1780 eo
431 1739 701 1780 vehementius
728 1738 946 1791 percellere
967 1739 1167 1785 debuisse,
1198 1753 1276 1792 quo
1298 1742 1422 1791 magis
1441 1742 1545 1780 inter

120 1798 376 1838 Athenienses
395 1796 470 1836 illis
497 1795 743 1849 temporibus
770 1796 960 1846 regnabat
988 1795 1239 1848 publicorum
1256 1798 1454 1837 honorum
1477 1811 1545 1838 cu-

120 1855 261 1907 piditas
290 1853 470 1906 malaque
498 1852 686 1893 ambitio?
725 1853 920 1893 Nimirum
951 1854 1003 1892 ita
1032 1866 1158 1905 paene
1188 1856 1419 1895 necessitate
1448 1867 1544 1908 qua-

121 1912 211 1952 dam
231 1912 377 1952 factum
399 1915 468 1956 est,
492 1910 596 1962 quod
616 1910 762 1950 factum
783 1922 868 1950 esse
895 1911 1093 1956 novimus,
1123 1915 1166 1950 ut
1186 1910 1270 1952 fere
1289 1911 1420 1952 nullus
1442 1918 1549 1952 esset

119 1969 247 2009 laudis
268 1968 446 2020 cupidior
466 1966 712 2013 adolescens,
745 1968 839 2019 quin
860 1980 903 2007 se
922 1967 990 2006 tali
1010 1967 1214 2019 disciplina
1244 1974 1282 2008 et
1301 1969 1544 2010 institut-ione

120 2026 199 2066 frui
226 2037 344 2078 quam
371 2025 540 2065 maxime
567 2023 694 2064 vellet.
761 2024 817 2064 Ac
848 2029 953 2064 tanto
994 2024 1263 2065 vehementius
1292 2025 1391 2066 haec
1419 2027 1545 2066 studia

119 2082 382 2134 plurimorum
410 2082 613 2121 hominum
642 2081 807 2121 excitata
835 2086 944 2127 sunt,
983 2082 1087 2134 quod
1117 2082 1354 2133 Protagoras
1383 2083 1545 2124 consilio

120 2140 424 2192 prudentissimo
454 2151 544 2180 cum
572 2139 813 2178 institutione
855 2139 903 2178 ad
939 2139 1121 2179 virtutem
1151 2140 1417 2192 coniungebat
1452 2142 1546 2181 artis

195 2298 244 2352 6)
269 2298 418 2333 Aristid
436 2298 509 2333 vol
528 2298 595 2331 ΠΙ.
615 2309 648 2340 p.
668 2299 733 2331 517
749 2296 821 2339 (ed.
839 2297 1009 2331 Dindorf.
1028 2298 1100 2332 vol.
1110 2299 1157 2331 II.
1175 2309 1209 2342 p.
1218 2298 1318 2340 407):
1337 2310 1382 2332 ου
1400 2299 1545 2340 Λυσίας

119 2340 307 2379 Πλάτωνα
339 2338 529 2387 σοφιστὴν
567 2344 680 2376 καλεῖ
714 2341 781 2376 καὶ
814 2338 933 2377 πάλιν
970 2340 1180 2388 Αἰσχίνην;
1212 2355 1247 2380 ν
1279 2345 1413 2381 Athen.
1443 2347 1543 2380 XIII.

117 2403 153 2436 P
171 2392 352 2479 61’szon
369 2434 511 2476 dubito,
535 2435 623 2476 quin
650 2436 725 2467 iam
740 2434 930 2477 Diogenes
947 2434 1203 2476 Apolloniates
1228 2435 1464 2470 adversarios
1482 2448 1544 2470 ea-

120 2481 201 2515 dem
218 2482 262 2515 de
280 2491 394 2516 causa
410 2460 596 2522 sophistas
614 2479 876 2523 appellaverit,
893 2490 927 2514 v.
946 2480 1102 2512 Brandis
1119 2480 1260 2516 Histor.
1276 2481 1415 2519 Philos.
1434 2483 1496 2516 Gr.
1514 2483 1544 2515 I.

119 2539 155 2571 p
150 2529 252 2626 2786)
270 2571 370 2607 Plat.
387 2572 537 2622 Protag
547 2581 582 2613 p.
592 2570 714 2603 349A:
732 2565 778 2603 σὺ
795 2567 852 2613 δέ,
871 2560 899 2603 ὠ
917 2565 1165 2614 Πρωταγόρα,
1183 2566 1417 2628 ἀναφανδὸν
1434 2582 1545 2606 σεαυ-

121 2613 189 2659 τὸν
204 2611 541 2673 υποκηρυξοὶμενος
560 2596 1082 2694 εἰςδέτέἔεῗςῖοχῖςαΕέτληνέῗδ
1092 2613 1279 2706 σέφιῗτὴν
1291 2613 1544 2671 ἐπονομάσας,

120 2671 798 2766 ἶῑοῗυῖιοιῖὲἕῗνεξιγιξῖιοὲιςῖοῖἒαέρνυσθῖιι.
829 2673 918 2741 ibig.
943 2673 1125 2749 ἔς317103ιε
1133 2659 1546 2753 κέμὲἴογῑρᾱὲξξιέξές

124 2750 224 2788 εἶναι
239 2752 307 2788 καὶ
322 2748 526 2788 παιδεύειν
542 2745 783 2795 ἀνθρώπους.
831 2753 887 2785 De
904 2753 984 2785 vita
1002 2755 1039 2784 et
1050 2752 1286 2797 philosophia
1298 2755 1407 2787 huius
1423 2755 1546 2798 sophi-

122 2803 204 2833 stae
222 2800 472 2843 copiosissime
487 2800 641 2841 egerunt
656 2797 763 2832 Joan.
778 2798 868 2830 Frei
886 2798 1130 2839 quaestiones
1146 2801 1395 2842 Protagoreae
1413 2800 1544 2842 (Bonn.

124 2844 306 2934 {35}ssss
317 2845 435 2933 3ξὸεέιέὶό
464 2844 635 2886 Vitringa
661 2843 884 2886 Disquisitio
915 2843 960 2875 de
988 2843 1213 2888 Protagorae
1241 2847 1308 2880 vit
1339 2848 1376 2879 et
1407 2846 1543 2889 philos.

1218 2948 1274 2988 1*
