1702 2924
497 183 741 226 GORGIAS.
770 184 814 223 P.
846 185 940 222 485.
971 183 1030 221 ed.
1061 182 1117 221 st.

1404 179 1485 218 207

132 294 361 349 ἐλεύθερόν
387 309 482 337 τινα
509 290 618 336 εἶναι
644 297 802 336 τοῦτον
842 289 920 334 τὸν
946 293 1211 343 ἄνθρωπον,
1250 287 1328 331 τὸν
1356 287 1401 331 δὲ
1428 288 1486 343 μὴ

131 365 458 414 φιλοσοφοῦντα
486 359 772 414 ἀνελεύθερον
815 357 887 401 καὶ
916 356 1119 399 οὐδέποτε
1148 352 1326 404 οὐδενὸς
1366 354 1486 406 ἀξιώ-

133 437 265 470 σοντα
302 422 459 469 ἑαυτὸν
497 428 593 468 οὔτε
642 427 776 467 καλοῦ
827 426 925 466 οὔτε
974 422 1178 477 γενναίου
1219 421 1487 476 πράγματος·

133 489 238 534 ὅταν
278 491 323 535 δὲ
357 490 409 546 δὴ
437 491 726 545 πρεσβύτερον
754 489 832 530 ἰ’δω
874 486 933 530 ἔτι
972 491 1302 542 φιλοσοφοῦντα
1328 485 1401 529 καὶ
1429 484 1486 540 μὴ

133 558 518 611 άπαλλαττόμενον,
546 558 722 610 πληγῶν
749 570 822 609 μοι
847 554 968 597 δοκεῖ
993 554 1073 608 ἤδη
1102 553 1272 595 δεῖσθαι
1288 586 1298 603 ,
1330 547 1364 594 ὦ
1393 552 1485 594 Σώ-

133 638 302 675 κρατες,
342 615 468 671 οὗτος
498 621 522 663 ὁ
550 621 672 675 άνήρ.
715 618 739 662 ὃ
766 619 850 674 γὰρ
888 626 972 662 νῦν
1011 618 1063 673 δὴ
1102 616 1269 672 ἔλεγον,
1309 618 1487 671 ὑπάρχει

131 689 272 744 τούτῳ
299 692 357 740 τῷ
382 687 623 741 ἀνθρώπῳ,
652 686 734 728 κᾶν
761 687 878 728 πάνυ
907 685 1073 739 εὐφυὴς
1100 681 1128 738 ᾗ
1144 717 1155 734 ,
1193 683 1394 736 άνάνδρῳ
1421 697 1486 736 γε-

133 753 286 796 νέσθαι
315 754 521 806 φεύγοντι
554 751 605 793 τὰ
641 749 750 806 μέσα
789 757 863 806 τῆς
890 751 1052 799 πόλεως
1090 749 1161 792 καὶ
1199 749 1274 798 τὰς
1311 748 1486 802 άγοράς,

134 817 181 861 ἐν
209 814 276 867 αἶς
304 816 386 873 ἔφη
416 818 440 860 ὁ
468 815 645 872 ποιητὴς
671 817 773 866 τοὺς
797 817 958 871 ἄνδρας
975 816 1220 870 άριπρεπεῖς
1247 814 1488 868 γίγνεσθαι,

134 884 439 926 καταδεδυκότι
467 882 512 925 δὲ
539 879 617 924 τὸν
643 881 798 924 λοιπὸν
827 883 924 936 βίον
949 884 1102 936 βιῶναι
1129 880 1232 935 μετὰ
1256 879 1489 933 μειρακίων

135 948 182 991 ἐν
208 950 343 1006 γωνίᾳ
370 951 500 1002 τριῶν
527 947 554 1002 ἢ
591 949 803 1002 τεττάρων
838 948 1148 1000 ψιθυρίζοντα,
1186 946 1416 998 ἐλεύθερον
1444 943 1489 985 δὲ
1519 953 1558 995 Ε

133 1013 203 1056 καὶ
231 1013 339 1069 μέγα
366 1014 436 1056 καὶ
466 1011 618 1056 ἱκανὸν
645 1012 853 1068 μηδέποτε
882 1010 1170 1068 φθέγξασθαι.

781 1075 892 1132 πρὸς
946 1079 990 1120 σὲ
1047 1078 1238 1128 ἐπιεικῶς
1288 1077 1368 1133 ἔχω
1421 1093 1487 1132 φι-

133 1079 216 1132 ἐγὼ
256 1079 325 1131 δέ,
384 1074 418 1121 ὦ
472 1079 721 1134 Σώκρατες,

1226 1011 1333 1070 cap.
1363 1011 1487 1055 XLI.

136 1238 312 1273 Heindorf.
337 1238 470 1270 mavult
495 1235 673 1276 νεανικόν,
708 1241 747 1270 ut
778 1236 884 1269 edidit
914 1237 1031 1271 Herm.
1080 1238 1162 1269 Post
1186 1235 1355 1279 μηδέποτε
1378 1235 1488 1268 Heus-

135 1283 213 1316 dius
236 1283 448 1316 inferendum
476 1287 590 1316 censet
613 1281 732 1325 μηδὲν.
779 1283 945 1316 Neutrum
971 1293 1075 1325 opus3
1100 1293 1132 1316 v,
1158 1292 1236 1316 ann.

207 1327 406 1363 ἐπιεικῶς
432 1329 509 1370 ἔχω
538 1327 735 1371 φιλικῶς]
785 1328 825 1363 V.
860 1328 922 1369 ἔχω
954 1329 1009 1360 καὶ
1043 1329 1182 1368 φιλικῶς
1219 1330 1354 1370 praeter
1389 1326 1485 1360 codd.

134 1373 247 1409 fidem.

134 1508 270 1551 pliciter
309 1506 370 1541 τὸν
413 1506 560 1551 ποιητὴν
603 1508 775 1540 nominari

135 1554 254 1589 solere.
301 1548 496 1610 Respicitur
522 1553 566 1586 ad
589 1553 688 1588 Iliad.
713 1554 773 1586 IX.

135 1610 167 1632 v.
197 1597 282 1632 441:
321 1596 396 1631 οὐδ’
433 1597 611 1642 ἀγορέων,
651 1600 708 1631 ῖία
749 1596 772 1631 τ’

135 1643 264 1686 ἄνδρες
286 1641 496 1687 ἀριπρεπέες
519 1645 709 1677 τελέθουσι.

183 1688 501 1723 καταδεδυκότι
525 1690 571 1722 δὲ
596 1688 672 1722 τὸν
693 1691 773 1722 λοι-

138 1733 222 1768 πόν
227 1735 279 1823 Ρ.β
305 1735 354 1778 β.]
381 1735 544 1769 Similiter
567 1735 609 1768 de
629 1734 774 1790 Republ.

251 1779 359 1815 ,579.
385 1782 432 1813 Β.
464 1778 704 1815 καταδεδυκώς
736 1780 776 1813 δὲ

138 1824 178 1857 ἐν
208 1829 246 1868 τῇ
276 1825 370 1869 οἰκίᾳ
400 1824 439 1858 τὰ
471 1825 577 1858 πολλὰ
608 1838 655 1861 ως
685 1825 775 1869 γυνὴ

138 1872 190 1913 ζῇ.
257 1871 310 1902 De
348 1872 516 1904 sententia
552 1872 666 1904 conf.
682 1872 776 1913 Epi—

138 1919 236 1948 etet.
262 1916 407 1948 Dissert.
430 1917 465 1956 Ι,
488 1914 542 1948 29.
567 1927 599 1959 Ρ.
625 1915 706 1949 161:
733 1914 775 1948 ού

138 1960 252 1995 θέλεις
283 1958 321 1993 τὰ
352 1961 417 2000 μὲν
438 1959 591 2016 λογάρια
621 1960 659 1994 τὰ
695 1961 776 2003 περὶ

139 2005 272 2038 τούτων
294 2003 414 2041 ἄλλοις
427 2004 587 2047 ἀφεῖναι,
612 2005 776 2039 ταλαιπώ-

140 2063 213 2093 ροις
237 2048 518 2094 α’,νθρωπαρίοις
544 2049 587 2084 ἵν’
606 2051 648 2084 ἐν
664 2054 776 2106 γωνίᾳ

137 2109 179 2129 κα
181 2097 370 2138 θεζόμενοι
383 2097 552 2139 μισθάρια
563 2096 774 2152 λαμβάνωσι.

139 2140 340 2181 1d.11,13.
371 2141 512 2185 p.:240
546 2142 598 2177 εἰς
622 2140 684 2186 τὴν
707 2155 773 2187 γω-

143 2189 221 2219 νίαν
243 2153 411 2221 ἀπελθὼν
428 2186 500 2221 κάθ·
526 2198 578 2227 σο,
603 2189 658 2221 καὶ
677 2189 776 2222 πλέκε

141 2231 399 2275 συλλογισμούς,
425 2234 480 2266 καὶ
499 2234 587 2277 αλλῳ
604 2232 776 2276 πρότεινε,

139 2277 365 2310 Plutarch.
410 2279 465 2311 De
493 2279 775 2334 Philosophando

140 2333 168 2355 c.
194 2322 461 2377 Principibusp
463 2322 562 2358 ..777
586 2325 628 2357 B:
657 2322 695 2357 τὰ
718 2325 775 2364 με’-

140 2378 183 2399 σα
221 2379 290 2400 των
327 2335 463 2400 πόλεων
502 2366 778 2411 ἀποδιδράσκειν

138 2411 370 2454 βουλόμενος,
406 2412 447 2445 ἐν
470 2416 581 2458 γωνίᾳ
605 2415 670 2448 τινὶ
695 2413 774 2449 καθ’

137 2455 286 2501 ἡσυχίαν
322 2456 486 2492 ἀναλύων
531 2460 776 2504 συλλογισμοὺς

138 2504 194 2536 καὶ
209 2503 288 2556 περὶ
306 2502 452 2547 ἐλέγχων
469 2505 687 2546 φιλοσοφῶν.
701 2507 776 2539 Da-

138 2549 328 2581 mascius
352 2549 444 2592 apud
468 2549 563 2582 Suid.
584 2561 610 2582 s.
625 2561 658 2583 v·
687 2549 775 2584 Οὐλ-

138 2592 262 2628 πιανός
285 2597 318 2626 et
341 2594 433 2637 apud
445 2595 652 2638 Photiump.
670 2595 774 2629 1072·

140 2641 326 2693 τοιγαροῦν
355 2639 393 2671 οἱ
415 2638 456 2672 ἐν
479 2642 591 2683 γωνίᾳ
621 2639 774 2684 καθήμε-

143 2695 196 2716 νοι
232 2682 346 2738 λόγιοι
395 2685 450 2717 καὶ
501 2686 775 2726 φιλοσοφοῦντες

140 2726 244 2761 πολλὰ
267 2728 354 2768 μάλα
379 2734 513 2770 σεμιιῦς
539 2731 620 2773 περὶ
646 2730 775 2764 δικαιο-

845 1506 954 1550 σύνηε·
979 1508 1035 1540 καὶ
1055 1506 1292 1550 σωφροσύνης
1308 1507 1488 1550 ἐκβαίνειν

843 1554 899 1586 ἐπὶ
935 1551 992 1588 τὰς
1032 1552 1174 1595 πράξεις
1210 1551 1487 1596 ἀναγκαζόμειοι

842 1596 1117 1641 ἅσχημονοῦσιι·
1158 1597 1205 1633 ὥς
1243 1597 1331 1634 ἅπας
1373 1597 1485 1642 λόγος,

843 1642 888 1676 ἂι
911 1642 981 1687 απῇ
1006 1642 1043 1677 τὰ
1068 1644 1162 1697 ἔργα,
1188 1642 1333 1684 μάταιόν
1359 1656 1386 1676 τι
1408 1646 1487 1685 φαί-

843 1701 934 1722 νεται
958 1690 1013 1722 καὶ
1040 1689 1155 1722 κενόν.
1193 1690 1289 1731 Quae
1313 1690 1487 1732 congessit

843 1735 1147 1777 Wyttenbach.
1166 1735 1331 1768 Biblioth.
1355 1735 1426 1767 crit.
1445 1735 1484 1767 Τ.

844 1781 968 1824 ΧΠ.Ρ
946 1792 980 1824 Ρ.
1005 1779 1024 1814 7
1049 1792 1118 1823 seq.
1173 1780 1342 1813 Addimus
1371 1780 1487 1812 locum

844 1826 1027 1858 Libanii
1051 1826 1199 1868 Apolog.
1224 1826 1354 1859 Socrat.
1369 1826 1409 1858 T.
1423 1825 1485 1857 ΙΙΙ.

844 1882 876 1913 Ρ.
903 1869 956 1904 13.
983 1871 1200 1903 emendatum
1224 1881 1245 1903 a.
1275 1870 1486 1903 Iacobsio

845 1918 881 1948 in
892 1916 1122 1949 Additament.
1132 1916 1305 1951 animadv.
1314 1917 1350 1948 in
1361 1916 1486 1948 Athen.

910 1960 963 1994 53.
1004 1966 1038 1994 et
1068 1962 1163 1994 Actis
1195 1961 1360 2004 philolog.
1391 1962 1486 1994 Mon.

847 2008 944 2040 Τ.οω
969 2006 1011 2039 ΙΙ.
1038 2007 1136 2039 Fasc.
1160 2007 1222 2039 ΙΙΙ.
1254 2019 1286 2050 Ρ.
1311 2006 1399 2040 445:
1430 2007 1486 2039 καὶ

843 2050 909 2096 γὰρ
943 2050 984 2084 οὐ
1017 2064 1062 2094 τῳ
1092 2064 1131 2096 γε
1164 2052 1265 2087 ἔσται
1288 2050 1486 2094 άναχωρεῖι

847 2109 919 2138 σοι,
950 2095 999 2130 ὅτι
1022 2097 1092 2140 αρα
1126 2092 1226 2131 οὗτος
1261 2095 1410 2132 καταδὺς
1433 2097 1487 2131 εἰς

846 2145 982 2186 γωνίαν
1021 2143 1075 2176 καὶ
1116 2141 1233 2184 θύρας
1273 2142 1412 2177 ἐπιθεὶς
1443 2162 1486 2167 —

845 2187 995 2231 ὕστερον
1012 2188 1051 2222 δὲ
1066 2197 1118 2222 εις
1146 2192 1221 2229 φῶς
1238 2187 1361 2222 ἐλθεῖν
1387 2188 1486 2221 συνέ-

844 2235 890 2277 βη
915 2246 944 2267 κ.
970 2246 994 2266 τ.
1020 2236 1046 2266 λ.
1095 2234 1309 2266 Themist.
1336 2234 1431 2267 Orat.
1457 2235 1483 2266 Ι.

843 2290 874 2322 p.
905 2278 959 2312 36.
999 2284 1033 2312 et
1066 2280 1161 2312 Orat.
1192 2280 1304 2312 XXII.
1344 2290 1376 2322 p.
1409 2278 1485 2313 324.

844 2324 896 2357 ed.
920 2325 1024 2357 Dind.
1055 2325 1132 2358 Cic
1144 2335 1257 2357 eron.
1304 2326 1358 2357 De
1391 2325 1485 2358 Orat.

844 2371 878 2410 Ι,
911 2368 971 2410 13,
1005 2368 1059 2403 57.
1101 2370 1200 2402 Conf.
1233 2369 1412 2403 Gellius
1444 2371 1487 2404 N.

845 2415 886 2448 A.
911 2416 962 2456 X,
986 2414 1060 2456 22„
1093 2416 1152 2457 qui
1176 2415 1218 2448 de
1241 2415 1307 2448 hoc
1329 2415 1408 2448 loco
1432 2426 1488 2447 00-

844 2462 940 2503 piose
964 2460 1124 2501 disserit,
1148 2464 1182 2492 et
1205 2460 1369 2494 Iacobs.
1393 2461 1487 2493 Nott.

845 2507 916 2539 crit.
941 2505 986 2539 ad
1009 2505 1197 2547 Antholog.
1227 2517 1259 2549 p.
1280 2504 1358 2540 896.
1382 2506 1487 2539 Dein-

844 2551 886 2584 de
923 2551 1222 2583 Heindorfius
1258 2562 1321 2594 pro
1362 2551 1488 2584 ἱκανὸν

843 2596 1064 2629 scribendum
1079 2600 1195 2629 censet
1211 2596 1384 2636 νεανικόν,
1409 2607 1487 2630 ma-

843 2642 1072 2684 gnificum.
1143 2641 1306 2675 Coraes
1352 2642 1488 2676 mavult

844 2685 960 2720 καλόν.
985 2686 1053 2719 Sed
1068 2697 1188 2719 verum
1211 2686 1347 2726 ἱκανόν,
1373 2687 1485 2729 quod

843 2733 986 2765 alicui
1011 2733 1284 2766 satisfaciat.
1316 2734 1400 2765 Post
1423 2744 1485 2775 μη-
