1702 2924
247 198 264 233 1
273 199 323 233 52
786 195 1046 234 PLATONIS

242 301 419 355 μεταξύ;
472 301 613 342 Ima.
663 299 725 342 Τὰ
761 302 914 355 μεταξὺ
953 302 1092 355 δήπου
1119 303 1206 343 τῶν
1232 301 1422 355 ἀγαθῶν.
1485 303 1580 343 ΣΩ.

178 366 215 408 Β
254 366 312 408 Τὸ
340 365 509 418 άγαθὸν
536 367 619 416 ἄρα
647 365 871 414 διώκοντες
897 365 967 408 καὶ
996 366 1235 419 βαδίζομεν,
1276 362 1380 407 ὅταν
1406 366 1580 418 βαδίζω·

244 444 344 483 μεν,
381 428 569 480 οἰόμενοι
605 426 771 481 βέλτιον
809 425 944 478 εἶναι,
984 429 1057 471 καὶ
1091 431 1139 471 τὸ
1169 428 1364 472 ἐναντίον
1392 429 1582 484 ἕσταμεν,

246 489 351 535 ὅταν
392 491 601 543 ἑστῶμεν,
641 499 720 535 τοῦ
759 494 892 536 αὐτοῦ
930 494 1076 544 ἕνεκα,
1117 497 1196 535 τοῦ
1234 494 1416 547 άγαθοῦ.
1454 494 1481 547 ἢ
1508 496 1581 544 οῦς

248 559 390 599 ΠΩΛ.
440 557 541 598 Ναί.
607 558 702 598 ΣΩ.
759 558 932 599 Οὐκοῦν
967 557 1038 600 καὶ
1066 549 1403 612 άποκτίννυμεν,
1443 558 1483 600 εἴ
1505 556 1581 600 τιν’

247 621 574 674 άποκτίννυμεν,
601 620 672 662 καὶ
691 620 948 676 ἐκβάλλομεν
967 622 1037 664 καὶ
1057 614 1358 676 ἀφαιρούμεθα
1379 624 1579 677 χρήματα,

247 686 435 740 οἰόμενοι
471 687 648 739 ἄμεινον
675 682 783 727 εἶναι
810 687 913 741 ἡμῖν
939 693 1071 728 ταῦτα
1097 689 1235 727 ποιεῖν
1262 686 1289 740 ἢ
1316 688 1397 741 μής
1440 688 1582 728 ΠῼΛ.

249 751 377 791 Πάνυ
403 763 464 802 γε.
520 751 616 790 ΣΩ.
651 746 799 792 ”Ενεκ’
835 753 919 802 ἄρα
952 757 1030 792 τοῦ
1057 751 1228 803 άγαθοῦ
1255 750 1422 793 ἅπαντα
1447 755 1581 793 ταῦτα

246 820 444 856 ποιοῦσιν
472 813 515 854 οἱ
539 817 777 863 ποιοῦντες.
833 816 975 855 ΠΩΛ.
1021 816 1145 868 Φημί.

333 878 437 937 Cap.
469 878 638 921 XXIV.
697 881 794 920 ΣΩ.
827 879 1002 920 Οὐκοῦν
1030 878 1374 933 ὡμολογήσαμεν,
1405 879 1431 919 ἃ
1458 878 1581 920 ἕνεκά

181 943 217 987 C
245 960 324 987 του
344 950 564 997 ποιοῦμεν
592 944 649 997 μὴ
673 943 811 986 ἐκεῖνα
829 944 1075 996 βούλεσθαι,
1104 937 1189 984 ἀλλ’
1213 941 1357 992 ἐκεῖνο,
1387 936 1440 984 οὗ
1460 941 1583 984 ἕνεκα

245 1015 377 1051 ταῦτα
399 1014 624 1062 ποιοῦμεν;
664 1010 806 1049 ΠῼΛ.
835 1008 1045 1049 Μάλιστα.
1102 1008 1199 1048 ΣΩ.
1233 1007 1325 1048 Οὐκ
1342 1009 1425 1060 ἄρα
1452 1007 1581 1060 σφάτ-

245 1087 332 1114 τειν
369 1072 637 1125 βουλόμεθα,
676 1072 766 1114 οὐδ’
807 1070 1022 1124 ἐκβάλλειν
1061 1070 1106 1112 ἐκ
1142 1073 1229 1113 τῶν
1255 1072 1442 1121 πόλεων,
1483 1072 1581 1113 οὐδὲ

245 1138 435 1191 χρήματα
462 1136 737 1189 ἀφαιρεῖσθαι
765 1135 907 1184 ἅπλῶς
935 1135 1090 1186 οὕτως,
1129 1135 1231 1186 ἀλλ’,
1271 1134 1345 1177 ἐὰν
1371 1135 1448 1189 μὲν
1475 1134 1581 1188 ὠφέ-

312 1274 350 1306 P.
374 1272 450 1307 468.
497 1273 536 1306 Β.
582 1274 626 1305 εἴ
647 1271 720 1306 τιν’
747 1271 911 1317 duent-J
943 1273 1021 1306 Bas.
1045 1271 1077 1306 2.
1109 1271 1191 1306 ὅταν
1225 1270 1283 1305 τιν’
1314 1270 1581 1313 ἀποκτίνιυμιεν

246 1318 337 1361 quod
367 1322 497 1350 mutato
529 1322 671 1350 accentu
704 1319 890 1361 probarunt
918 1317 1097 1350 Matthiae.
1128 1318 1187 1350 Gr.
1217 1317 1294 1351 Vol.
1327 1319 1351 1350 1.
1382 1316 1510 1361 p.390.
1550 1322 1584 1351 et

245 1365 491 1396 Buttmann.
523 1362 599 1395 Vol.
625 1363 651 1394 Ι.
685 1373 717 1405 p.
741 1361 817 1396 540.
849 1362 901 1395 ed.
927 1362 957 1394 1.
982 1373 1060 1394 ann.
1107 1363 1221 1394 Etiam
1244 1363 1319 1395 Par.
1346 1363 1372 1394 Ι.
1382 1329 1487 1394 plima
1511 1362 1582 1395 md

247 1405 535 1446 ἀποκτιννύωμεν.
574 1407 618 1439 Et
633 1417 714 1439 sane
732 1406 816 1439 ὅταν
841 1404 899 1439 τιν’
925 1404 1178 1445 duonum-vasu
1201 1406 1416 1439 scribendum
1439 1407 1582 1448 videtur,

248 1451 522 1494 quandoquidem
557 1449 639 1484 ὅταν
667 1452 700 1483 in
734 1451 860 1484 talibus
890 1451 1054 1483 usitatum
1077 1456 1144 1491 est,
1176 1462 1245 1484 non
1268 1452 1348 1483 item
1372 1451 1415 1483 εἰ.
1440 1462 1471 1484 v.
1496 1462 1582 1494 quae

249 1496 402 1529 dedimus
431 1495 475 1527 ad
505 1495 636 1528 Phileb.
669 1506 702 1538 p.
724 1495 778 1528 31.
803 1497 841 1527 Β.
871 1496 986 1537 Euthy
987 1496 1060 1538 p.hr
1084 1506 1115 1538 p.
1136 1476 1171 1528 '7.
1194 1497 1236 1528 D.
1274 1496 1446 1528 Phaedon.
1477 1507 1505 1528 c.
1530 1495 1581 1531 13.

247 1546 281 1574 et
304 1540 392 1574 conf.
417 1541 519 1583 Gorg.
543 1550 575 1582 p.
601 1538 675 1572 468.
701 1541 741 1572 A.
765 1540 847 1572 ibid.
870 1506 1008 1582 p.468p
1026 1540 1063 1571 B.

314 1587 441 1616 ταῦτα
471 1588 618 1616 ποιεῖν
648 1582 668 1627 ἢ
699 1582 791 1636 μή;]
838 1585 928 1627 Aug.
959 1583 1056 1616 Bodl.
1088 1585 1226 1616 Meerm.
1259 1582 1279 1627 ἢ
1313 1581 1375 1622 οὕ,·
1418 1586 1581 1626 probante

245 1629 455 1662 Heindorfio.
508 1628 674 1660 Videlicet
707 1629 757 1660 ita
788 1633 860 1660 tota
890 1630 1059 1661 sententia
1090 1625 1346 1668 a’nonu'vaemvpsa
1377 1629 1430 1661 καὶ
1463 1628 1583 1671 ἐκβάλ-

245 1675 348 1713 λομεν
371 1685 398 1705 κ.
425 1685 449 1705 τ.
474 1674 502 1706 λ.
524 1678 638 1705 mente
660 1673 844 1715 repetenda
866 1674 940 1705 erit.

312 1716 474 1750 ἅπαντα
499 1715 643 1761 ταῦτα]
670 1717 726 1750 Sic
750 1717 844 1750 codd.
868 1718 958 1750 Vett.
982 1716 1075 1763 editt.
1101 1714 1221 1756 πάντα,
1248 1722 1286 1750 ut
1308 1722 1361 1750 est
1383 1718 1417 1749 in
1441 1718 1517 1750 Par.
1541 1718 1582 1750 E.

243 1845 440 1886 adhibetur,
488 1844 612 1877 mirum
658 1848 710 1877 est
755 1845 881 1876 Hein-

948 1844 1064 1877 statim
1079 1844 1306 1877 adiiciuntur:
1331 1842 1408 1882 ἀλλ’,
1437 1842 1500 1876 ἐὰν
1517 1844 1581 1884 μὲι·

243 1890 340 1923 dorf
346 1890 388 1922 iu
398 1901 431 1921 m
471 1893 541 1922 tam
579 1889 667 1922 male
708 1888 880 1929 habuisse,
1585 1903 1597 1912 ο

949 1886 1054 1929 ώφέλ.
1078 1901 1107 1921 κ.
1133 1901 1157 1921 τ.
1182 1890 1208 1921 λ.

242 1938 280 1967 ut
296 1934 335 1966 οὶ·
349 1931 395 1966 ἂι·
409 1945 465 1975 πρ.
485 1933 668 1976 legendum
684 1933 880 1966 coniecerit.

243 1979 360 2020 Neque
392 1978 484 2010 enim
507 1978 562 2009 hie
586 1988 669 2010 usus
694 1978 878 2020 quidquam

242 2022 347 2056 habet
369 2022 587 2063 insolentiae,
622 2022 657 2054 id
680 2022 771 2064 quod
795 2023 879 2055 satis

241 2067 366 2100 docent
402 2067 576 2109 exempla,
616 2077 702 2108 quae
740 2067 879 2109 collegit

241 2111 481 2144 Fischerus
512 2110 554 2143 ad
580 2111 718 2143 Weller.
751 2112 790 2143 Τ.
816 2111 876 2143 ΙΙΙ.

240 2157 279 2188 Ρ.
303 2157 328 2188 1.
361 2167 392 2198 p.
416 2154 492 2188 252.
524 2159 558 2187 et
580 2165 611 2197 p.
636 2153 730 2195 347„
761 2155 820 2196 qui
843 2154 879 2187 οἱ

244 2198 428 2241 ἄνθρωποι
459 2200 495 2232 in
528 2199 653 2232 talibus
686 2199 796 2231 intelli
821 2210 877 2231 en-

241 2245 320 2277 dum
333 2244 525 2277 arbitratur.
549 2244 638 2278 conf.
652 2243 694 2276 ad
707 2254 739 2286 p.
751 2242 796 2276 45
819 2244 877 2276 .E.

285 2312 324 2343 B.
370 2309 576 2350 οἰόμενοι
611 2309 789 2352 βέλτιον
819 2304 875 2341 εἶ-

244 2354 331 2398 ναι]
379 2354 419 2387 id
465 2354 591 2387 nobis
629 2354 744 2387 utile
780 2364 876 2386 esse

239 2403 460 2442 putantes.
475 2409 507 2431 ν.
526 2399 748 2440 adCriton.p
750 2396 824 2431 .54.
837 2398 875 2431 G.

239 2448 273 2476 et
294 2443 338 2476 ad
361 2443 534 2476 Phaedon.
557 2454 588 2486 p.
615 2443 690 2476 115.
713 2409 754 2475 ἒ.
792 2443 875 2475 Mox

239 2488 293 2520 D:
318 2486 479 2527 οἰόμενος
497 2485 639 2527 ἄμεινον
659 2482 749 2519 ειναι
772 2484 875 2519 αυτοῦ.

285 2554 366 2596 Cap.
392 2553 520 2586 XXIV.
556 2553 594 2586 C.
640 2550 783 2587 ἁπλῶς
808 2552 873 2586 οὔ·

240 2597 340 2641 ιως]
381 2597 446 2630 sic
482 2597 770 2640 simpliciter,
809 2598 875 2631 ita

237 2647 281 2675 ut
299 2642 418 2674 nihil
436 2641 557 2674 aliud
576 2641 873 2683 respiciamus.

237 2687 348 2728 Quam
361 2686 623 2729 explicationem
637 2685 774 2719 firmant
785 2697 872 2730 quae

992 1950 1014 1998 ἦ
1036 1953 1139 1998 γάρ,·
1163 1952 1305 1997 ἀληθῆ
1331 1965 1396 1987 σοι
1421 1954 1464 2007 δ.]
1488 1955 1580 1987 Male

946 1999 1234 2032 Heindorfius
1265 2003 1341 2041 post
1371 1993 1393 2040 ἦ
1419 2011 1483 2042 γαρ
1509 2009 1580 2031 sus—

946 2044 1026 2077 tulit
1042 2048 1158 2076 notam
1175 2044 1413 2096 interrogandi.
1447 2043 1579 2076 Mediae

946 2088 1090 2121 orationi
1115 2082 1136 2131 ἦ
1157 2085 1246 2130 yde,-
1270 2088 1320 2119 sic
1344 2088 1579 2130 interpositum

945 2132 1050 2165 habes
1071 2132 1260 2174 Phaedr.p
1264 2131 1362 2165 .266.
1377 2132 1417 2164 Ε.
1449 2132 1580 2175 Euthy-

945 2177 1031 2210 dem.
1054 2187 1086 2219 p.
1110 2175 1186 2210 286.
1204 2142 1260 2208 Op
1266 2176 1309 2208 al.

988 2243 1030 2275 D.
1056 2242 1253 2285 τυγχάνει
1271 2241 1316 2274 δὲ
1339 2239 1389 2274 ὂν
1414 2240 1575 2284 κάκιον]

944 2297 1068 2329 quum
1120 2292 1261 2319 tamen
1309 2287 1463 2319 malum
1510 2288 1580 2318 sit.

943 2332 1025 2364 Mox
1073 2333 1106 2363 τί
1148 2329 1211 2364 οὐκ
1256 2329 1460 2372 ἀποκρίνας
1507 2335 1576 2363 est:

943 2375 1101 2418 quidni
1117 2376 1262 2418 pergis
1283 2375 1386 2407 mihi
1406 2385 1579 2417 respon-

943 2419 1068 2452 dere?
1106 2422 1210 2463 Age,
1235 2419 1341 2452 mihi
1370 2429 1497 2461 porro
1522 2430 1579 2451 re-

943 2463 1118 2507 sponde.
1185 2465 1272 2497 Nam
1318 2463 1416 2496 aliter
1461 2463 1579 2505 paullo

942 2509 1089 2541 aoristus
1128 2509 1162 2540 in
1203 2509 1268 2541 hac
1305 2507 1451 2540 formula
1484 2518 1579 2540 usnr-

942 2558 1061 2596 patur,
1092 2552 1133 2585 de
1163 2563 1232 2595 qut
1254 2563 1289 2585 re
1312 2552 1438 2584 dictum
1462 2557 1514 2583 est
1536 2552 1578 2584 ad

942 2597 1098 2640 Sympom
1130 2607 1161 2640 p.
1184 2595 1240 2630 21.
1270 2601 1305 2628 et
1332 2595 1375 2628 ad
1407 2595 1578 2628 Phaedon.

940 2652 973 2684 p.
997 2640 1053 2696 86.
1083 2642 1126 2674 D.
1171 2641 1346 2684 Protagor.
1378 2638 1508 2681 p.310.
1533 2641 1581 2672 E:

943 2689 977 2719 τί
996 2683 1038 2718 οὐ
1063 2685 1274 2727 βαδίζομεη
1297 2650 1425 2727 ΟηῐγΙ.
1450 2694 1482 2727 p.
1502 2682 1579 2718 420.
