1722 2964
527 102 942 141 ΡιιοΤΑσοιιΑε,
963 102 1009 141 Ρ.
1024 72 1098 143 339
1124 101 1208 138 ST.
1509 95 1591 139 119

164 224 295 269 τοῦτο
320 219 552 268 ἐπίστασαι
574 217 624 265 τὸ
647 211 787 279 ᾆσμα,
821 213 849 275 ἢ
874 218 967 262 πᾶν
997 230 1068 262 σοι
1092 215 1331 270 διεξέλθω;
1379 215 1469 260 Καὶ
1503 212 1590 272 ἐγώ

166 291 317 347 εἷπον,
365 286 431 335 ὅτι
467 285 615 334 Οὐδεν
645 289 734 332 δεῖ·
785 283 1027 343 ἐπίσταμαί
1043 302 1092 330 τε
1124 281 1232 343 γάρ,
1264 283 1339 328 καὶ
1363 280 1484 328 πάνυ
1516 301 1590 340 μοι

165 356 375 416 τυγχάνει
397 353 639 415 μεμεληκὸς
661 355 740 400 τοῦ
758 350 962 414 ᾄσματος.
991 345 1074 410 Εὖ,
1101 355 1202 410 ἔφη,
1222 351 1375 409 λέγεις.
1402 348 1592 407 πότερον

164 427 249 472 οὐν
273 427 416 479 καλῶς
441 438 512 470 σοι
537 427 662 469 δοκεῖ
681 423 955 479 πεποιῆσθαι
978 421 1053 466 καὶ
1077 418 1250 479 ὀρθῶς,
1282 415 1309 476 ἢ
1336 415 1414 474 οὔ;
1440 416 1589 475 Πάνυ,

167 498 283 552 ἔφην
307 491 408 551 εγῶ,
434 494 578 546 καλῶς
600 509 648 537 τε
671 491 746 535 καὶ
763 487 925 547 ὀρθῶς.
952 495 1095 534 Δοκεῖ
1115 488 1168 533 δέ
1184 501 1254 533 σοι
1271 489 1416 540 καλῶς
1435 502 1594 532 πεποι-

165 564 320 619 ἧσθαι,
347 558 427 606 εἶ’
413 564 591 607 εναντία
614 559 732 616 λέγει
755 555 887 610 αὐτὸς
912 554 1031 618 αὐτῷ
1055 554 1079 602 ὁ
1104 552 1309 614 ποιητής;
1338 552 1406 600 Οὐ
1432 556 1592 611 καλῶς,

167 623 227 687 ἦν
251 627 291 674 δ’
322 627 419 686 ἐγώ.
436 626 545 687 Ὅρα
563 625 635 685 δή,
655 630 756 684 ἔφη,
782 626 968 684 βέλτιον.
990 621 1128 681 Ἀλλ’,
1155 617 1188 668 ῶ
1207 621 1356 681 ’γαθέ,
1381 627 1592 680 ἔσκεμμαι

168 699 342 750 ἱκανῶς.
372 696 521 743 Οισθα
545 687 648 752 οὖν,
675 691 832 752 ἔφη,”
807 711 874 738 οτι
898 690 1130 750 προϊόντος
1154 694 1232 737 τοῦ
1257 689 1449 751 άσματος
1474 690 1594 748 λέγει

164 783 255 811 που

240 841 362 889 Οὐδέ
382 861 455 901 μοι
479 840 699 899 ἐμμελέως
723 837 771 885 τὸ
795 837 1059 885 Πιττάκειον
1083 840 1259 896 νέμεται

235 916 377 956 καίτοι
418 911 560 968 σοφοῦ
601 906 720 967 παρὰ
759 906 904 965 φωτὸς
947 907 1200 966 εἰρημένον·
1251 904 1445 964 χαλεπὸν
1485 902 1590 962 φάτ’

640 974 807 1022 ἐσθλὸν
832 979 1026 1034 ἔμμεναι.

165 1056 359 1114 ἐννοεῖς,
392 1054 459 1101 ὅτι
491 1054 513 1100 ὃ
548 1053 678 1108 αὐτὸς
702 1047 829 1107 οὗτος
863 1055 936 1098 καὶ
960 1051 1065 1098 τάδε
1089 1054 1208 1110 λέγει
1231 1050 1416 1098 κάκεῖνα
1440 1049 1493 1096 τὰ
1517 1056 1596 1110 ἒμ-

166 1132 394 1183 προσθεν;
446 1123 583 1180 Οἶδα,
615 1116 672 1180 ἦν
698 1120 739 1167 δ’
770 1119 868 1179 ἐγώ.
909 1128 1051 1167 Δοκεῖ
1072 1114 1154 1166 οὖν
1186 1137 1279 1177 σοι,
1313 1123 1423 1177 ἔφη,
1456 1121 1595 1164 ταῦτα

163 1191 354 1244 ἐκείνοις
385 1189 721 1249 ὁμολογεῖσθαι;
764 1193 979 1235 Φαίνεται
1003 1193 1160 1247 ἔμοιγε.
1219 1189 1309 1234 Καὶ
1333 1186 1422 1246 ἅμα
1444 1188 1596 1245 μέντοι

171 1258 443 1319 ἓφοβούμην,
468 1257 527 1317 μή
545 1277 586 1303 τι
606 1259 736 1315 λέγοι.
757 1255 904 1315 Ἀτάρ,
931 1261 1046 1315 ἔφην
1071 1254 1172 1314 ἐγώ,
1198 1257 1269 1301 σοὶ
1292 1253 1345 1302 οὐ
1363 1259 1596 1313 φαίνεται;

259 1368 1210 1434 33:6189031023v]Bod1.Vat.pr0023vhabent05.

261 1421 428 1476 Πάνυ,
446 1421 564 1467 ἔφην
595 1418 643 1467 ἐγ
651 1419 698 1466 ai,
739 1423 888 1461 καλῶς
922 1433 968 1456 τε
1000 1421 1079 1455 καὶ
1113 1417 1289 1477 ὀρθῶς]
1330 1422 1454 1455 Libri.
1496 1418 1600 1465 ἔφην

166 1468 306 1515 ἑᾙγωγε
324 1468 392 1502 καὶ
409 1436 850 1522 695039.cod.’130d1.et
867 1469 951 1501 Vat.
970 1462 1041 1511 ἐγώ
1058 1478 1098 1500 τε
1115 1466 1182 1500 καὶ
1199 1462 1341 1509 ὀρθῶς.
1364 1478 1398 1500 v.
1419 1477 1504 1499 ann.

261 1514 303 1548 C.
327 1510 386 1558 μή
403 1526 443 1547 τι
462 1511 612 1557 λέγοι]
634 1513 696 1547 Sic
714 1513 817 1549 codd.
834 1513 1003 1557 plerique
1021 1523 1146 1546 omnes
1163 1523 1228 1555 pro
1245 1512 1347 1556 vulg.
1364 1510 1465 1555 λέγῃ.

166 1616 239 1660 μοι’
265 1626 342 1654 πως
374 1609 485 1666 άνὴρ
502 1610 601 1647 κατὰ
625 1613 851 1666 Σιμωνίδην

169 1656 421 1714 τετράγωνος,
461 1654 555 1693 ἄνευ
587 1655 712 1704 ψόγου
743 1670 851 1694 τετυ-

165 1703 318 1750 γμένος.
367 1705 479 1738 Plura
501 1715 536 1739 v.
554 1704 851 1738 inGaisfordi

170 1751 328 1784 Poetis
360 1750 615 1783 Minoribus
647 1750 690 1784 Τ.
715 1750 781 1784 111.
814 1760 848 1792 p.

173 1798 238 1829 193
255 1806 332 1838 sqq.
365 1794 421 1829 ed.
453 1795 500 1827 Li
503 1805 570 1837 ps.,
602 1795 666 1828 ubi
697 1794 742 1827 de
773 1798 851 1827 toto

170 1841 241 1874 hoc
265 1840 427 1874 carmine
458 1839 665 1873 Simonideo
688 1839 851 1883 disputa-

171 1889 245 1920 tur.
278 1885 397 1919 Stallb.

220 1925 371 1973 Πάνυ,
413 1927 530 1973 ἔφην
563 1924 666 1973 ἐγώ,
699 1929 850 1969 καλῶς

172 1986 220 2009 τε
265 1973 344 2008 καὶ
390 1970 557 2030 ὀρθῶς]
605 1976 637 2008 V
641 1977 704 2008 ett.
747 1975 850 2009 editt.

174 2015 300 2062 Πάνυ,
330 2016 429 2063 ἔφην
458 2016 586 2064 ἔγωγε,
615 2018 682 2053 καὶ
710 2014 850 2063 ὀρθῶς,

173 2065 270 2108 quod
310 2065 413 2098 codd.
453 2068 602 2098 tuentur
639 2066 730 2098 miro
766 2075 852 2098 con-

173 2120 294 2144 sensu.
357 2110 406 2143 At
443 2111 539 2144 enim
575 2111 615 2142 in
646 2110 855 2143 huiusmodi

171 2156 411 2199 responsione
437 2152 552 2211 ἔγωγε
574 2159 676 2189 recte
693 2155 768 2188 dici
784 2166 856 2189 non

172 2201 305 2289 Ξοιιιίι,
339 2201 402 2234 sed
434 2204 498 2234 aut
531 2197 646 2243 ἔφην
664 2203 728 2234 aut
756 2197 857 2244 ἔφην

209 2258 246 2278 ω
293 2245 485 2279 dicendum
522 2246 607 2281 fuit
654 2247 857 2279 Praeterea

171 2291 288 2324 lectio
318 2291 474 2333 vulgata
506 2292 620 2324 etiam
650 2291 722 2324 hoc
744 2291 857 2324 habet

174 2336 411 2378 incommodi,
437 2336 548 2388 quod,
574 2346 683 2378 quum
703 2346 856 2379 praece-

176 2381 238 2412 dat
258 2380 384 2419 καλῶς
400 2379 466 2413 καὶ
483 2375 623 2424 ὀρθῶς,
650 2392 745 2415 nunc
763 2382 856 2414 nihil

175 2427 234 2458 nis
228 2427 249 2458 i
267 2424 333 2458 καὶ
351 2420 477 2467 ὀρθῶς
494 2426 745 2468 respondetur.
779 2428 854 2459 Ita-

203 2482 246 2503 ιιι.
267 2470 453 2503 Heusdius
471 2471 584 2503 scribi
599 2471 716 2504 voluit
730 2468 855 2514 Πάνυ,

177 2482 276 2568 {mma
295 2510 383 2559 ἐγώ,
411 2512 538 2559 ἔμοιγε
561 2514 627 2548 καὶ
643 2516 768 2555 καλῶς
789 2515 854 2550 καὶ

177 2556 316 2603 ὀρθῶς.
344 2561 415 2593 Sed
428 2561 565 2594 leniore
580 2562 721 2595 ratione
735 2562 855 2595 locum

178 2607 328 2639 sanavit
345 2606 539 2638 Bekkerus
562 2606 687 2645 καλῶς
712 2610 798 2640 ante
815 2618 856 2641 τε

178 2651 387 2684 inserendo.
421 2652 526 2684 Haec
542 2652 620 2684 fere
637 2652 756 2685 Stallb

225 2695 265 2731 O.
298 2691 419 2730 Οὕδέ
442 2707 517 2738 μοι
542 2690 773 2739 ἐμμελέως
794 2695 854 2741 -]

179 2740 328 2783 Neque
364 2752 442 2784 ego
475 2742 650 2773 Pittaci
686 2753 856 2783 vocem,

183 2787 386 2826 quamvis
405 2787 641 2841 sapientis
651 2787 856 2829 hominis,

177 2833 348 2864 rectam
367 2831 486 2865 duco.
507 2826 692 2874 ἐμμελέως
707 2834 856 2866 coniun-

918 1614 1076 1657 gendum
1094 1624 1176 1646 cum
1193 1611 1413 1657 εἰρημένον,
1439 1616 1476 1646 et
1493 1610 1603 1656 νέμε-

920 1671 982 1692 ται
999 1660 1096 1692 idem
1114 1663 1170 1692 est
1187 1670 1232 1692 ac
1250 1659 1456 1702 νομίζεται,
1475 1659 1602 1701 primi-

919 1706 997 1738 tivo
1015 1715 1080 1748 pro
1095 1705 1262 1738 derivato
1275 1705 1408 1747 posito.
1425 1704 1516 1736 Fuit
1534 1714 1601 1736 au-

919 1753 995 1782 tem
1002 1749 1115 1792 lyrico
1120 1760 1196 1782 rum
1203 1753 1396 1792 poetarum
1404 1750 1600 1792 proprium,

922 1805 1016 1837 quae
1032 1795 1105 1837 ipsi
1121 1795 1300 1836 dicerent,
1328 1805 1372 1827 ea
1391 1797 1455 1827 aut
1471 1793 1602 1827 confir-

921 1850 1022 1872 mare
1055 1840 1340 1873 auctoritatibus
1375 1842 1440 1872 aut
1472 1842 1600 1873 contra

922 1895 985 1917 eas
995 1884 1207 1926 defendere,
1220 1896 1255 1919 v.
1262 1884 1412 1918 Pindar.
1421 1885 1529 1927 Pyth.
1538 1885 1601 1917 IV.

919 1931 997 1964 277.
1027 1930 1130 1964 Nem.
1148 1931 1229 1965 VH.
1247 1932 1304 1963 20.
1335 1930 1462 1962 lsthm.
1480 1930 1524 1963 V.
1542 1930 1599 1963 67.

921 1976 1052 2017 fragm.
1073 1977 1150 2017 190,
1168 1976 1288 2018 iisque
1303 1976 1464 2008 testibus
1481 1985 1602 2019 gram-

919 2021 1058 2061 matici,
1077 2020 1603 2064 quumdescriptorumaetate

921 2068 986 2098 aut
1002 2066 1046 2098 de
1065 2066 1236 2098 carminis
1261 2069 1413 2099 auctore
1438 2066 1604 2108 ambige-

922 2113 1038 2149 retur,
1063 2122 1136 2144 non
1159 2111 1274 2145 semel
1297 2112 1355 2144 usi
1372 2114 1468 2152 sunt,
1486 2111 1608 2144 veluti

924 2156 1098 2199 Athen.p
1102 2158 1194 2190 .17·2
1210 2157 1260 2189 E:
1293 2167 1352 2190 οτι
1371 2153 1413 2189 δὲ
1432 2153 1474 2189 τὸ
1494 2155 1606 2207 ποίη-

923 2213 976 2243 μα
994 2200 1107 2234 τοῦτο
1130 2193 1256 2242 (Αθλα
1279 2202 1384 2253 dicit)
1419 2197 1607 2252 Στησιχό-

924 2257 992 2288 ρου
1033 2241 1134 2280 ἐστὶν
1179 2242 1415 2285 ἷκανώτατος
1440 2242 1605 2300 μαρτύς

924 2291 1148 2334 Σιμωνίδης
1165 2287 1184 2324 ὁ
1206 2287 1369 2335 ποιητὴς
1385 2285 1462 2324 κτὲ.
1497 2292 1550 2326 Id.
1569 2303 1603 2335 p.

924 2339 988 2369 512
1007 2338 1036 2369 F
1059 2337 1108 2369 al.

970 2377 1176 2425 χαλεπὸν
1203 2376 1309 2423 φάτ’
1329 2376 1500 2416 ἐσθλὸν
1518 2378 1602 2425 ἔμ.]

924 2428 991 2460 Est
1008 2427 1103 2460 haec
1118 2437 1191 2460 vox
1206 2427 1349 2460 Pittaci
1360 2427 1608 2467 nobilissima,

926 2473 1030 2504 cuius
1063 2472 1106 2504 de
1139 2472 1280 2514 origine
1312 2482 1406 2515 quae
1424 2473 1608 2505 Zenobius

927 2516 973 2558 (6,
992 2516 1050 2559 38)
1070 2520 1108 2550 et
1130 2517 1351 2551 scholiastes
1376 2518 1422 2551 ad
1444 2518 1557 2559 Hipp.
1575 2518 1606 2550 I.

925 2574 959 2605 p.
979 2564 1046 2595 304
1068 2562 1099 2594 E
1123 2566 1385 2605 narraverunt,
1416 2564 1607 2603 Erasmus,

927 2618 1034 2649 quem
1056 2607 1225 2641 laudavit
1245 2608 1388 2649 Astius,
1416 2607 1609 2650 eleganter

927 2653 980 2684 sic
997 2652 1111 2686 latine
1128 2653 1288 2686 reddidit
1305 2653 1493 2696 (Adagior.
1512 2652 1607 2685 Chil.

927 2699 975 2730 ΙΙ.
1011 2696 1115 2730 cent.
1135 2700 1165 2730 1.
1192 2697 1248 2741 1⁵2)
1263 2710 1270 2730 :
1303 2697 1509 2731 Periander
1541 2697 1610 2731 Oo-

927 2742 1084 2776 rinthius
1101 2744 1208 2776 initio
1226 2743 1455 2786 populariter
1471 2753 1516 2775 ac
1534 2754 1608 2776 mo-

926 2788 1055 2820 derate
1073 2789 1227 2831 gerebat
1244 2789 1455 2831 imperium,
1477 2792 1608 2831 postea

927 2834 1044 2866 versis
1078 2834 1236 2866 moribus
1269 2834 1463 2876 tyrannice
1497 2845 1608 2878 agere
