1676 2938
469 205 712 247 GORGIAS.
741 206 786 246 P.
818 209 910 246 525.
941 207 1003 247 ed.
1035 207 1092 246 st.
1375 209 1454 244 339

100 334 173 368 τας
190 318 269 361 τὸν
291 318 355 360 ἀεὶ
378 317 550 396 χρόνον,
578 317 761 371 ἀτεχνῶς
787 315 1108 370 παραδείγματα
1135 313 1457 370 ἀνηρτημένους

100 382 187 426 ἐκεῖ
224 384 271 426 ἐν
285 381 436 426 Ἀιδου
474 381 521 425 ἐν
547 384 608 439 τῷ
635 381 932 436 δεσμωτηρίῳ,
971 385 1062 431 τοῖς
1089 379 1153 422 ἀεὶ
1180 396 1267 422 των
1294 381 1456 423 ἀδίκων

101 446 438 503 ἀφικνουμένοις
464 449 659 502 θεάματα
686 446 758 489 καὶ
785 448 1100 501 νουθετήματα.
1143 438 1206 488 ὧν
1234 444 1318 500 ἐγώ
1345 461 1455 500 φημι
1483 448 1526 491 D

99 514 175 557 ἕνα
211 513 280 556 καὶ
303 510 528 569 Ἀρχέλαον
556 511 747 563 ξ’,σεσθαι
790 512 826 554 εἰ
853 512 994 566 ἀληθῆ
1023 511 1134 566 λέγει
1164 513 1344 562 Πῶλος,
1383 509 1455 553 καὶ

100 583 231 622 ἄλλον
269 579 379 630 ὄςτις
417 580 472 622 ἂν
499 585 694 628 τοιοῦτος
720 579 932 632 τύραννος
960 575 1003 631 ᾗ.
1034 574 1153 632 οἶμαι
1181 575 1226 619 δὲ
1254 575 1326 618 καὶ
1352 575 1455 625 τοὺς

98 645 283 694 πολλοὺς
324 641 433 688 εἶναι
470 645 571 694 τοὺς
607 645 774 687 τούτων
812 646 900 685 τῶν
927 643 1282 697 παραδειγμάτων
1310 641 1357 684 ἐκ
1384 657 1453 683 τυ-

99 711 272 764 ράννων
308 711 380 754 καὶ
407 709 618 763 βασιλέων
645 709 716 752 καὶ
743 710 970 752 δυναστῶν
996 710 1067 750 καὶ
1094 709 1146 750 τὰ
1173 711 1260 750 τῶν
1287 709 1455 750 πόλεων

98 776 352 830 πραξάντων
373 776 623 830 γεγονότας·
655 769 776 818 οὗτοι
798 774 880 829 γὰρ
908 774 979 816 διὰ
1006 775 1085 828 τὴν
1114 773 1313 826 ἐξουσίαν
1340 771 1453 827 μέγι-

98 851 177 883 στα
199 840 270 883 καὶ
297 837 565 884 ἀνοσιώτατα
593 840 872 896 ἁμαρτήματα
900 839 1209 894 ἁμαρτάνουσι.
1248 842 1458 893 μαρτυρεῖ

97 906 144 949 δὲ
193 907 361 956 τούτοις
407 905 477 948 καὶ
503 902 722 961 ”Ομηρος·
775 904 972 960 βασιλέας
1008 905 1091 959 γὰρ
1133 905 1204 947 καὶ
1240 906 1455 953 δυνάστας

97 970 257 1020 ἐκεῖνος
294 973 498 1026 πεποίηκε
534 971 636 1021 τοὺς
672 971 719 1013 ἐν
743 968 905 1013 ’Ἅιδου
942 971 1019 1013 τὸν
1047 970 1111 1012 άεὶ
1138 972 1300 1025 χρόνον
1327 986 1451 1025 τιμω-
1482 977 1522 1021 Ε

97 1034 357 1092 ρουμένους,
403 1039 625 1080 Τάνταλον
662 1036 733 1079 καὶ
771 1037 975 1091 Σίσυφον
1009 1037 1081 1079 καὶ
1117 1036 1290 1078 Τιτυόν.
1351 1037 1453 1089 Θερ-

96 1103 218 1158 σίτην
245 1102 314 1154 δέ,
351 1104 422 1145 καὶ
464 1103 504 1145 εἴ
529 1119 591 1153 τις
618 1106 746 1152 ἄλλος
772 1102 965 1157 πονηρὸς
993 1098 1048 1157 ἦν
1077 1098 1272 1164 ἰδιώτης,
1314 1100 1455 1151 οὐδεὶς

97 1169 298 1224 πεποίηκε
336 1169 535 1224 μεγάλαις
574 1169 792 1223 τιμωρίαις
828 1170 1117 1222 συνεχόμενον
1157 1168 1214 1216 ὡς
1253 1168 1451 1209 ἀνίατον·

167 1291 205 1325 C.
254 1289 324 1324 διὰ
360 1288 406 1324 τὰ
444 1294 625 1324 τοιαῦτα
660 1288 924 1335 ἀδικήματα]
963 1291 1159 1324 Articulum
1189 1290 1379 1323 adiecimus
1410 1302 1455 1324 ex

99 1337 191 1370 Flor-
216 1335 247 1369 ἆ.
272 1348 302 1370 ο.
327 1348 361 1369 x.
395 1336 494 1369 Bodl.
518 1338 657 1370 Meerm.
681 1337 762 1370 edit.
785 1337 864 1369 Bas.
887 1335 920 1370 2.
951 1337 1078 1370 Euseb.
1102 1336 1310 1370 Theodoret.
1334 1336 1453 1369 Suida.

20 1416 32 1429 Ι
95 1382 257 1416 Eundem
281 1382 342 1415 alii
365 1386 399 1415 et
423 1382 518 1415 editt.
543 1393 662 1415 omnes
686 1387 899 1426 spreverunt.

166 1429 210 1461 D.
258 1427 335 1460 ἕνα
365 1427 435 1460 καὶ
460 1425 698 1470 Ἀρχέλαον
722 1427 923 1471 ἔσεσθαι]
958 1427 1021 1460 ἕνα
1044 1438 1110 1462 om.
1135 1425 1262 1461 Euseb.
1286 1426 1454 1470 probante

99 1473 312 1514 Heindorfio,
336 1473 396 1506 sed
420 1473 544 1506 melius
567 1478 733 1506 servatur.

168 1519 238 1551 καὶ
271 1515 372 1553 τοὺς
403 1517 588 1553 πολλοὺς
619 1515 740 1552 εἶναι
773 1515 875 1553 τοὺς
908 1530 931 1550 τ.
959 1531 983 1550 τ.
1011 1517 1065 1573 π.]
1091 1518 1149 1551 Sic
1174 1517 1291 1550 Clark.
1317 1519 1396 1552 Vat.
1421 1522 1456 1551 et

99 1564 174 1596 Par.
200 1564 239 1596 B.
264 1574 285 1596 a
308 1575 352 1596 m.
377 1575 443 1597 rec.
492 1564 622 1608 Vulgo.
660 1563 806 1599 πολλοὺς
835 1559 927 1596 εἶναι
959 1561 1092 1597 τούτων
1125 1566 1194 1596 τῶν
1219 1562 1453 1617 παραδειγμά-

100 1620 167 1641 των
198 1607 277 1643 τοὺς
308 1608 346 1642 ἑκ
377 1607 564 1651 τυράννων
593 1610 648 1642 καὶ
681 1610 732 1652 B„
765 1610 801 1642 in
833 1609 959 1652 quibus
990 1612 1060 1642 τῶν
1088 1607 1374 1653 παραδειγμάτων
1399 1620 1455 1642 su-

99 1658 255 1697 spectum
269 1654 452 1687 videbatur
468 1655 680 1688 Heindorfio.
728 1655 841 1696 Quam
864 1655 1098 1710 suspicionem
1122 1654 1324 1687 confirmare
1349 1655 1455 1688 alicui

99 1699 255 1734 videatur
278 1701 447 1743 scriptura
469 1701 696 1743 plurimorum
719 1701 906 1733 librorum:
933 1697 1079 1734 πολλοὺς
1102 1695 1193 1732 εἶιαι
1217 1698 1351 1733 τούτων
1374 1699 1454 1735 τοὺς

102 1748 171 1777 τῶν
187 1744 476 1798 παραδειγματωι
492 1745 530 1779 ἐκ
547 1745 745 1788 τυράννων.
785 1747 872 1779 Nam
879 1747 998 1801 pauci
1022 1747 1124 1778 etiam
1149 1746 1276 1778 omisso
1302 1744 1454 1779 zov'tmv:

101 1786 287 1824 εἶναιτοὺς
311 1790 380 1823 τῶν
404 1790 700 1835 παραδειγμάτων.
738 1792 827 1836 Aug.
854 1786 947 1824 εἶναι
971 1789 1102 1824 τούτων
1125 1794 1194 1823 τῶν
1218 1790 1453 1835 παραδειγμά-

101 1847 178 1868 των.
203 1846 236 1870 v,
260 1839 375 1868 annot.

100 1947 242 1983 τούτους
276 1948 316 1981 δὲ
338 1946 368 2004 ἡ
393 1946 617 2002 προεήκουσα
639 1954 743 1991 μοῖρα
857 1949 900 1981 D.

937 1948 1007 1982 καὶ
1033 1947 1275 2003 Ἀρχέλαον]
1299 1950 1455 1994 Respicit

102 1991 213 2035 ῥίπτει
236 1992 288 2028 εἰς
313 1991 374 2026 τὸν
392 1993 573 2035 τάρταρον.
610 1995 664 2027 De
678 1996 742 2027 Re-

810 1994 854 2027 ad
877 1994 956 2027 Poli
979 1996 1211 2028 narrationem
1235 2006 1309 2038 cap.
1325 1996 1454 2030 XXVI.

100 2038 194 2081 publ.
225 2039 268 2071 X.
299 2049 331 2082 p.
363 2038 440 2072 615.
471 2040 518 2072 E:
558 2037 664 2072 ὁπότε
696 2052 742 2074 us·

103 2087 171 2116 τῶν
208 2082 319 2119 οὕτως
359 2081 509 2119 ἀνιάτως
540 2083 690 2127 ἐχόντων
721 2083 742 2129 ἢ

101 2126 146 2172 μὴ
162 2128 290 2164 [κανῶς
308 2127 468 2164 δεδωκώς
494 2129 596 2173 δικην
620 2130 741 2173 ἐπιχει-

105 2178 163 2215 ροῖ
198 2172 341 2207 ἀνιέναι.
373 2194 418 2199 -
456 2175 501 2208 τὰ
535 2176 741 2217 παραδεί-

99 2231 244 2263 γματα.
304 2220 461 2253 Articulo
499 2222 623 2262 utitur,
642 2222 742 2275 quia

101 2265 242 2307 respicit
264 2264 308 2297 ad
332 2267 507 2320 superiora
530 2267 610 2299 illa:
638 2264 658 2310 ἢ
678 2278 741 2299 πα-

105 2309 305 2353 ραδείγματι
324 2315 392 2344 τοῖς
412 2308 523 2346 ἄλλοις
545 2314 626 2355 γίγτ
618 2313 740 2345 εσθαι.

102 2357 155 2388 De
190 2355 354 2388 dictionis
383 2356 553 2398 probitate
589 2369 659 2390 non
690 2362 743 2390 est

104 2400 195 2443 quod
219 2400 366 2433 dubites.

149 2446 501 2489 παραδείγματα
548 2443 741 2490 α’νηρτη-

102 2490 283 2535 μένους]
319 2491 475 2524 Imitatus
505 2496 556 2524 est
578 2492 671 2525 hunc
694 2492 743 2525 lo-

102 2546 181 2569 cum
217 2537 420 2569 Basilius
459 2537 505 2569 M.
544 2537 646 2570 Hom.
681 2538 740 2570 IX.

102 2592 135 2623 p.
159 2580 237 2615 366.
255 2582 308 2622 Ε.,
331 2586 370 2614 ut
392 2583 526 2614 monuit
548 2583 743 2626 Wytten·

104 2626 124 2657 b
139 2626 229 2659 ach.
282 2627 326 2659 ad
362 2627 535 2660 Plutarch.
573 2628 625 2660 De
660 2630 742 2661 Sera

103 2672 204 2704 Num.
227 2672 330 2705 Vind.
354 2683 387 2715 p.
404 2671 492 2713 108.
514 2674 576 2706 ubi
600 2673 640 2706 de
663 2674 742 2706 Pla-

102 2717 216 2749 tonico
254 2717 321 2752 hoc
359 2718 523 2762 figmento
555 2718 743 2762 disputavit

102 2761 254 2795 uberius.

810 2044 844 2073 et
866 2040 1013 2073 XXVII.
1036 2051 1069 2083 p.
1093 2040 1170 2074 470.
1193 2042 1237 2074 D.
1243 2052 1356 2097 seqq.

857 2083 956 2120 τοὺς
988 2086 1180 2121 πολλοὺς
1210 2081 1332 2120 εἶναι
1356 2084 1454 2121 τοὺς

812 2128 985 2164 τούτων
1023 2135 1105 2164 τῶν
1145 2131 1320 2176 παραὸ.]
1371 2132 1455 2165 Sen-

810 2177 917 2209 tentia
948 2178 1034 2209 haec
1065 2182 1133 2210 est:
1164 2178 1364 2211 arbitror
1388 2188 1454 2210 au-

811 2226 891 2254 tem
921 2222 1157 2264 plurimos,
1197 2223 1271 2265 qui
1304 2224 1453 2256 istius-

810 2266 929 2300 modi
986 2268 1296 2311 exemplorum
1348 2268 1452 2302 loco

810 2318 1131 2355 proponuntur,
1162 2314 1305 2347 fuisse
1326 2315 1454 2347 inter

810 2364 1028 2400 tyrannos
1066 2363 1107 2390 et
1144 2369 1272 2414 reges
1313 2364 1352 2392 et
1387 2360 1453 2393 do-

809 2404 962 2436 minos.
1007 2405 1153 2446 Iungas:
1194 2399 1288 2443 οἶμαι
1322 2404 1363 2438 δὲ
1395 2405 1451 2438 καὶ

810 2446 891 2483 τοὺς
922 2448 1085 2486 πολλούς,
1117 2448 1198 2484 τοὺς
1229 2461 1360 2483 τουτωι
1383 2453 1453 2483 τῶν

811 2493 1098 2537 παραδειγμάτων
1141 2495 1235 2536 (qui
1270 2499 1372 2528 sunt
1407 2497 1451 2528 in

809 2539 961 2572 horum
990 2539 1289 2582 exemplorum
1312 2551 1453 2573 nume-

811 2586 887 2626 ro),
911 2596 942 2617 ει
951 2597 1004 2616 ναι
1015 2583 1202 2641 γεγονότας
1214 2585 1252 2618 ἐκ
1270 2585 1451 2627 τυράννων

811 2642 839 2662 κ.
866 2642 890 2662 τ.
915 2631 942 2662 λ.
996 2631 1049 2662 De
1080 2626 1189 2668 εἶναι,
1202 2630 1388 2675 γεγονότας
1418 2642 1451 2663 v.

811 2680 927 2708 annot.
951 2675 994 2707 ad
1010 2676 1184 2709 Phaedon.
1201 2687 1234 2718 p.
1252 2676 1329 2710 100.
1346 2678 1387 2711 D
1405 2677 1449 2711 al.

857 2720 925 2752 καὶ
952 2719 1049 2775 Ὅμη
1058 2722 1153 2764 ρος]
1188 2722 1384 2765 Respicitur
1407 2722 1451 2755 ad

812 2765 936 2809 Odyss.
960 2763 997 2798 2⁴.
1021 2777 1053 2800 v.
1058 2733 1147 2801 ⁰575
1170 2778 1263 2810 seqq.
