1702 2924
273 179 348 216 192
815 182 1024 225 PLATON
1024 185 1073 224 IS

265 281 539 336 Ἀλκιβιάδου
566 300 608 328 τε
636 293 714 328 τοῦ
745 289 944 332 Κλεινίου
971 291 1041 333 καὶ
1068 295 1336 346 φιλοσοφίας,
1365 296 1419 338 σὺ
1447 297 1491 339 δὲ
1518 305 1596 340 τοῦ

266 361 308 388 τε
331 343 580 403 Ἀθηναίων
617 351 754 406 δήμου
790 352 860 395 καὶ
885 361 963 396 τοῦ
992 357 1312 411 Πυριλάμπους.
1340 361 1598 416 αἰσθάνομαι

266 407 346 453 οὖν
386 425 466 454 σου
493 411 706 463 ἑκάστοτε,
744 418 894 471 καίπερ
931 421 1055 468 ὄντος
1082 420 1248 471 δεινοῦ,
1283 418 1361 473 ὅτι,
1390 421 1513 467 ὁπόσ’
1543 426 1597 468 ἂν

265 482 326 529 φῇ
353 487 433 517 σου
453 476 503 518 τὰ
521 479 691 522 παιδικὰ
713 480 782 522 καὶ
812 478 926 531 ὅπως
953 483 1007 524 ἂν
1035 491 1097 538 φῇ
1126 482 1246 539 ἔχειν,
1276 488 1330 528 οὐ
1355 488 1597 542 δυναμένου

267 535 519 594 ἀντιλέγειν,
561 538 646 585 ἄλλ’
685 547 775 586 ἄνω
809 546 878 587 καὶ
907 548 1019 589 κάτω
1045 550 1439 604 μεταβαλλομένου·
1480 551 1527 595 ἔν
1553 569 1596 595 τε

264 610 315 657 τῇ
344 603 551 662 ἐκκλησίᾳ,
593 606 667 648 ἐάν
692 623 732 649 τι
759 616 838 651 σοῦ
865 610 1063 664 λέγοντος
1091 614 1115 654 ὁ
1141 615 1273 668 δῆμος
1301 614 1325 657 ὁ
1348 612 1596 671 Ἀθηναίων

263 667 320 722 μὴ
358 675 421 723 φῇ
459 670 593 720 οὕτως
628 670 756 726 ἔχειν,
806 677 1168 730 μεταβαλλόμενος
1204 677 1335 732 λέγεις
1373 682 1399 721 ἃ
1438 680 1596 731 ἐκεῖνος

263 733 472 785 βούλεται,
501 735 571 776 καὶ
589 736 694 788 πρὸς
720 737 797 778 τὸν
827 740 1133 794 Πυριλάμπους
1158 744 1333 784 νεανίαν
1358 745 1435 786 τὸν
1461 744 1595 788 καλὸν

261 804 416 839 τοῦτον
442 806 618 841 τοιαῦτα
645 801 764 853 ἔτερα
789 802 1019 853 πέπονθας.
1049 809 1136 854 τοῖς
1162 806 1245 860 γὰρ
1273 809 1358 849 τῶν
1385 809 1593 852 παιδικῶν

307 938 357 972 σὺ
381 939 427 973 δὲ
452 945 523 974 τοῦ
548 954 586 975 τε
610 940 750 986 Ἀθην.
776 944 827 988 8.]
853 945 909 978 Sic
926 947 1009 979 Ven.
1029 948 1066 979 Ξ.
1097 948 1196 981 vind.
1220 948 1253 982 2.
1277 948 1306 982 7.
1338 950 1433 983 Bodl.
1451 951 1590 984 Meerm.

260 984 349 1027 Aug.
366 990 400 1018 ot
412 996 461 1028 pr.
479 987 553 1019 Par.
571 987 596 1019 1.
617 988 706 1020 Vett.
720 988 811 1021 editt.
839 988 882 1022 ου’
906 1002 939 1023 τε
963 990 1073 1029 δυοῖν,
1100 996 1158 1025 τοῦ
1184 1005 1216 1026 ιε
1239 991 1316 1026 Ἀθ.
1341 993 1382 1033 8.,
1407 996 1442 1028 in
1467 997 1591 1038 quibus

261 1028 365 1061 δυοῖν
386 1030 559 1073 pei-inepte
581 1032 760 1065 intrusum.

327 1071 445 1106 ὁπόσ’
477 1073 530 1108 ἂν
561 1079 617 1119 φῇ
651 1087 727 1110 σου
759 1078 820 1128 ⁴V.
845 1077 955 1117 ὅπως,
991 1079 1081 1122 quod
1112 1091 1155 1114 ex
1187 1082 1284 1115 codd.
1308 1088 1495 1116 correctum
1520 1085 1588 1117 fere

259 1119 427 1151 omnibus.
469 1121 587 1153 Aetius
618 1119 636 1152 ὅ
669 1134 695 1154 τι
718 1133 763 1154 αν
785 1133 828 1155 ex
851 1123 940 1156 Flor.
966 1135 998 1156 x.
1046 1124 1229 1168 Vulgatum
1254 1124 1382 1171 ἀντιφῇ
1405 1139 1447 1160 ex
1471 1128 1586 1161 Clark.

259 1163 335 1195 Vat.
368 1164 450 1196 Ven.
486 1164 525 1198 Ξ.
556 1163 673 1197 ‘vind.
703 1165 734 1199 2.
767 1165 796 1201 7.
842 1167 932 1200 Flor.
965 1179 990 1201 s.
1023 1180 1056 1201 x.
1095 1170 1182 1213 Aug.
1215 1171 1310 1204 Bodl.
1339 1173 1477 1205 Mearm.
1509 1173 1589 1206 aliis

258 1208 483 1240 emendatum.
531 1209 629 1242 Unde
659 1215 777 1244 natum
807 1213 852 1244 sit
881 1213 1019 1254 vitium,
1053 1224 1095 1246 ex
1125 1215 1292 1258 scriptura
1322 1216 1405 1249 Ven.
1432 1218 1470 1250 Ξ.
1503 1228 1587 1250 corr.

259 1250 356 1295 ᾰνφῆ
380 1253 553 1286 coniicias.

323 1297 361 1329 E.
410 1298 456 1329 ἔν
487 1310 528 1330 τε
558 1302 601 1340 τῇ
633 1297 861 1344 ἐκκλησίᾳ]
898 1301 1001 1344 Vulg.
1025 1302 1064 1334 ἔν
1087 1314 1120 1335 τε
1143 1300 1209 1346 γὰρ
1236 1306 1273 1346 τῇ
1297 1302 1384 1337 ἐκκλ.
1415 1305 1497 1338 Voc.
1521 1303 1586 1348 γὰρ

257 1351 347 1373 nunc
376 1342 459 1374 eieci
488 1353 565 1375 cum
590 1343 704 1376 Clark.
730 1344 805 1377 Vat.
831 1345 936 1378 Coisl.
959 1346 1059 1379 vind.
1083 1346 1114 1381 6.
1146 1348 1221 1381 Par.
1246 1347 1473 1383 Bcssmw.
1509 1350 1590 1383 Flo-

955 1478 998 1519 11,
1029 1477 1067 1519 6,
1100 1477 1154 1512 24.
1462 1482 1493 1514 R
1504 1493 1524 1515 o
1537 1493 1554 1514 ε
1565 1487 1587 1514 t.

954 1523 984 1562 ἓ.
998 1522 1073 1556 129.
1097 1528 1164 1556 not.
1202 1547 1210 1556 .
1234 1525 1312 1557 coll.
1327 1526 1358 1565 §-
1375 1525 1449 1560 122.
1463 1525 1585 1560 ann.3.

953 1567 1125 1600 Bernha
1137 1568 1223 1610 rdy.
1248 1569 1346 1611 Synt.
1373 1580 1405 1612 p.
1433 1569 1510 1603 471.
1540 1590 1583 1596 —

953 1609 974 1643 ἄ
987 1623 1040 1644 vm
1074 1613 1143 1644 καὶ
1179 1612 1286 1645 κάτω
1320 1613 1582 1655 μεταβάλλε-

955 1657 1037 1688 σθα
1047 1668 1057 1688 ι
1092 1657 1220 1698 passim
1255 1657 1415 1690 dicuutur
1446 1659 1487 1699 ii,
1524 1660 1582 1702 qui

952 1710 1031 1742 prae
1046 1701 1179 1733 consilii
1194 1702 1310 1744 inopia
1322 1703 1491 1744 nesciunt,
1514 1714 1582 1745 quo

951 1755 987 1777 se
1002 1749 1147 1785 vertant,
1170 1746 1229 1788 qui
1247 1756 1317 1778 non
1340 1746 1477 1787 hubent,
1500 1748 1582 1790 quid

254 1485 313 1517 per
329 1474 491 1517 loquendi
504 1476 784 1509 consuetudinem
807 1477 887 1510 ferri
1215 1503 1222 1511 .
1255 1479 1319 1513 162
1349 1491 1419 1523 seq.

254 1529 353 1561 posse
375 1519 592 1560 arbitramur,
623 1531 827 1563 quamquam
851 1522 886 1554 id

253 1564 402 1597 citeriori
439 1565 575 1606 quidem
608 1566 787 1608 graecitati
816 1577 885 1598 non

253 1619 441 1652 repugnare
477 1609 595 1642 docuit
630 1611 656 1642 B
665 1621 684 1642 o
695 1610 730 1643 is
739 1621 755 1642 s
766 1620 785 1642 o
796 1621 818 1642 n
827 1621 845 1642 a
854 1610 885 1643 d.

252 1653 608 1740 ...9....9.9.9
628 1653 716 1695 29
743 1655 885 1742 “mxx

252 1743 292 1774 Τ.
317 1742 378 1774 ΙΙΙ.
401 1752 434 1785 p.
447 1741 524 1776 339.
549 1743 635 1775 conf.
659 1743 681 1775 S
693 1744 740 1776 eh
751 1745 881 1777 aefer.

252 1786 293 1819 ad
318 1787 491 1820 Demosth.
517 1787 640 1829 Appar.
665 1788 724 1820 1v.
740 1799 773 1831 p.
797 1788 884 1831 151„

251 1841 361 1873 neque
391 1842 476 1873 opus
505 1835 556 1864 est
579 1833 717 1866 omnino
741 1834 805 1866 hac
827 1844 884 1877 ge-

250 1876 447 1917 minatione,
469 1876 636 1919 siquidem
658 1887 726 1909 non
746 1877 881 1921 Δήμου,

250 1920 308 1952 sed
342 1920 423 1953 υἱοῦ
452 1921 656 1964 cogitatione
690 1921 879 1955 addendum

249 1968 310 1996 est.
374 1965 457 1997 Mox
500 1965 643 1999 articulo
682 1967 763 1999 item
802 1972 881 1999 ante

252 2009 456 2052 Pyrilampis
470 2020 593 2042 nomen
609 2011 735 2043 omisso
758 2011 882 2044 dicitur

250 2051 308 2085 τὸν
337 2052 583 2094 Πυριλάμπους
610 2057 751 2087 νεανίαν
774 2061 808 2087 et
829 2056 880 2088 in-

249 2098 299 2131 fra
327 2109 359 2141 p.
381 2097 457 2131 513.
478 2099 517 2130 Β.
550 2102 594 2141 τῷ
620 2097 877 2140 Πυριλάμπους.

248 2142 327 2175 Alia
363 2142 465 2174 huius
494 2143 630 2185 generis
659 2144 816 2185 exempla
845 2154 877 2176 v.

247 2197 299 2229 ap.
324 2186 536 2219 Lambert.
562 2187 652 2220 Bos.
680 2188 732 2220 De
756 2188 878 2231 Ellips.

247 2242 277 2273 p.
301 2229 377 2264 507.
400 2231 452 2264 ed.
476 2231 646 2264 Sehaefer.

290 2317 352 2352 ὅτι
375 2338 420 2344 -
444 2317 494 2352 οὐ
525 2318 774 2360 δυναμένου
805 2318 875 2354 α’ν-

247 2363 454 2418 τιλέγειν1
490 2364 560 2396 Aut
594 2364 776 2397 dicendum
811 2366 875 2398 fuit

244 2406 295 2440 ὅτι
332 2405 374 2440 οὔ
410 2407 556 2441 δυνασαι
585 2427 629 2433 ——
660 2406 742 2442 ἀλλὰ
776 2421 875 2449 μετα·

245 2450 368 2494 βάλλει,
393 2457 452 2485 aut
474 2451 524 2485 ὅτι
547 2453 778 2486 omittendum.
808 2454 874 2487 Sed

244 2500 386 2539 utraque
401 2497 564 2530 orationis
582 2498 690 2530 forma
708 2498 744 2530 in
767 2509 874 2531 unum

244 2541 392 2574 conflata
421 2540 508 2574 dixit
530 2540 579 2574 ὅτι
602 2540 644 2574 οὐ
667 2542 873 2582 δυναμένου.

243 2597 274 2620 v.
290 2585 433 2628 Apolog.
446 2586 574 2618 Socrat.
585 2597 615 2628 p.
626 2585 679 2619 37.
690 2587 729 2619 Β.
746 2588 796 2620 De
809 2587 874 2620 hoe

242 2640 366 2673 genere
399 2630 559 2672 loquendi
589 2630 748 2663 consulte
776 2633 872 2665 Bor-

243 2684 439 2708 nemann.
468 2675 511 2707 ad
543 2675 698 2717 Xenoph.
723 2675 874 2709 Ambae.

950 1788 1065 1821 dicant
1086 1790 1141 1822 vel
1164 1790 1310 1831 faciant,
1342 1792 1402 1833 qui
1424 1792 1489 1824 sibi
1513 1803 1580 1824 non

950 1837 1109 1867 constant
1121 1844 1232 1877 neque
1249 1839 1374 1868 certam
1389 1836 1425 1868 in
1448 1836 1580 1879 agendo

949 1883 1137 1920 sequuntur
1152 1880 1328 1920 rationem,
1352 1883 1390 1912 ut
1412 1880 1445 1912 h.
1468 1880 1491 1913 l.
1514 1881 1582 1913 Di·

949 1923 1090 1955 narch.
1118 1933 1150 1965 p.
1175 1922 1226 1958 13.
1258 1924 1309 1956 ed.
1339 1924 1475 1957 Reisk.:
1507 1924 1579 1958 δια-

948 1970 1067 2005 μείνας
1082 1966 1139 1999 ἐπὶ
1165 1971 1222 2011 τῆς
1246 1970 1413 2003 πολιτείας
1436 1971 1491 2001 καὶ
1515 1967 1580 2002 οὐκ

947 2008 1021 2044 ἄνω
1044 2011 1100 2044 καὶ
1123 2011 1211 2045 κάτω
1233 2011 1534 2054 μεταβαλλόμενος.

990 2100 1029 2132 E.
1076 2097 1095 2131 ὁ
1119 2100 1251 2143 δῆμος
1274 2098 1293 2132 ὀ
1317 2098 1352 2133 ’Δ
1364 2102 1419 2144 θη
1432 2104 1535 2134 ναίω
1546 2101 1577 2146 ν]

947 2143 1046 2183 Quod
1091 2144 1198 2177 altero
1243 2145 1317 2178 loco
1363 2147 1576 2188 reposuimus

945 2187 1126 2220 articulum
1163 2189 1384 2231 plurimorum
1414 2189 1575 2223 librorum

945 2233 1156 2274 auctoritate,
1185 2244 1228 2266 ne
1251 2235 1328 2275 quis
1374 2238 1445 2267 utet
1465 2235 1574 2278 legem

944 2275 1040 2308 illam
1053 2277 1215 2310 violatam
1231 2289 1316 2319 esee,
1363 2289 1382 2311 e
1405 2289 1473 2321 qua
1495 2280 1575 2312 scri—

966 2320 1072 2353 simus
1103 2321 1144 2354 ad
1176 2332 1207 2364 p.
1237 2322 1313 2356 456.
1343 2323 1386 2357 D.
1432 2323 1519 2355 Nam
1550 2321 1571 2354 ὁ

967 2367 1050 2407 ἦμος
1073 2362 1092 2397 ό
1116 2363 1315 2409 Ἀθηναίων
1335 2366 1469 2407 dicitur,
1493 2368 1574 2408 quia

943 2410 1124 2452 opponitur
1138 2409 1282 2450 ἐκεῖνος,
1305 2411 1338 2443 h.
1360 2421 1389 2445 e.
1415 2411 1535 2454 Δῆμος
1551 2409 1571 2443 ό

943 2453 1205 2495 Πυριλάμπους,
1238 2459 1355 2497 eatque
1385 2455 1487 2488 simul
1510 2465 1574 2498 po-

941 2498 1069 2540 pulus
1099 2503 1182 2532 tam
1212 2499 1325 2532 levia
1355 2503 1485 2541 atque
1515 2500 1573 2532 in-

941 2553 1020 2575 con
1034 2546 1170 2583 staua,
1193 2543 1341 2585 qualis
1363 2548 1429 2575 eet
1446 2544 1571 2577 Athe-

942 2588 1123 2620 niensis.
1169 2587 1287 2630 Cnrpit
1307 2587 1396 2620 enim
1415 2587 1571 2621 Socrates

941 2631 1097 2664 Calliclia
1113 2632 1285 2665 levitatem
1308 2630 1428 2664 mobili
1495 2632 1568 2675 puli

940 2675 1058 2708 turb-e
1076 2685 1248 2718 nunqnam
1272 2686 1339 2708 uon
1364 2675 1443 2708 blan
1470 2677 1571 2709 ientia
