1696 2976
743 0 766 35 ’ζ’
779 0 818 34 Ψ
828 0 839 7 “
847 0 853 27 i
870 0 878 4 ”
893 0 905 34 ’ί
919 2 924 6 ’
945 0 981 25 “³³
998 0 1070 38 ,θεᾷ
1078 0 1503 43 ‹way-woffo&
1514 2 1556 29 ⁵²*

782 38 783 43 ¹
896 38 897 41 ¹
1038 44 1047 53 ι
1080 47 1081 50 η
1148 41 1161 54 't
1234 39 1239 42 “
1287 37 1313 44 ’“
1354 41 1368 46 ·’

189 87 246 130 32
728 92 1028 131 PLATONIS
1092 94 1101 106 ⁸
1453 99 1470 108 ⁶

111 214 176 249 310
189 202 463 262 συγγεγονὼς
493 203 631 263 ἥκειςς
671 211 767 252 ΣΩ.
802 204 932 253 Πάνυ
968 226 1018 265 γε
1055 206 1194 254 πολλὰ
1224 209 1298 254 καὶ
1328 207 1464 255 εἰπών
1500 209 1574 254 καὶ

186 269 386 324 ἀκούσας.
426 278 515 318 ΕΤ.
554 276 610 318 Τί
628 265 709 319 οὖν
731 270 784 319 οὗ
808 271 1001 332 διηγήσω
1023 272 1130 332 ἡμῖν
1151 272 1232 333 τὴν
1255 277 1508 333 ξυνουσίαν,
1534 279 1576 321 εἰ

184 337 244 396 μή
275 340 328 384 σε’
357 358 397 383 τι
428 337 602 397 κωλύει,
634 338 914 399 καθιξόμενος
946 343 1144 398 ἐνταυθί,
1177 341 1467 401 ἐξαναστήσας
1497 343 1574 388 τὸν

183 409 320 450 παῖδα
338 411 515 451 τουτονί
520 428 531 462 ;
568 412 666 452 ΣΩ.
692 405 822 453 Πάνυ
843 408 924 466 μὲν
946 402 1046 454 οὖν·
1071 410 1143 455 καὶ
1166 407 1294 468 χάριν
1315 428 1365 467 γε
1389 416 1573 467 εἴσομαι,

185 471 263 518 ἐὰν
292 470 488 530 ἀκούητε.
541 479 630 519 ΕΤ.
676 475 764 519 Καὶ
797 474 885 533 μὴν
917 477 990 521 καὶ
1028 474 1150 534 ἡμεῖς
1181 480 1274 533 σοι’,
1316 475 1394 522 ἐὰν
1431 477 1571 535 λέγῃς.

184 545 281 584 Σῼ.
308 542 456 597 Διπλῆ
479 537 537 585 ἂν
560 547 627 598 εἴη
649 538 676 598 ἡ
701 539 834 599 χάρις.
859 540 950 588 ἀλλ’
976 536 1057 589 οὖν
1079 541 1268 589 ἀκούετε.

283 604 386 665 Cap.
414 605 460 652 II.
503 610 589 665 Τῆς
607 607 912 667 παρελθούσης
929 609 1085 663 νυκτὸς
1102 614 1290 668 ταυτησί
1325 614 1387 655 ἔτι
1410 611 1574 667 βαθέος

180 670 370 732 ὄρθρου,
396 672 700 733 Ἱπποκράτης,
731 673 754 720 ὁ
773 673 1103 735 Ἀπολλοδώρου
1133 675 1250 734 υἱός,
1324 675 1492 730 άσωνος
1525 676 1572 721 δὲ

180 738 384 799 ἀδελφός,
407 740 488 800 τὴν
509 740 657 801 θύραν
678 744 730 802 τῇ
754 747 966 805 βακτηρίᾳ
989 743 1107 789 πάνυ
1124 743 1296 803 σφόδρα
1314 748 1482 803 ἔκρουε,
1500 743 1573 788 καὶ

268 872 309 903 Ρ.
327 873 401 906 310.
427 867 734 915 καθιξόμενος
758 867 977 917 ἐνταυθί]
1004 874 1076 908 Sic,
1099 875 1201 908 Bodl.
1220 875 1301 907 Vat.
1321 874 1354 908 Θ
1375 875 1465 907 Ven.
1484 874 1520 910 Ξ
1535 877 1571 906 et

178 915 330 949 vindob.
350 916 458 959 Vulg.
484 911 679 958 ἐνταυθοῖ,
705 917 799 959 quod
815 918 1030 953 Stallbaum.
1054 919 1217 952 defendit
1235 919 1281 952 ad
1297 919 1441 953 Phileb.
1464 929 1497 961 p.
1516 920 1570 959 23,

177 960 240 992 sed
256 971 289 993 v.
307 961 432 993 Elmsl.
450 961 495 993 ad
510 961 693 1004 Aristoph.
717 962 849 995 Achar.
868 965 931 996 152
949 966 986 996 et
1000 964 1158 999 Fritsch.
1175 964 1220 996 ad
1237 964 1379 998 Thesm.
1398 974 1432 1006 p.
1450 965 1503 997 79.

266 1004 411 1048 Διπλῆ
429 998 504 1048 ἂν]
526 1007 657 1049 saupp.
677 1006 801 1049 Διπλῆ
819 1001 857 1050 γ’
876 1000 935 1042 ἄν.

904 1113 1106 1163 Ἀθήνησιν
1140 1114 1343 1161 ἀκολασία,
1378 1117 1444 1152 καὶ
1483 1112 1571 1152 οὔτε

907 1160 1074 1205 πατάξαι
1107 1161 1250 1205 ἔξεστιν
1281 1158 1441 1205 αὐτόθι,
1481 1157 1569 1196 οὔτε

907 1204 1185 1251 ὑπεκστήσεταί
1209 1218 1268 1241 σοι
1293 1208 1460 1249 (decedet
1486 1208 1568 1249 tibi)

906 1249 925 1286 ὁ
945 1253 1100 1292 dobiae:
1118 1253 1234 1286 Multo
1250 1252 1569 1286 autemmodestio-

220 1111 504 1160 συγγεγονὼς
534 1110 699 1161 ἥκειςς]
731 1117 840 1150 Refe-

173 1165 301 1199 runtur
323 1162 415 1194 haec
438 1161 484 1194 ad
513 1156 679 1205 ἐντυχὼν
708 1158 840 1204 πάρει;
863 1194 865 1196 .

173 1206 237 1238 sed
269 1200 433 1249 ἐντυχών
462 1216 569 1247 quum
600 1207 764 1246 dicebat,
796 1206 840 1239 de

173 1259 336 1283 sermone
382 1245 580 1293 (ἐντεύξει)
631 1252 838 1294 cogitabat,

175 1305 279 1337 quem
302 1295 346 1327 de
370 1295 612 1337 qualicunque
629 1306 668 1328 re
686 1306 766 1328 eum
783 1306 839 1328 so-

174 1339 298 1380 phista
335 1339 458 1381 aliquo
498 1350 618 1372 coram
648 1340 839 1373 Alcibiade

174 1384 377 1425 habuisset,
417 1394 512 1416 nunc
537 1388 658 1417 autem
690 1395 838 1427 gravem

174 1428 333 1469 aliquam
372 1428 653 1471 disputationem
691 1428 840 1469 (συνου-

173 1472 274 1514 σίαν)
291 1473 483 1515 intelligit,
505 1483 612 1514 quam
634 1474 705 1506 sibi
729 1484 750 1506 a
775 1474 838 1506 So-

175 1521 276 1549 crate
306 1518 450 1550 narrari
480 1518 586 1556 velit,
629 1528 742 1559 eaque
782 1521 838 1550 est

174 1571 296 1599 causa,
315 1572 379 1594 cur
395 1562 551 1604 perfecti
567 1563 738 1605 temporis
751 1568 838 1604 par—

173 1606 301 1648 ticipio
317 1616 412 1638 nunc
428 1609 563 1638 utatur.

216 1650 257 1685 P.
274 1652 349 1684 310.
376 1646 503 1684 Πάνυ
525 1646 740 1694 γεξπολλά
759 1649 837 1684 καὶ

174 1691 259 1728 εἰπ.
283 1706 317 1728 κ.
344 1689 428 1738 eim]
460 1695 639 1737 Sauppius
670 1695 837 1727 distinxit

174 1734 284 1773 Πάνυ
299 1750 360 1783 γε,
383 1734 503 1773 πολλοὶ
518 1735 594 1773 κτὲ.
613 1740 716 1781 Quod
732 1740 764 1772 si
775 1750 835 1773 vo-

170 1784 426 1824 luissetPlato,
443 1779 832 1828 scripsissetHoZvvys,

171 1826 236 1861 καὶ
252 1823 373 1862 πολλοὶ
390 1823 507 1862 εἰπών
522 1827 586 1862 καὶ
602 1823 663 1862 οἰκ.
788 1836 794 1847 “

219 1873 276 1906 Τι’
292 1865 373 1907 οὖν
389 1868 440 1906 οὗ
457 1873 501 1906 δι
514 1869 660 1917 ηγήσω
678 1871 735 1916 -]
748 1875 835 1915 quin

171 1920 211 1950 tu
231 1917 335 1950 nobis
349 1936 390 1941 —
404 1920 554 1951 narras?
569 1919 611 1950 In
632 1918 836 1951 huiusmodi

170 1962 516 2005 interrogationibus
552 1963 738 1995 excitandi
773 1963 834 1996 vel

169 2007 371 2049 imperandi
381 2008 417 2040 vi
434 2007 750 2049 positisaGraecis
758 2011 833 2040 tum

170 2061 344 2093 praesens
360 2054 435 2083 tum
453 2052 610 2084 aoristus
626 2055 831 2094 usurpatur,

168 2105 203 2128 v.
220 2106 255 2138 p.
272 2097 338 2128 310
354 2095 387 2129 Ε
403 2095 443 2129 τί
459 2090 505 2128 ού
522 2094 745 2147 βαδίζομενρ
761 2097 833 2128 Xe-

167 2140 275 2183 noph.
292 2140 397 2174 Mem.
423 2141 487 2173 III.
514 2140 543 2181 1,
564 2142 605 2173 10
637 2140 678 2173 τί
695 2151 765 2174 ουν
787 2135 832 2173 οὐ

169 2183 400 2227 σκοποῦμεν,
426 2181 512 2227 ἔφη.
537 2184 668 2236 Cyrop.
690 2186 737 2218 11.
763 2187 794 2225 1,
811 2187 831 2217 4

168 2228 208 2261 τί
220 2220 289 2262 οὖν
304 2223 350 2262 ού
365 2227 430 2262 καὶ
440 2224 510 2272 τὴν
522 2228 688 2282 δυναμιν
704 2224 831 2270 ἔλεξάς

166 2283 243 2316 μοι,
263 2270 299 2307 εἰ
312 2269 443 2327 οἶσθα,
462 2299 470 2306 .
491 2299 498 2307 ,
518 2268 587 2316 τὴν
602 2271 799 2317 ημετέραν.

213 2312 529 2360 ἔξαναστησας
566 2313 645 2352 τὸν
680 2317 828 2351 παῖδα

169 2372 271 2395 τουτ
281 2373 299 2395 ο
309 2361 368 2405 vl}
385 2363 523 2396 huncce
536 2373 716 2405 puerums.
731 2362 829 2405 pedi-

167 2417 317 2448 sequum
334 2408 510 2447 excitans,
534 2408 599 2440 int.
616 2407 659 2441 de
676 2407 774 2448 sede,
792 2407 829 2438 in

168 2460 240 2493 qua
256 2461 329 2484 una
345 2462 423 2483 cum
438 2452 580 2485 domino
590 2451 638 2493 (v.
653 2462 689 2494 p.
702 2453 766 2485 339
781 2451 827 2494 E)

168 2495 392 2530 consederat.
440 2497 486 2528 Et
508 2497 643 2529 domini
670 2499 707 2529 et
728 2495 829 2539 pedi—

168 2541 270 2583 sequi
291 2550 407 2573 mores
430 2540 487 2573 his
508 2541 628 2574 verbis
653 2540 829 2583 descripti

166 2589 268 2618 sunt:
303 2585 367 2618 ille
399 2595 467 2617 nec
497 2586 656 2628 assurgit
686 2584 829 2618 Socrati

166 2629 375 2663 advenienti
392 2632 456 2662 aut
471 2630 547 2672 ipse
570 2640 712 2663 servum
734 2629 828 2663 exci-

159 2677 233 2715 tat,
251 2684 318 2707 nec
333 2684 458 2708 servus
474 2683 539 2706 sna
555 2678 683 2716 sponte
699 2674 826 2716 surgit.

165 2718 330 2761 Xenoph.
359 2719 415 2752 De
444 2718 533 2762 Rep.
556 2719 767 2752 Atheniens.
797 2719 827 2753 1.

167 2765 225 2796 10:
250 2762 324 2798 τῶν
339 2758 487 2798 δούλων
504 2788 512 2797 .
533 2788 542 2797 .
554 2763 709 2807 πλείστη
726 2758 828 2798 ἐστὶν

907 1309 964 1331 res
980 1298 1087 1331 Plato
1104 1297 1268 1330 Menonis
1285 1297 1453 1330 Thessali
1469 1296 1568 1339 pedi·

906 1353 1043 1420 “effi
1055 1342 1420 1429 ἰῖῗθῖἰὲῗὲῗῑεῒεῖἳ
1436 1341 1568 1418 321121.

907 1442 999 1473 quae
1023 1434 1221 1474 sequuntur
1237 1431 1407 1464 Socrates
1430 1434 1567 1470 narrat,

906 1476 969 1509 sed
993 1479 1131 1517 quanta
1168 1477 1217 1508 sit
1243 1476 1357 1508 Attici
1393 1476 1567 1507 sermonis

904 1521 1111 1560 festivitas,
1156 1521 1310 1552 maxime
1355 1519 1410 1552 his
1447 1519 1568 1552 verbis

905 1565 1149 1607 cognoscitur,
1172 1574 1266 1606 quae
1289 1564 1450 1606 proxime
1472 1563 1566 1596 hanc

903 1609 1148 1642 narrationem
1184 1608 1416 1658 praecedaeunt.
1464 1609 1566 1648 Quae

903 1654 934 1685 si
950 1654 1021 1686 iam
1029 1657 1111 1696 post
1119 1647 1383 1695 πανυμὲνουν,
1393 1656 1567 1694 sequente

903 1692 1072 1739 ἀκούετε,
1089 1697 1196 1730 illata
1213 1700 1320 1735 esset,
1337 1707 1441 1730 nemo
1452 1696 1565 1729 facile

904 1742 990 1784 quid
1006 1742 1242 1775 desideraret.

949 1787 1038 1829 Cap.
1051 1786 1097 1820 11.
1114 1780 1380 1829 Ἱπποκράτης,
1397 1780 1417 1818 ὁ
1430 1779 1562 1828 Ἀπολ]

835 1845 842 1857 1
902 1831 957 1864 De
974 1831 1208 1873 Hippocratis
1231 1831 1376 1873 ingenio
1401 1830 1486 1872 quid
1511 1831 1564 1862 iu-

901 1876 1091 1909 dicandum
1115 1876 1180 1916 sit,
1214 1875 1498 1918 significavimus
1528 1875 1565 1907 in

900 1921 1058 1963 praefat.
1074 1931 1108 1962 p.
1124 1921 1157 1953 6.

946 1960 1158 2003 Φάσωνος
1188 1961 1236 1997 δὲ
1259 1957 1483 2006 ἀδελφός]
1508 1963 1563 1995 Ne

901 2011 982 2051 quis
999 2007 1063 2043 καὶ
1081 2019 1144 2052 pro
1162 2006 1203 2042 δὲ
1220 2009 1396 2050 requirat,
1420 2007 1562 2050 patriae

900 2055 1047 2096 linguae
1065 2052 1324 2087 consuetudine
1347 2053 1385 2084 in
1400 2051 1563 2084 fraudem

899 2098 1082 2138 inductus,
1098 2101 1154 2131 est
1165 2098 1255 2130 haec
1268 2107 1378 2140 prope
1393 2099 1563 2130 constans

899 2146 1009 2184 atque
1054 2142 1218 2184 legitima
1259 2142 1352 2174 ratio
1389 2141 1563 2174 sermonis

899 2187 1043 2220 Graeci.
1064 2186 1236 2219 Herodot.
1260 2186 1339 2219 vn.
1360 2187 1413 2225 10,
1432 2187 1468 2217 1:
1491 2179 1562 2228 ἐγώ

898 2228 940 2264 δὲ
963 2229 1028 2264 καὶ
1044 2228 1158 2273 πατρὶ
1181 2230 1229 2274 τῷ
1246 2229 1311 2275 σῷ,
1327 2224 1502 2275 ἀδελφεῷ
1519 2226 1563 2263 δὲ

898 2270 985 2318 ἐμῷ,
1004 2275 1152 2318 Δαρείῳ
1175 2270 1198 2319 ἦ
1225 2270 1358 2317 όρευον
1378 2269 1429 2317 μὴ
1452 2283 1561 2317 στρα-

898 2316 1079 2353 τεύεσθαι
1103 2315 1165 2353 ἐπὶ
1189 2287 1365 2358 ἔκύθας.
1381 2329 1415 2351 v.
1433 2318 1559 2351 Elmsl.

898 2364 943 2397 ad
961 2365 1084 2407 Eurip.
1102 2365 1197 2397 Med.
1215 2374 1249 2398 v.
1266 2365 1341 2397 940.
1359 2362 1476 2396 Staub.

895 2463 917 2486 .
941 2399 1560 2495 ‘35m³'⁵‘³2‘12”³3¹²‘s33.2;{²{;22

896 2498 992 2540 apud
1008 2465 1283 2541 xg‘nophontom
1296 2495 1445 2538 (Oecon.
1459 2506 1490 2529 e.
1508 2495 1558 2528 11.

896 2542 1040 2584 3)dicit,
1057 2543 1089 2575 si
1105 2546 1244 2586 emptor
1258 2541 1373 2574 bonus
1388 2540 1459 2573 sibi
1473 2550 1558 2573 con-

894 2588 1032 2629 tingat,
1066 2598 1109 2620 ex
1137 2586 1301 2620 omnibus
1328 2585 1436 2617 rebus
1466 2594 1558 2627 quas

894 2630 1030 2664 habeat
1051 2642 1131 2665 cum
1147 2631 1250 2665 domo
1266 2629 1425 2671 quinque
1441 2629 1557 2661 minas

895 2675 1007 2708 facile
1030 2687 1070 2709 se
1094 2679 1315 2710 coacturum.
1336 2673 1424 2706 Fuit
1444 2673 1557 2716 igitur

893 2719 1018 2753 domus
1041 2721 1121 2754 eius
1141 2731 1188 2754 ex
1209 2718 1364 2753 omnium
1380 2718 1555 2758 minimis3

894 2765 943 2798 cf.
951 2765 1113 2802 Boeckh.
1124 2764 1326 2800 DeOecon.
1337 2763 1412 2797 Att.
1419 2763 1447 2797 1.
1455 2773 1490 2806 p.
1498 2762 1553 2797 94.
