1676 2938
1392 207 1478 250 307:

477 212 729 257 GORGIAS.
751 212 795 250 P.
830 213 923 252 5125.
954 211 1015 250 ed.
1047 210 1104 250 St.

118 321 249 378 ἔγωγε
275 323 436 372 ἀκούω,
476 319 689 376 Περικλέα
716 318 995 375 πεποιηκέναι
1016 315 1286 399 Ἀθηναίους
1313 313 1476 372 α’ργοὺς

118 389 189 431 καὶ
209 389 373 438 δειλούς
395 387 467 431 καὶ
486 389 643 437 λάλους
664 386 736 429 καὶ
763 387 1062 440 φιλαργύρους
1091 384 1150 434 εἰς
1177 382 1476 439 μισθοφορίαν

119 457 292 508 πρῶτον
312 456 646 510 καταστήσαντα.
705 454 842 494 ΚΑΛ.
882 454 979 493 Τῶν
1007 451 1059 492 τὰ
1089 445 1176 491 ὦτα
1205 449 1476 503 κατεαγότων

118 520 288 569 ἀκούεις
327 526 482 568 ταῦτα,
525 513 559 561 ὦ
598 514 838 571 Σώκρατες.
896 518 997 558 ΣΩ.
1035 511 1169 557 Ἀλλὰ
1207 515 1306 557 τάδε
1334 513 1478 557 οὐκέτι

118 586 283 636 ἀκούω,
323 581 411 634 ἀλλ’
449 581 547 627 οἶδα
585 586 735 638 σαφῶς
773 581 844 625 καὶ
885 582 968 637 ἐγὼ
1005 581 1076 623 καὶ
1113 582 1188 632 σύ,
1230 578 1296 622 ὅτι
1323 581 1371 622 τὸ
1399 580 1477 634 μὲν

118 653 291 704 πρῶτον
325 650 544 705 ηὐδοκίμει
573 651 787 703 Περικλῆς
814 647 885 690 καὶ
912 647 1118 702 οὐδεμίαν
1147 646 1327 701 αἰσχρὰν
1354 646 1478 699 δίκην

118 717 466 771 κατεψηφίσαντο
486 759 489 766 2
509 716 645 766 αὐτοῦ
682 710 938 768 Ἀθηναῖοι,
978 713 1107 767 ἡνίκα
1147 713 1315 767 χείρους
1342 708 1476 766 ἦσαν·

187 862 227 894 Ε.
275 861 346 894 καὶ
380 859 554 904 κάλους]
593 858 742 898 αἰάιους
774 843 891 893 elai-k.
922 859 1000 892 Vat.
1035 859 1139 892 eoisi
1171 858 1276 891 vind.
1307 857 1338 891 6.
1386 857 1478 890 Dein

121 907 226 951 vulgo
250 905 482 950 μισθοφορὰν
504 911 640 950 praeter
664 906 901 939 auctoritatem
924 905 1092 938 librorum
1116 915 1196 937 mss.

188 994 424 1040 ηὐδοκίμει
457 996 698 1041 Περικλῆς]
738 997 798 1030 Sic
823 996 940 1029 Clark.
966 995 1045 1029 Vat.
1076 1005 1138 1038 pro
1168 994 1265 1038 vulg.
1291 991 1478 1034 εὐδοκίμει.

119 1042 199 1076 vid.
221 1054 254 1086 p.
280 1042 358 1077 514.
382 1044 426 1076 D.

119 1178 211 1220 bere,
241 1183 280 1211 ut
303 1179 396 1210 cives
419 1188 523 1221 quam
547 1179 668 1221 optimi
691 1177 765 1211 red—

121 1224 256 1257 dantur.
291 1224 451 1258 Ceterum
475 1228 588 1257 exstat
610 1224 764 1257 Aristi-

121 1269 189 1303 dis
222 1269 398 1312 sophistae
434 1279 504 1301 non
538 1280 607 1302 una
643 1269 764 1309 oratio,

122 1326 190 1357 qua
228 1315 398 1348 Periclem
436 1318 636 1357 ceterosque
671 1316 764 1347 viros

122 1362 158 1393 in
188 1358 369 1403 republica
399 1360 513 1393 claros
544 1365 663 1393 eontra
685 1360 766 1393 Pla-

122 1410 237 1439 tonem
253 1405 416 1439 defendit.
439 1406 522 1438 Rem
537 1405 677 1438 uberius
689 1417 764 1449 per—

123 1454 288 1494 sequutus
323 1454 376 1498 est
403 1451 514 1484 Imm.
548 1451 765 1494 Ogienski

122 1498 157 1529 in
210 1500 426 1529 commentat.
471 1497 673 1529 Pericles
723 1501 765 1530 et

122 1542 270 1583 Plato,
294 1542 481 1575 UratislaV.
506 1540 605 1576 1838.
629 1541 672 1583 8.,
703 1543 765 1575 ubi

122 1587 285 1620 consulas
319 1588 488 1631 imprimis
528 1599 560 1630 p.
594 1585 638 1620 93
669 1598 763 1630 seqq.

123 1633 364 1675 Eloquentiam
396 1633 543 1666 Periclis
584 1634 667 1665 artis
705 1645 765 1666 no-

122 1680 212 1711 mine
235 1679 354 1711 laudat
374 1678 601 1722 philosophus
618 1678 763 1713 Phaedr.

168 1813 234 1849 εἰς
265 1814 454 1855 μισθοφ.
487 1826 550 1855 πρ.
587 1813 765 1858 καταστ.]

123 1858 294 1901 „Hpaicos
307 1858 439 1893 ἐκεῖνος
452 1859 570 1901 (verba
585 1860 767 1903 Ulpiani

124 1910 205 1937 sunt
242 1905 284 1937 de
321 1904 454 1937 Pericle
488 1905 532 1938 ad
567 1905 663 1938 Orat.
698 1906 767 1938 De-

123 1950 292 1982 mosthen.
325 1950 405 1992 περὶ
434 1947 646 1994 συντάξεως)
671 1951 767 1992 ἔταξε

124 1993 353 2037 μισθοφορὰν
381 1994 438 2028 καὶ
465 1994 573 2028 &Smne
599 1999 643 2040 τῷ
669 1995 766 2039 δήμῳ

126 2040 398 2084 στρατευομένῳ,
423 2051 456 2083 p
476 2040 530 2075 50
555 2041 636 2074 edit.
667 2042 767 2076 Basa

122 2083 233 2120 Ἰδιως
254 2085 314 2118 τὸν
329 2086 462 2126 μισθὸν
487 2090 556 2119 τῶν
581 2097 766 2128 στρατευο-

124 2142 188 2170 ιιει
191 2143 242 2163 ων
283 2131 319 2164 οἱ
357 2131 494 2165 παλαιοὶ
534 2131 768 2176 μισθοφορὰν

125 2175 284 2209 ἐκάλουν.
321 2176 486 2210 Suidas
518 2188 545 2210 5.
575 2189 608 2211 v.
640 2179 767 2219 μισθο-

126 2220 232 2262 φορά.
285 2221 353 2255 Sed
392 2222 460 2260 hoc
497 2222 655 2256 Platonis
689 2223 767 2256 loco

126 2267 334 2309 stipendium
358 2266 539 2311 quodlibet
561 2269 602 2301 de
626 2268 767 2311 publico

126 2318 307 2355 acceptum
322 2312 497 2356 designari
517 2318 643 2356 putem.
678 2314 769 2347 Ari-

127 2358 274 2391 stotel.
305 2358 527 2393 Polit.l.11.
558 2371 588 2392 c.
610 2360 694 2392 ult..
730 2358 768 2392 τὰ

128 2401 329 2446 δικαστήρια
355 2402 562 2446 μισθοφόρα
586 2404 769 2447 κατέστησε

128 2447 315 2503 Περικλῆς,
340 2447 400 2481 ubi
423 2448 466 2481 ad
492 2449 553 2481 τὸν
573 2448 769 2483 δικαστικὸν

128 2493 278 2533 μισθόν,
311 2505 414 2536 quem
438 2493 482 2527 ob
505 2495 560 2527 ius
583 2495 768 2528 dicendum

127 2539 282 2581 accipere
305 2539 464 2572 solebant
487 2539 598 2581 cives,
629 2541 769 2583 respici-

127 2584 210 2617 turff'
233 2585 409 2620 ROUTH.
435 2603 477 2609 —
501 2585 553 2617 Cf.
577 2586 768 2619 Bekkeri

129 2629 295 2663 Aneedot.
319 2631 359 2663 T.
385 2631 412 2664 Ι
434 2641 468 2673 p.
489 2629 574 2664 158:
601 2632 769 2664 Μισθο-

129 2678 272 2729 φορῶ·
313 2676 446 2716 μισθοῦ
486 2674 711 2718 στρατεύομαι
748 2674 770 2720 ἦ

128 2716 298 2763 ὑπηρετῶ.
337 2721 405 2754 Res
422 2731 466 2753 ex
489 2721 632 2754 historia
655 2721 770 2755 lucem

126 2766 268 2809 capit.
285 2766 435 2810 Pericles
473 2767 566 2820 enim
603 2767 770 2811 populum

833 1188 940 1220 quum
979 1177 1058 1210 aliis
1087 1176 1346 1209 munificentiae
1376 1186 1479 1219 gene-

832 1223 941 1264 ribus,
965 1226 1037 1255 tum
1057 1223 1226 1266 imprimis
1250 1222 1405 1254 mercede
1428 1222 1479 1253 iu-

833 1268 952 1301 diciali
973 1272 1007 1300 et
1030 1269 1196 1311 θεωρικῷ
1220 1268 1387 1300 institutis
1411 1267 1480 1299 sibi

833 1314 1009 1347 devinxit:
1033 1325 1197 1357 quorsum
1213 1314 1271 1346 hic
1286 1313 1478 1375 respicitur.

885 1405 975 1445 Tan
1001 1401 1045 1437 τὰ
1070 1416 1153 1437 ωτα
1176 1401 1478 1448 κατεαγότωι]

832 1443 946 1483 Locu's
967 1455 1018 1483 est
1040 1450 1077 1482 in
1095 1451 1308 1494 Protagor.p
1311 1447 1413 1482 .342.
1428 1450 1478 1489 B„

833 1496 893 1539 qui
916 1496 1004 1528 haee
1027 1495 1131 1538 plane
1154 1495 1316 1528 illustrat.
1353 1495 1480 1527 Narra—

833 1542 953 1574 turibi
968 1542 1094 1574 multos
1115 1541 1272 1574 homines
1296 1541 1333 1573 in
1358 1541 1479 1573 ceteris

834 1587 1045 1619 Graecorum
1070 1586 1214 1619 urbibus
1238 1586 1388 1627 vixisse,
1420 1588 1480 1628 qui

833 1633 1079 1675 Spartanorum
1113 1643 1226 1665 mores
1257 1637 1291 1664 et
1322 1632 1481 1664 instituta

832 1679 956 1711 insano
989 1678 1102 1710 studio
1138 1678 1373 1710 imitarentur:
1411 1671 1480 1709 ωτά

834 1735 880 1762 τε,
913 1728 952 1755 ut
975 1724 1025 1756 ait
1049 1723 1219 1764 Socrates,
1249 1722 1402 1766 κατάγνυ
1408 1734 1479 1755 νται

833 1768 1037 1809 μιμούμενοι
1073 1766 1210 1803 αὐτούς.
1277 1769 1400 1810 Itaque
1436 1767 1480 1800 ad

834 1815 1090 1855 λακωνίζοντας
1105 1814 1190 1847 istos
1206 1814 1374 1854 homines,
1393 1824 1480 1855 quos

834 1859 923 1891 ridet
983 1860 1086 1892 etiam
1146 1860 1479 1902 Aristophanes

835 1905 925 1936 Avv.
946 1915 979 1937 v.
998 1904 1096 1938 1281.
1120 1905 1352 1937 Ecclesiazus.
1374 1915 1405 1937 v.
1425 1903 1479 1937 74.

836 1950 962 1992 Vespp.
977 1948 1065 1991 473„
1082 1951 1203 1993 procul
1219 1950 1323 1983 dubio
1339 1950 1480 1993 respici-

834 1999 899 2027 tur.
945 1996 1060 2030 Schol.
1095 1995 1139 2028 ad
1176 1996 1349 2039 Aristoph.
1387 1996 1478 2030 Plut.

835 2051 870 2073 v.
893 2039 948 2074 85.
980 2041 1234 2075 Grammaticus
1258 2042 1350 2085 apud
1374 2042 1480 2074 Bek-

835 2086 993 2120 kerum
1040 2087 1205 2119 Anecdot.
1252 2089 1278 2120 Ι.
1321 2098 1353 2130 p.
1393 2086 1477 2120 116·

835 2130 982 2164 ,Ωτοκα
994 2144 1040 2165 τα
1078 2144 1134 2165 ιν·
1177 2130 1239 2165 τὸν
1278 2143 1477 2175 συντετριμ-

836 2176 944 2217 μένον
962 2176 997 2210 τὸ
1018 2189 1093 2212 ους.
1125 2175 1382 2221 Ἀριστοφάνης
1408 2177 1479 2210 Βα-

835 2223 1033 2264 βυλωνιᾞοιε·
1072 2223 1432 2266 Olympiodorus:
1459 2221 1480 2266 ἢ

836 2266 886 2300 ὅτι
905 2268 944 2300 ἐν
965 2273 1038 2303 ταῖς
1051 2271 1275 2311 παλαίστραις
1290 2267 1480 2311 ύπέτριβον

837 2313 876 2346 τὰ
899 2326 970 2346 ωτα
1001 2315 1294 2356 (Lacedaemones
1319 2314 1480 2346 videlicet

835 2359 1043 2401 imitantes),
1082 2358 1102 2404 ἢ
1136 2363 1234 2392 τοῦτο
1268 2359 1354 2415 λέγει
1389 2359 1480 2401 πρὸς

837 2403 917 2438 τοὺς
950 2403 995 2447 μὴ
1027 2404 1248 2445 δυιαμένονς
1279 2417 1383 2438 ιπειι
1385 2417 1418 2438 αι
1442 2403 1481 2437 τὰ

837 2444 907 2482 ὦτα
930 2450 986 2482 καὶ
1010 2447 1157 2483 ἄκουσαι
1183 2453 1251 2483 τῶν
1271 2450 1480 2493 leyoue'zm

836 2496 936 2528 Prior
965 2496 1136 2529 sententia
1169 2497 1272 2529 unice
1304 2507 1388 2529 vera
1419 2501 1478 2528 est.

837 2541 881 2574 cf.
899 2541 1059 2585 Prolegg.
1088 2541 1132 2574 ad
1149 2542 1267 2584 Remp.
1288 2542 1366 2574 clv
1386 2552 1480 2583 seqq.

838 2587 972 2619 Acerbe
988 2591 1101 2620 autem
1119 2587 1186 2619 hoc
1202 2587 1386 2630 respondet
1401 2587 1480 2619 Cal—

836 2631 956 2671 licles;
1000 2636 1134 2666 constat
1172 2633 1263 2665 enim
1303 2633 1479 2666 Socratem

838 2677 980 2719 eiusque
1013 2677 1204 2721 discipulos
1235 2678 1480 2721 Spartanorum

838 2723 1056 2755 severitatem
1109 2723 1213 2766 plane
1268 2723 1481 2766 probavisse.

837 2779 870 2800 v.
894 2767 938 2800 ad
963 2767 1092 2801 Criton.
1116 2780 1150 2812 p.
1173 2767 1228 2802 52.
1253 2770 1293 2801 E.

1138 2835 1211 2869 20*
