1676 2938
251 174 329 209 288
795 169 1053 209 PLATONIS

251 292 369 330 τερος
407 277 492 331 εἴη,
529 275 621 318 οὐδ’
654 275 709 317 ἂν
735 269 883 324 οὗτος·
909 279 1178 329 καταφρονοῖ
1201 275 1283 329 γὰρ
1310 275 1364 318 ἂν
1393 276 1527 318 αὐτοῦ
1555 275 1580 317 ὁ

249 343 457 393 τύραννος
495 339 565 381 καὶ
602 340 681 381 οὐκ
718 342 774 381 α”ν
812 354 913 382 ποτε
947 340 1004 388 ὡς
1030 341 1137 392 πρὸς
1163 340 1291 392 φίλον
1317 341 1576 382 σπουδάσειε.

253 407 384 446 ΚΑΛ,
428 404 512 445 Καὶ
539 405 654 444 ταῦτ’
683 404 835 458 ἀληθῆ.
890 406 986 445 ΣΩ.
1024 404 1219 445 Λείπεται
1245 402 1298 458 δὴ
1325 403 1484 453 ἐκεῖνος
1508 405 1580 458 μό-

250 484 324 526 νος
351 468 465 518 ἄξιος
483 469 623 521 λόγου
651 468 774 519 φίλος
800 470 860 525 τῷ
886 468 1079 524 τοιούτῳ,
1115 466 1161 517 ὃς
1188 470 1257 520 ἄν,
1285 467 1478 523 ὀμοήθης
1504 469 1579 520 ὢν,

249 531 379 573 ταύτὰ
417 531 560 585 ψέγων
596 532 667 573 καὶ
704 531 889 574 ἐπαινῶν
928 530 1052 587 ἐθέλῃ
1085 535 1291 586 ἄρχεσθαι
1316 532 1387 574 καὶ
1412 533 1579 575 ὑποκεῖ-

176 600 217 640 D
248 600 349 637 σθαι
367 597 425 651 τῷ
453 598 635 650 ἄρχοντι.
664 590 790 645 οὗτος
815 597 923 650 μέγα
951 596 997 638 ἐν
1023 598 1155 651 ταύτῃ
1181 603 1233 651 τῇ
1260 597 1379 639 πόλει
1404 597 1577 651 δυνήσε-

248 676 334 708 ται,
383 665 539 702 τοῦτον
574 660 713 710 οὐδεὶς
746 662 905 715 χαίρων
952 661 1150 715 ἀδικήσει.
1189 661 1266 715 οὐχ
1304 660 1440 710 οὕτως
1478 660 1578 716 ἔχεις

251 726 386 766 ΚΑΛ.
425 725 527 765 Ναί.
583 726 680 765 ΣΩ..
720 725 776 766 Εἰ
810 728 893 778 ἄρα
930 740 991 774 τις
1028 724 1267 779 ἐννοήσειεν
1295 723 1342 767 ἐν
1368 726 1500 779 ταύτῃ
1528 732 1578 780 τῇ

248 790 365 830 πόλει
402 791 488 829 τῶν
525 788 658 838 νέων,
707 789 810 830 Τίνα
848 789 902 830 ἂν
936 789 1096 842 τρόπον
1124 788 1205 842 ἐγὼ
1233 787 1338 843 μέγα
1366 789 1578 844 δυναίμην

249 853 323 897 καὶ.
340 853 482 906 μηδείς
503 867 553 907 με
573 853 754 907 α’δικοίη,
782 853 900 907 αὕτη,
930 854 986 902 ὡς
1009 852 1157 905 ἔοικεν,
1186 855 1302 910 αὐτῷ
1329 853 1427 902 ὁδός
1454 853 1579 903 ἐστιν,

247 917 378 966 εὐθὺς
423 917 468 959 ἐκ
505 911 607 959 νέου
646 917 800 969 ἐθίζειν
842 917 973 960 αὑτὸν
1008 921 1096 966 τοῖς
1134 918 1279 967 αὐτοῖς
1316 919 1475 972 χαίρειν
1510 916 1579 959 καὶ

246 985 455 1035 ἄχθεσθαι
494 984 554 1038 τῷ
589 982 790 1036 δεσπότῃ,
830 981 901 1023 καὶ
938 984 1291 1034 παρασκευάζειν,
1327 982 1440 1031 ὅπως
1478 981 1501 1024 ὃ
1539 997 1577 1023 τι

246 1048 424 1100 μάλιστα
462 1045 607 1100 ὅμοιος
644 1039 756 1087 ἔσται
794 1044 950 1101 ἐκείνῳ.
987 1047 1064 1100 οὐχ
1099 1046 1255 1096 οὕτωςς
1296 1047 1431 1087 ΚΑΛ.
1474 1046 1576 1088 Ναί.

179 1120 217 1161 Ε
250 1113 348 1152 ΣΩ.
404 1111 576 1152 Οὐκοῦν
623 1111 760 1167 τούτῳ
799 1111 846 1152 τὸ
884 1109 961 1164 μὲν
998 1109 1056 1164 μὴ
1092 1110 1329 1152 ἀδικεῖσθαι
1365 1110 1436 1151 καὶ
1472 1109 1578 1164 μέγα

246 1176 473 1225 δύνασθαι,
502 1175 558 1224 ὡς
579 1174 602 1216 ὁ
623 1172 821 1228 ὑμέτερος
847 1175 987 1228 λόγος,
1014 1173 1060 1216 ἐν
1086 1182 1137 1229 τῇ
1165 1176 1283 1217 πόλει
1309 1175 1576 1228 διαπεπράξε-

245 1255 333 1289 ται;
366 1241 501 1281 ΚΑΛ.
532 1241 660 1281 Πάνυ
687 1254 746 1293 γε.
802 1240 898 1281 ΣΩ.
922 1231 1002 1292 Ἆρ’
1033 1235 1113 1281 οὖν
1139 1238 1208 1281 καὶ
1236 1239 1284 1281 τὸ
1310 1237 1367 1293 μὴ
1395 1239 1577 1289 α’δικεῖνς

312 1357 356 1388 D.
403 1355 449 1388 ἐν
481 1354 609 1398 ταύτῃ
642 1359 679 1397 τῇ
711 1354 831 1388 πόλει
856 1358 936 1388 τῶν
959 1354 1088 1399 νέων]
1121 1353 1221 1411 αὐιῇ
1229 1351 1346 1388 mark.
1370 1355 1446 1388 Vnt.
1471 1355 1576 1390 coisl.

246 1399 444 1434 Vind.1.6.
469 1400 795 1435 Par.CE1·1vw
841 1401 1000 1433 Fortasse
1024 1401 1090 1443 leg,
1116 1399 1156 1433 ἐν
1179 1397 1264 1443 αὐτῇ
1287 1398 1388 1442 ταύτῃ
1414 1399 1452 1456 τῇ
1476 1398 1578 1433 πόλει.

314 1444 468 1487 μηδείς
498 1456 548 1484 με
577 1442 778 1487 ἀδικοίη,
809 1443 910 1487 αὕτη
939 1444 1001 1499 ·-]
1032 1412 1090 1478 Siga
1113 1446 1190 1479 Bas.
1213 1444 1245 1478 2.
1290 1444 1386 1478 Libri
1417 1444 1534 1478 αδικοῖ
1554 1442 1575 1486 ἠ

247 1502 289 1522 av
295 1489 332 1532 ιη’
360 1494 491 1532 praeter
520 1490 610 1522 Flor.
639 1500 690 1530 x.,
721 1490 780 1531 qui
803 1489 906 1522 habet
927 1487 1060 1528 α’δικοῐ,
1092 1487 1177 1532 αὐτὴ
1201 1501 1228 1522 κ.
1254 1501 1278 1521 τ.
1303 1491 1329 1521 2..
1376 1490 1466 1522 Dein
1497 1494 1576 1522 ante

246 1532 329 1568 ὁδός
353 1534 478 1576 aliquis
501 1533 683 1566 articulum
708 1532 728 1578 ἠ
751 1534 912 1574 insemit;
938 1534 997 1567 sed
1020 1545 1052 1566 v.
1075 1534 1118 1566 ad
1140 1535 1194 1576 Ap
1197 1534 1239 1566 ol.
1263 1533 1373 1576 p.24.
1397 1534 1435 1569 Β.

311 1579 349 1611 Ε.
397 1578 465 1611 καὶ
490 1576 729 1611 ἀδικοῦντα
752 1577 803 1621 μὴ
827 1578 903 1611 διδ.
929 1578 981 1622 ὃ.]
1014 1545 1194 1611 ἀδικοῦντι
1213 1578 1299 1611 Ven.
1326 1577 1366 1611 Σ.
1396 1579 1474 1611 Par.
1498 1578 1578 1612 CV.

246 1701 278 1732 p.
312 1688 389 1723 320.
425 1690 465 1722 A.
519 1690 796 1724 Bornemann.
836 1689 879 1722 ad
991 1690 1034 1721 D.
1079 1688 1202 1731 αὕτη,
1235 1687 1287 1723 ὥς
1313 1689 1474 1727 ἔοικεν,
1507 1686 1574 1721 αὐ-

245 1735 402 1777 Xenoph.
439 1734 589 1767 Anabas.
635 1745 667 1777 p.
707 1733 773 1767 126
809 1744 878 1776 seq.
949 1737 999 1777 τῷ
1023 1730 1126 1768 ὁδός
1149 1732 1285 1777 ἐστιν]
1309 1745 1344 1766 so
1361 1734 1403 1766 ist
1424 1733 1576 1774 diens,

245 1779 396 1812 Matth.
425 1780 466 1819 §.¹
486 1778 562 1812 298.
614 1779 732 1821 Neque
762 1779 879 1812 Latini
946 1779 1006 1811 wie
1028 1789 1062 1811 ee
1084 1778 1220 1819 saneim,
1233 1779 1303 1821 fiir
1324 1777 1385 1810 iJm
1406 1778 1468 1811 der
1491 1778 1576 1821 Wey.

245 1824 310 1856 hac
355 1824 495 1856 lieentia
537 1823 791 1863 abstinuerunt,
837 1823 879 1856 de
947 1823 1065 1865 Itaque
1095 1833 1279 1865 pronomen
1303 1822 1447 1856 subiecti
1469 1823 1577 1856 notio·

245 1868 369 1911 quibus
388 1879 422 1901 v.
440 1869 621 1901 Gronov,
642 1873 676 1900 et
695 1869 879 1901 Draken—
947 1878 1024 1900 nem
1047 1868 1219 1908 continet,
1243 1865 1325 1901 660¹.-
1347 1871 1460 1900 autem
1483 1871 1576 1910 prae-

246 1914 389 1946 borch.
413 1913 455 1946 ad
479 1914 555 1946 Liv.
578 1913 606 1953 1,
628 1912 681 1946 50.
706 1916 790 1946 extr.
947 1912 1096 1945 dicatum
1127 1916 1196 1944 est:
1226 1913 1261 1944 in
1293 1922 1359 1954 quo
1389 1917 1576 1945 structurae

291 1958 328 1990 C.
391 1956 434 1989 ἐν
475 1956 601 1999 ταύτῃ
647 1961 693 2000 τῇ
735 1955 879 2003 πόλει]
945 1968 1069 1999 genere
1083 1956 1248 1989 articulus
1263 1961 1341 1989 ante
1355 1967 1479 1989 nomeu
1498 1956 1577 1989 sub-

246 2012 353 2044 quae
377 2007 504 2034 antea
529 2003 559 2042 5.
584 2003 621 2034 B.
646 2006 878 2035 memorata
946 2002 1131 2034 stantivum
1154 2001 1195 2034 de
1219 2012 1311 2034 more
1333 2002 1515 2041 omittitur3
1540 2002 1574 2033 iu

246 2051 318 2079 est.
351 2058 383 2079 v.
407 2047 494 2089 adp
498 2045 607 2080 ..468
630 2047 668 2078 Ε.
714 2048 798 2079 Mox
817 2043 877 2079 οὐ·
946 2051 1096 2079 nostram
1127 2046 1309 2078 editionem
1333 2045 1494 2078 hocloco
1518 2056 1577 2088 per

247 2090 319 2125 δεὶε
335 2094 465 2133 χαίρων
473 2057 642 2134 Ριὶὸικηίιιει
665 2095 732 2123 est:
757 2101 877 2123 nemo
945 2101 1090 2124 errorem
1132 2091 1246 2123 nescio
1283 2101 1384 2132 quem
1422 2091 1574 2132 irrepsit;

246 2137 416 2178 impune
455 2136 608 2168 laedet.
661 2136 713 2168 Ita
746 2138 878 2177 χαίρων
945 2146 1024 2168 nam
1040 2135 1120 2167 libri
1134 2146 1251 2167 omnes
1267 2145 1343 2167 eum
1366 2139 1458 2167 recte
1480 2136 1575 2167 omit—

245 2191 376 2223 semper
405 2185 482 2223 post
511 2180 727 2223 negationem
743 2185 818 2212 'aut
841 2180 875 2212 in
944 2184 1031 2212 tunt.
1053 2180 1191 2213 Menon.
1239 2178 1324 2212 .71.
1348 2179 1394 2211 Ε·
1421 2177 1469 2211 ὅτι
1491 2177 1574 2221 αὕιη

245 2230 390 2268 negante
404 2225 666 2268 interrogatione
684 2230 876 2267 usurpatur.
944 2223 1042 2256 ἐστὶ»
1055 2235 1101 2256 αι
1104 2222 1189 2264 δρὸς
1205 2222 1321 2267 αρειή,
1339 2224 1419 2256 dass
1439 2223 1576 2256 dieseae

246 2270 332 2302 conf.
364 2269 649 2312 Aristophnn.
683 2269 766 2301 Ach.
800 2268 883 2302 563:
943 2269 1001 2302 des
1039 2268 1184 2301 Manna
1220 2268 1294 2310 Tua
1289 2236 1360 2300 end
1391 2268 1444 2300 ist.
1490 2267 1575 2300 Ibid.

246 2315 358 2357 Vespp
362 2313 464 2348 ,186
486 2314 576 2347 Plut.
591 2312 645 2347 64.
670 2313 876 2356 Thesmoph.
943 2323 975 2355 p
993 2311 1044 2346 75.
1061 2313 1108 2345 Β.
1133 2313 1219 2345 ἔστω
1234 2311 1298 2356 γὰρ
1318 2309 1360 2355 δὴ
1377 2309 1459 2355 ἦμῖι
1478 2315 1575 2344 τοῦτο

246 2325 335 2392 ’726Ρ
345 2360 467 2401 Soph.
491 2358 574 2391 Oed.
591 2359 632 2391 Τ.
653 2356 729 2392 363.
760 2358 876 2400 Antig
943 2356 1061 2400 χρῆμα.
1087 2353 1573 2412 Syugpos.p.179.C:m}‹101·

246 2402 320 2437 758,
344 2404 490 2446 Eurip.
515 2403 623 2436 Orest.
649 2401 745 2436 1609.
769 2403 812 2435 al.
844 2413 874 2433 v.
944 2401 1088 2445 ἳμήιοις
1126 2400 1169 2445 δή
1206 2412 1293 2434 τισιι
1322 2400 1449 2433 ἔδοσαν
1477 2401 1575 2433 τοῦτο

246 2449 375 2490 Toup.
407 2448 448 2480 ad
482 2448 627 2490 Longin.
653 2457 679 2479 c.
706 2445 756 2480 16.
791 2448 820 2487 5
844 2445 875 2480 3.
943 2446 1046 2489 γέρας
1069 2446 1105 2478 οἱ
1123 2447 1214 2478 θεοί.
1246 2445 1346 2488 Apol.
1365 2446 1456 2478 socr.
1473 2455 1505 2487 p.
1519 2444 1572 2478 24.

246 2493 423 2525 Coraem
462 2492 567 2524 scribi
603 2491 775 2524 iubentem
806 2491 875 2524 καὶ
945 2492 991 2523 B:
1028 2489 1112 2533 αὕτη
1145 2491 1230 2523 ἔσιω
1264 2487 1366 2532 ίκαιὴ
1399 2487 1574 2532 ἀπολογία.

248 2539 406 2570 τοῦτον
442 2534 597 2571 οὐδεὶς
636 2548 662 2578 χ.
702 2533 763 2568 db.
805 2535 876 2568 noli
945 2533 1172 2578 1nfrap.527.
1190 2536 1232 2567 D.
1254 2535 1297 2567 of.
1322 2534 1439 2566 Rost.
1466 2536 1495 2574 5.
1520 2532 1574 2566 98.

245 2581 374 2615 audire.
419 2580 533 2613 Habet
561 2582 651 2613 enim
681 2581 767 2614 haee
797 2591 878 2613 aun·
944 2585 1059 2612 annot.
1082 2578 1115 2612 8.
1143 2583 1178 2612 et
1200 2582 1316 2612 annot.
1337 2577 1380 2611 ad
1404 2577 1575 2610 Phaedon.

246 2626 353 2669 phora
389 2636 466 2658 cum
498 2625 663 2668 asyndeto
696 2626 877 2658 coniuncta
943 2635 975 2701 p.
1005 2623 1060 2657 97.
1090 2625 1132 2656 A.
1166 2641 1210 2648 -—
1246 2623 1330 2656 Mox
1360 2622 1496 2655 dativus
1530 2621 1576 2665 τῷ

247 2671 361 2705 neseio
384 2670 465 2713 quid
489 2671 676 2713 gravitatis.
966 2667 1091 2710 εσπόιῃ
1115 2668 1239 2711 pendet
1260 2678 1282 2700 ιι
1305 2671 1372 2701 rote
1395 2664 1521 2701 aureis.
