1702 2924
227 171 303 207 180
764 166 1023 206 PLATONIS

222 275 387 316 τούτων
415 272 560 327 [ἐστὶν]
597 272 624 326 ἢ
664 273 800 327 βλάβῃ
827 272 853 326 ἢ
882 273 1121 327 ἀμφότερα;
1169 273 1314 314 ΠΩΛ.
1346 269 1551 327 Ἀνάγκη.

224 340 322 381 ΣΩ.
352 329 446 390 3Ao'
485 333 566 379 οὖν
603 337 896 391 ἀλγεινότερόν
931 336 1018 379 ἐστι
1051 343 1128 379 τοῦ
1156 335 1358 379 πένεσθαι
1383 337 1455 379 καὶ
1480 339 1550 379 κά-

222 417 344 457 μνειν
392 401 439 443 τὸ
487 402 636 443 ἄδικον
683 397 790 443 εἶναι
823 401 892 444 καὶ
929 402 1165 444 ἀκόλαστον
1201 401 1271 443 καὶ
1309 401 1448 443 δειλὸν
1482 401 1552 444 καὶ

223 467 394 520 ἀμαθῆ,-
447 467 587 507 ΠΩΛ.
631 466 722 507 Οὐκ
759 463 897 520 ἔμοιγε
933 467 1052 508 δοκεῖ
1061 497 1072 515 ,
1111 460 1146 508 ὦ
1184 466 1430 518 Σώκρατες,
1467 466 1560 519 ἀπὸ,

222 531 386 572 τούτων
411 544 471 584 γε.
527 532 628 572 ΣΩ.
669 525 909 583 ’Τπερφυεῖ
930 546 1012 572 τινι
1038 533 1122 583 ἄρα
1149 530 1206 579 ὥς
1232 531 1389 584 μεγάλῃ
1417 531 1553 584 βλάβῃ

222 594 292 636 καὶ
332 597 448 650 κακῷ
485 595 713 650 θαυμασίῳ
747 594 1071 647 ὑπερβάλλουσα
1106 590 1235 636 τᾶλλα
1261 595 1290 649 ἦ
1315 600 1389 649 τῆς
1416 601 1553 648 ψυχῆς

155 662 194 704 Ε
225 659 408 712 πονηρία
428 658 640 712 αἴσχιστόν
662 658 746 700 ἐστι
773 659 958 708 πάντων,
988 657 1128 712 ἐπειδὴ
1156 659 1235 701 οὐκ
1263 659 1460 712 ἀλγηδόνι
1489 672 1550 711 γε,

225 724 281 772 ὡς
300 723 324 765 ὁ
345 725 419 771 σὸς
438 724 574 776 λόγος.
632 724 773 763 Ima.
807 725 1018 765 Φαίνεται.
1074 725 1171 764 ΣΩ.
1196 718 1328 764 Ἀλλὰ
1353 724 1440 778 μήν
1465 737 1552 764 που

222 787 270 829 τό
297 802 344 842 γε
370 788 540 841 μεγίστῃ
570 788 706 841 βλάβῃ
733 787 1001 840 ὑπερβάλλον
1027 785 1223 840 μέγιστον
1250 786 1304 829 ἂν
1329 788 1462 829 κακὸν
1489 787 1552 841 εἴη

221 854 308 893 τῶν
346 854 495 893 ὄντων.
553 853 688 893 ΠΩΛ.
741 852 840 892 Ναί.
899 853 997 892 ΣΩ.
1038 845 1099 892 Ἡ
1129 851 1270 893 ἀδικία
1308 853 1392 904 ἄρα
1426 852 1497 893 καὶ
1524 851 1553 905 ἦ

223 916 427 957 ἀκολασία
446 915 517 957 καὶ
537 915 567 969 ἦ
585 918 689 969 ἄλλη
711 921 849 970 ψυχῆς
875 915 1057 969 πονηρία
1083 913 1280 969 μέγιστον
1304 918 1390 957 τῶν
1417 917 1555 957 ὄντων

222 981 355 1022 κακόν
384 978 492 1030 ἐστι,·
522 982 663 1021 ΠῼΛ.
695 981 907 1022 Φαίνεται.

307 1045 412 1103 Cap.
441 1045 656 1089 XXXIV.
714 1045 815 1085 ΣΩ.
877 1043 949 1092 Τίς
985 1039 1066 1085 οὖν
1102 1041 1224 1098 τέχνη
1251 1043 1397 1092 πενίας
1422 1043 1550 1085 ἀπαλ-

287 1191 327 1223 Ε.
373 1190 442 1222 καὶ
468 1187 488 1233 ἡ
511 1187 613 1233 ἄλλη
637 1193 771 1232 ψυχῆς
796 1187 1007 1233 πονηρία]
1031 1189 1088 1222 Sic
1106 1189 1221 1222 Clark.
1242 1189 1319 1222 Vat.
1334 1189 1438 1223 Coisl.
1462 1189 1550 1222 Ven.

223 1233 303 1267 ΞΣ,
340 1234 443 1267 vind.
474 1233 503 1266 1.
534 1233 566 1267 2.
597 1234 630 1268 6.
660 1233 690 1267 7.
730 1235 807 1266 Par.
837 1233 1013 1267 BCFIV.
1050 1233 1140 1266 Flor.
1170 1244 1200 1267 a.
1230 1233 1263 1266 b.
1287 1245 1316 1267 c.
1340 1234 1372 1267 d.
1395 1245 1438 1266 m.
1462 1245 1493 1266 o.
1517 1245 1551 1266 x.

220 1278 318 1311 Bodl.
341 1279 480 1311 Meerm.
505 1279 597 1311 Stob.
636 1278 735 1319 Quod
758 1282 840 1311 vett.
864 1278 956 1311 editt.
982 1278 1109 1311 habent
1132 1278 1187 1310 καὶ
1213 1275 1233 1322 ἡ
1256 1275 1338 1321 ἄλλη
1363 1281 1420 1321 τῆς
1444 1281 1552 1321 ψυχῆς

221 1325 379 1366 πονηρια,
404 1323 465 1356 id
456 1324 498 1355 iis
514 1323 648 1356 videtur
671 1323 797 1364 deberi,
821 1325 879 1365 qui
904 1321 995 1367 ψυχή
1018 1327 1052 1355 et
1076 1326 1171 1362 σῶμα
1194 1323 1268 1355 sine
1290 1322 1432 1356 articulo
1457 1333 1552 1355 usur-

220 1369 293 1410 pari
323 1378 391 1400 non
422 1368 676 1408 meminissent,
713 1367 754 1400 de
783 1378 850 1410 quo
881 1377 947 1401 usu
977 1367 1140 1410 loquendi
1161 1378 1194 1400 v.
1218 1372 1333 1401 annot.
1358 1367 1401 1400 ad
1424 1367 1550 1400 Phaed.

219 1423 252 1455 p.
275 1411 394 1448 83.c.

221 1545 328 1587 affert,
351 1549 411 1578 aut
432 1549 567 1588 propter
588 1544 759 1585 damnum,
783 1555 850 1587 quo

218 1589 339 1632 afficit,
387 1594 447 1622 aut
489 1594 625 1632 propter
669 1595 851 1631 utrumque

218 1638 315 1677 turpe
349 1634 503 1667 habetur.
549 1635 704 1667 Pravitas
738 1638 851 1666 autem

217 1680 324 1711 animi
368 1683 402 1711 et
445 1679 614 1711 iniustitia
658 1683 709 1711 est
748 1679 850 1721 longe

918 1544 1021 1582 ἐστιν,
1044 1555 1127 1599 perg
1127 1554 1183 1577 ere
1198 1543 1362 1578 debebat.
1427 1545 1551 1587 βλαβε·

921 1588 1072 1630 ρώτατον
1103 1601 1131 1642 η
1154 1586 1352 1630 ἅμφότερα,·
1387 1556 1456 1622 ged
1487 1599 1550 1643 pro

918 1631 939 1677 ἢ
970 1631 1233 1675 βλαβερώτατον
1262 1633 1349 1666 dixit
1379 1631 1399 1677 ἢ
1429 1599 1553 1676 βλαβῃ,

919 1677 1041 1710 ultima
1055 1677 1139 1711 haec
1157 1678 1417 1711 accommodans
1437 1679 1551 1711 verbis

217 1723 424 1766 turpissima.
454 1724 545 1766 Ergo
561 1727 621 1756 aut
637 1733 717 1756 cum
735 1723 851 1756 dolore

218 1772 278 1800 aut
291 1777 370 1800 cum
388 1767 511 1800 damno
531 1772 590 1800 aut
609 1777 687 1800 cum
707 1772 850 1809 utroque

217 1813 320 1845 simul
350 1813 536 1845 coniuncta
558 1812 603 1844 sit
625 1822 766 1845 necesse
789 1816 850 1844 est.

217 1856 387 1897 Quocirca
437 1857 655 1890 manifestum
706 1856 852 1889 arbitror

217 1902 296 1934 ferri
335 1912 403 1934 non
439 1913 538 1944 posse
575 1901 665 1943 quod
704 1902 853 1934 coniecit

218 1946 471 1989 Stephanus
511 1950 545 1979 et
579 1947 715 1987 plurimi
751 1945 848 1979 codd.

216 2001 297 2023 mss.
327 2001 366 2022 su
391 1990 545 2046 peditant
576 1988 596 2033 ἧ
625 1988 851 2031 ἀνιαρόταιόν

218 2033 327 2072 ἐστιν,
357 2037 439 2077 ανιᾳ
464 2032 683 2077 ὑπερβάλλω
707 2047 734 2067 κ.
761 2047 785 2066 τ.
810 2036 848 2072 λ.,

217 2083 434 2121 quatenus
492 2084 557 2112 est
617 2078 850 2112 acerbissi-

216 2133 323 2156 mum
362 2127 424 2156 etc.
483 2124 602 2166 Neque
639 2123 849 2166 probandum

217 2167 307 2210 quod
335 2167 429 2200 codd.
465 2167 616 2222 plerique
647 2178 764 2200 omnes
794 2167 850 2199 de-

217 2212 294 2244 inde
317 2211 498 2245 exhibent:
535 2210 556 2255 ἢ
579 2211 690 2254 βλάβη
717 2210 737 2255 ἢ
760 2209 847 2253 λύπη

217 2255 236 2299 ἢ
266 2254 456 2298 ἀμφότερα.
509 2257 605 2297 Quae
639 2257 740 2290 lectio
775 2257 849 2288 sine

215 2300 320 2333 dubio
355 2305 428 2333 orta
465 2305 517 2333 est
556 2312 598 2333 ex
634 2301 849 2344 glossemate.

216 2345 311 2378 Nihil
340 2345 482 2388 vulgata
504 2346 650 2379 lectione
673 2346 849 2385 sincerius,

215 2399 320 2431 quae,
353 2390 514 2431 quoniam
544 2401 612 2423 non
637 2390 847 2423 intellectum

215 2437 283 2474 est,
316 2434 484 2475 quomodo
516 2434 718 2477 explicanda
748 2439 848 2474 esset,

216 2477 259 2510 ab
298 2478 375 2510 aliis
413 2478 511 2510 aliter
545 2483 675 2511 mutata
705 2478 847 2510 videtur.

217 2522 378 2555 Continet
392 2527 503 2555 autem
523 2523 585 2556 illa
607 2522 847 2556 anacoluthon.

216 2567 372 2599 Socrates
402 2568 492 2599 enim
525 2578 629 2609 quum
661 2568 847 2600 orationem

217 2612 410 2644 inchoasset
443 2612 507 2644 sic:
556 2609 686 2644 οὐκοῦν
721 2608 756 2666 (ᾖ
792 2615 848 2665 τῆς

217 2661 325 2699 ψυχῆς
361 2657 523 2699 πονηρία)
567 2654 588 2699 ἢ
620 2654 848 2696 ἀιίαροιατοι·

919 1722 1143 1756 intermediis:
1164 1722 1219 1755 καὶ
1236 1719 1318 1755 ἀνίει
1333 1720 1551 1764 ὑπερβάλλον

918 1767 1094 1810 αἴσχιστον
1125 1765 1256 1799 τούτων
1286 1756 1376 1805 ἔστί,
1411 1766 1550 1810 perinde

899 1821 960 1845 ao
997 1812 1026 1844 si
1059 1811 1150 1866 pihil
1184 1812 1443 1867 praecessisset,
1484 1812 1552 1843 nisi

917 1856 1002 1889 1ιοο·
1026 1860 1157 1889 ουκουν
1171 1853 1206 1899 (η
1230 1859 1287 1899 τῆς
1311 1859 1420 1911 ψυχῆς
1443 1867 1549 1911 πονη-

921 1900 992 1943 ριά)
1022 1898 1044 1943 ἢ
1071 1898 1154 1944 ἀνίᾳ
1186 1901 1222 1942 (i.
1251 1911 1279 1933 e.
1311 1899 1411 1943 λύπῃ)
1444 1898 1549 1942 υπερ-

918 1944 1046 1987 βάλλον
1077 1946 1252 1987 αἴσχιστον
1284 1944 1411 1977 τούτων
1443 1944 1548 2000 &01'1'12

918 2001 1005 2032 quae
1040 1989 1143 2022 verba
1166 1990 1216 2022 sic
1240 1994 1438 2023 connectas.
1469 1986 1549 2021 οὐκ

918 2038 985 2067 οῦν
1030 2032 1045 2044 '⁴'
1079 2035 1254 2075 αἴσχιστον
1292 2032 1422 2066 τούτων
1455 2032 1551 2065 ἐστὶν

918 2076 1000 2121 ἀνίᾳ
1022 2076 1248 2120 υπερβάλλον.
1271 2082 1310 2110 ut
1333 2075 1551 2119 ι’περβάλλον

919 2123 1205 2155 accommodatum
1247 2126 1383 2164 putetur
1421 2122 1550 2165 praedi-

917 2172 1011 2205 cato,
1050 2177 1152 2209 quum
1190 2177 1208 2198 e
1247 2166 1380 2209 vulgari
1418 2168 1549 2199 ratione

917 2212 1109 2253 requiratur
1125 2209 1397 2253 ὑπερβάλλουσα.
1432 2212 1549 2253 Itaque

917 2257 1086 2288 sententia
1108 2256 1194 2288 haec
1218 2260 1284 2288 estz
1309 2266 1450 2288 nonne
1474 2256 1549 2298 igi-

918 2306 987 2332 tur
1017 2305 1090 2333 aut
1113 2300 1462 2333 iniucunditatis
1486 2299 1549 2331 ha-

917 2344 988 2377 bet
1018 2345 1267 2387 plurimum,
1299 2349 1430 2386 atque
1461 2354 1550 2386 pro-

917 2393 1082 2432 pterea,
1112 2388 1223 2431 quod
1253 2388 1456 2421 molestia
1487 2398 1549 2420 su-

916 2438 1058 2475 perat,
1101 2435 1216 2466 inter
1249 2432 1355 2466 haec
1389 2433 1547 2474 turpis-

916 2478 1023 2510 sima
1067 2482 1148 2516 est.
1198 2481 1273 2510 aut
1316 2476 1548 2519 plurimum

915 2522 1050 2555 affert
1068 2521 1340 2561 detrimenti,
1362 2524 1434 2553 aut
1457 2530 1548 2552 cum

915 2572 1098 2608 utroque
1122 2563 1391 2599 incommodo
1415 2565 1544 2597 simul

916 2615 980 2643 est
1033 2610 1291 2643 coniuncta?
1355 2609 1545 2642 pronomen

916 2653 1064 2692 τούτων,
1124 2654 1215 2697 quod
1267 2653 1424 2686 codicum
1478 2654 1547 2687 fere
