1702 2924
190 175 207 211 l
216 177 266 212 96
732 175 988 215 PLATONIS

138 275 141 277 ’
186 279 465 333 ἀγανακτοῖεν
505 283 585 330 ἄν,
625 280 664 322 εἴ
697 295 759 330 τις
793 282 851 336 μὴ
888 283 1016 337 φαίη·
1055 283 1124 325 διὰ
1159 282 1212 338 δὴ
1249 283 1407 338 ταύτην
1442 284 1521 338 τὴν

188 345 419 399 ὁμολογίαν
446 345 771 399 ἀναγκασθῆναι
798 344 967 388 ἐναντία
996 347 1128 389 αὐτὸν
1157 347 1270 401 αὐτῷ
1297 347 1448 399 εἰπεῖν,
1476 348 1521 390 σὲ

187 407 233 450 δὲ
274 409 378 451 αὐτὸ
417 416 543 451 τοῦτο
583 410 764 464 α’γαπᾶν.
802 410 872 452 καί
907 420 988 453 σου
1022 410 1246 465 κατεγέλα,
1285 409 1342 460 ὥς
1377 410 1424 465 γέ
1452 427 1525 466 μοι

187 473 353 523 δοκεῖν,
392 473 535 527 ὀρθῶς
561 474 667 516 τότε.
707 480 790 515 νῦν
817 473 861 515 δὲ
900 475 1026 516 πάλιν
1055 475 1183 524 αὐτὸς
1209 475 1366 516 ταύτὸν
1391 482 1518 518 τοῦτο

188 535 343 586 ἔπαθε,
382 537 451 579 καὶ
478 536 607 591 ἔγωγε
643 539 732 580 κατ’
772 538 876 580 αὐτὸ
905 546 1030 581 τοῦτο
1059 540 1138 581 οὐκ
1165 542 1324 594 ἄγαμαι
1353 542 1522 591 Πῶλον,

189 601 251 641 ὅτι
291 610 358 643 σοι
401 603 664 656 συνεχώρησε
701 602 749 644 τὸ
788 603 947 644 α’δικεῐν
988 603 1152 656 αἴσχιον
1187 600 1295 646 εἶναι
1331 612 1409 647 τοῦ
1436 606 1522 646 α’δι-

189 668 376 707 κεῖσθαι·
417 665 462 707 ἐκ
497 666 650 720 ταύτης
685 666 768 720 γὰρ
807 663 862 708 αὖ
898 673 971 721 τῆς
1008 667 1237 721 ὁμολογίας
1274 669 1402 718 αὐτὸς
1438 669 1524 711 ὑπὸ

190 736 268 771 σοῦ
296 729 599 781 συμποδισθεὶς
639 729 686 771 ἐν
711 735 799 779 τοῖς
826 731 968 784 λόγοις
1008 730 1312 786 ἐπεστομίσθη,
1353 733 1520 787 αἰσχυν-

189 793 283 843 θεὶς
310 795 337 835 ἃ
366 793 474 836 ἐνόει
501 795 644 836 εἰπεῖν.
685 795 738 836 σὺ
765 794 845 849 γὰρ
872 797 931 851 τῷ
959 797 1080 847 ,ὄντι.,
1119 791 1152 837 ὦ
1180 799 1428 851 Σώκρατες,
1467 798 1525 846 εἰς

188 865 360 900 τοιαῦτα
387 861 503 912 ἄγεις
523 858 704 912 φορτικὰ
725 859 791 900 καὶ
815 859 1090 913 δημηγορικοὶ,
1118 861 1297 913 φάσκων
1318 860 1398 915 τὴν
1424 862 1521 915 α’λή-

256 998 330 1028 καί
362 1005 439 1027 σου
472 995 697 1039 κατεγέλα]
739 996 794 1029 Sic
823 996 924 1029 Vind.
956 995 986 1030 2.
1018 998 1094 1030 Par.
1126 998 1168 1030 V.
1199 999 1289 1031 Vett.
1322 998 1416 1032 editt.
1448 1010 1524 1032 cum

189 1041 329 1082 reliquis
359 1040 454 1073 codd.
487 1052 568 1073 mss.
597 1042 798 1082 καταγελᾶν,
832 1041 922 1083 quod
952 1046 1042 1075 reete
1064 1043 1264 1075 mutandum
1288 1043 1374 1075 vidit
1397 1043 1523 1077 Corna-

189 1086 272 1117 rius.
297 1085 531 1117 Defenderunt
553 1090 667 1118 tamen
691 1096 799 1128 nuper
821 1086 1031 1128 Bernhardy.
1057 1087 1200 1129 Syntax.
1225 1098 1257 1129 p.
1271 1087 1347 1122 464.
1371 1093 1405 1121 et
1428 1089 1523 1122 Win—

189 1130 382 1162 ckelmann.
412 1129 455 1163 ad
477 1130 679 1172 Euthydem.
710 1141 743 1172 p.
766 1129 838 1171 38„
868 1131 928 1173 qui
957 1131 1165 1164 infinitivum
1195 1132 1316 1165 volunt
1338 1143 1382 1165 ex
1403 1143 1522 1175 peren-

188 1174 277 1207 thesi
307 1172 354 1208 ὥς
377 1173 415 1217 γέ
439 1185 493 1213 μοι
523 1174 641 1207 δοκεῖν
671 1174 834 1216 pendere,
865 1176 906 1208 de
939 1186 1006 1217 quo
1036 1187 1159 1218 genere
1190 1180 1380 1210 structurae
1410 1187 1444 1212 ν.
1480 1178 1522 1210 sd

189 1229 222 1261 p.
244 1217 320 1252 453.
343 1219 382 1251 B.
440 1218 507 1250 Sed
537 1229 640 1261 quum
672 1217 717 1253 ὥς
748 1218 787 1261 γέ
816 1231 871 1259 μοι
896 1220 1012 1252 δοκεῖν
1046 1231 1178 1263 semper
1208 1220 1338 1254 dicatur
1369 1222 1523 1254 absolute

190 1273 300 1305 neque
329 1273 407 1295 cum
436 1262 607 1296 infinitivo
639 1264 794 1296 iunctum
827 1274 972 1306 usquam
1007 1266 1214 1308 reperiatur,
1251 1265 1346 1298 illam
1381 1266 1523 1299 duarum

191 1307 478 1340 constructionum
502 1309 735 1341 confusionem
765 1308 820 1341 hic
843 1320 911 1342 non
935 1319 1034 1352 posse
1056 1310 1168 1343 locum
1191 1310 1315 1343 habere
1337 1310 1441 1353 plane
1463 1321 1523 1343 no-

190 1353 243 1385 bis
265 1353 505 1394 persuasimus.

256 1398 293 1428 P.
319 1395 395 1430 483.
426 1395 528 1429 κατὰ
563 1395 704 1438 φύσιν
737 1394 881 1440 tinea]
913 1398 955 1430 V.
987 1395 1024 1430 τὰ
1048 1397 1129 1430 κατὰ
1155 1409 1192 1439 φ.
1218 1396 1274 1431 ὑπ.
1332 1399 1523 1432 Articulum

235 1514 315 1549 κατ’
341 1515 446 1549 αὐτὸ
472 1520 596 1549 τοῦτο
622 1515 699 1549 οὐκ
731 1515 824 1560 ἄγα-

190 1573 260 1601 μαι
284 1560 402 1605 Πῶλ.]
435 1562 479 1595 Η.
503 1572 531 1594 e.
555 1563 597 1594 in
622 1562 703 1594 hoc
725 1563 824 1604 ipso

893 1529 940 1551 os
963 1519 1062 1560 equi
1093 1519 1214 1552 freno
1238 1529 1523 1561 compescere,

892 1563 1191 1596 Hemsterhus.
1228 1564 1271 1596 ad
1303 1564 1522 1606 Aristophan.

189 1617 273 1639 non
296 1606 428 1638 laudo
452 1606 612 1639 Polum.
660 1606 716 1638 Sic
740 1604 825 1639 αὑτό

190 1651 327 1693 ponitur
348 1651 466 1693 Lysid.
490 1661 523 1693 p.
545 1649 623 1684 220.
646 1651 692 1683 B:
718 1653 822 1691 φίλον

192 1694 230 1727 δὲ
248 1698 292 1738 τῷ
310 1693 381 1728 ὄντι
401 1693 596 1727 κινδυνεύει
613 1694 725 1728 έκεῖνο
739 1693 822 1728 αὐτὸ

190 1735 298 1778 εἶναι,
334 1739 385 1773 εἰς
414 1737 433 1771 ὃ
459 1743 563 1772 πᾶσαι
588 1734 685 1772 αὗται
709 1739 746 1772 αἱ
769 1741 821 1772 λε-

190 1782 331 1827 γόμεναι
356 1785 463 1824 φιλίαι
487 1786 683 1821 τελευτῶσι,
708 1784 821 1817 illud

189 1828 259 1861 vel
305 1829 484 1861 maxime
531 1838 673 1861 carum
726 1839 820 1861 esse

189 1873 363 1905 videtur
408 1877 471 1906 etc.
537 1873 642 1906 Plura
685 1874 820 1906 notavit

190 1918 445 1950 Valckenar.
485 1916 527 1949 ad
561 1916 722 1950 Herodot.
759 1918 821 1958 111,

190 1961 243 1995 71.
274 1965 308 1994 et
337 1961 380 1994 ad
409 1961 640 2006 Chrysostom.
672 1962 764 1995 Orat.
796 1963 821 1995 L

189 2007 224 2038 in
262 2006 496 2039 Hemsterhus.
542 2006 650 2039 Oratt.
693 2017 726 2049 p.
765 2007 821 2039 VI.

191 2050 288 2083 Conf.
313 2050 402 2083 infra
424 2061 456 2092 p.
479 2049 556 2083 488.
572 2051 614 2083 D.
638 2061 670 2093 p.
692 2049 822 2085 509.E.

234 2095 271 2127 E.
298 2091 380 2127 ὑπὸ
406 2098 484 2127 σοῦ
510 2104 633 2133 ovan-
660 2113 702 2119 —
726 2094 819 2127 έπε-

192 2138 426 2181 στομίσθη]
458 2138 502 2170 Η.
532 2150 561 2171 e.
595 2149 616 2171 a
646 2143 684 2172 te
717 2140 821 2172 irre-

189 2184 302 2216 titus
332 2184 373 2215 in
398 2193 594 2216 sermone
625 2194 670 2215 eo
702 2183 821 2216 reda-

191 2232 285 2260 ctus
320 2230 403 2268 est,
441 2232 486 2260 ut
518 2238 602 2260 non
635 2228 822 2261 haberet

191 2272 301 2314 quod
337 2272 421 2305 tibi
446 2276 707 2314 opponeret.
768 2272 822 2305 Ad

193 2316 445 2356 συμποδισθσίς
526 2316 608 2358 Oly
617 2327 648 2349 m
658 2317 727 2359 pio
737 2316 759 2349 d
767 2328 786 2349 ο
795 2328 822 2350 r.

191 2371 270 2393 ms.:
310 2358 376 2392 ἀπὸ
413 2363 611 2401 μεταφορᾶς
646 2364 714 2394 τῶν
743 2359 820 2394 ἀλό-

189 2417 264 2447 γων
308 2404 389 2437 ω’ων
419 2408 487 2437 τῶν
517 2404 822 2447 συμποδιζομένων

192 2448 247 2482 ἐπὶ
268 2461 304 2482 ιο
322 2453 503 2492 σφαγῆναι.
520 2450 694 2483 Theaetet.
705 2461 736 2492 p.
747 2449 821 2483 165.

190 2494 235 2527 E:
268 2491 453 2532 θαυμάσας
479 2491 538 2537 τὴν
564 2496 695 2535 σοφίαν
719 2504 820 2527 συνε-

191 2537 364 2580 ποδίσθης
395 2534 451 2569 ὑπ’
484 2535 607 2576 αὐτοῦ,
643 2533 686 2571 οὖ
717 2537 760 2593 δή
782 2549 822 2572 σε

189 2579 440 2636 {momociacensis
478 2594 510 2614 te
547 2583 602 2615 καὶ
644 2584 821 2626 συνδησας

215 2626 257 2669 δη
282 2623 326 2659 ἂν
350 2625 422 2659 τότε
445 2624 588 2667 admon
613 2639 640 2659 κ.
667 2639 692 2660 t.
715 2629 743 2660 λ.
767 2628 820 2661 De

191 2640 436 2712 Ζπισιομίζειν,
476 2671 566 2713 quod
602 2672 736 2714 proprie
768 2676 820 2706 est

890 1607 979 1640 Plut.
996 1618 1028 1649 p.
1043 1607 1117 1640 193.
1140 1609 1308 1650 exposuit.
1318 1627 1360 1633 —-
1376 1620 1402 1648 φ
1411 1620 1429 1641 ο
1441 1620 1458 1650 ρ
1470 1620 1520 1640 τι·

889 1651 937 1684 κά
960 1656 1040 1684 sunt
1072 1654 1229 1695 gravia
1257 1657 1298 1685 et
1325 1652 1520 1692 molesta,

888 1707 920 1730 v.
955 1696 998 1728 ad
1027 1697 1127 1739 Apol.
1160 1697 1288 1730 Socrat.
1321 1708 1352 1740 p.
1381 1695 1437 1730 32.
1468 1698 1522 1737 A„

890 1740 908 1773 δ
921 1740 1165 1784 ημηγορικά
1203 1745 1315 1774 sutem
1352 1741 1400 1774 ad
1435 1751 1521 1784 spe-

890 1785 992 1818 ciem
1035 1788 1076 1817 et
1116 1786 1303 1828 gretiam
1348 1785 1522 1819 audien-

890 1830 1011 1868 tium,
1042 1840 1125 1862 non
1157 1830 1208 1863 ad
1239 1841 1383 1863 verum
1413 1840 1520 1863 com—

889 1878 1053 1916 parata.
1076 1892 1120 1898 —
1145 1872 1199 1909 ὥς
1233 1872 1277 1907 τὰ
1309 1873 1441 1907 πολλά
1471 1885 1520 1907 re-

889 1918 1032 1961 spondet
1061 1920 1134 1953 Lat.
1170 1922 1215 1951 ut
1254 1918 1520 1962 plerumque,

889 1967 927 1995 ut
964 1963 1069 2006 Legg.
1103 1963 1178 1996 XII.
1215 1973 1247 2006 p.
1280 1962 1356 1997 952.
1396 1964 1439 1996 D.
1476 1964 1521 1996 sl.

888 2007 981 2040 Male
1005 2007 1110 2040 Find
1120 2008 1157 2040 ei
1167 2018 1184 2040 s
1193 2018 1252 2042 en.
1284 2008 1521 2050 interpretatur

889 2062 1011 2094 quam
1034 2052 1308 2094 saepissime.
1347 2053 1439 2086 Satis
1462 2063 1521 2085 su-

888 2100 957 2128 tem
990 2100 1123 2129 constat
1157 2096 1345 2138 sophistas,
1384 2097 1520 2129 virtutis

888 2141 958 2172 vim
988 2144 1021 2173 et
1050 2141 1214 2173 rationem
1249 2140 1423 2181 tollentes,
1463 2140 1519 2174 do·

888 2185 1000 2218 cuisse
1023 2195 1074 2225 ea,
1098 2195 1186 2228 quae
1209 2185 1300 2218 iusta
1322 2189 1356 2218 et
1378 2185 1520 2218 honest·

888 2228 1102 2268 haberentur,
1125 2240 1193 2262 non
1217 2240 1278 2272 per
1293 2240 1330 2263 se
1344 2248 1386 2253 —-
1403 2230 1520 2270 φύσει,

888 2278 1010 2306 natura
1033 2291 1076 2298 —
1098 2275 1189 2307 iuste
1211 2279 1245 2307 et
1267 2274 1410 2308 honesta
1432 2284 1518 2314 esse,

888 2317 947 2351 sed
961 2317 1036 2361 lege
1054 2322 1088 2350 et
1102 2319 1339 2352 conventione.
1362 2330 1392 2350 v.
1413 2318 1517 2361 Legg.

888 2363 930 2397 X.
962 2373 996 2404 p.
1019 2360 1095 2395 889.
1120 2363 1159 2395 Ε.
1189 2373 1220 2405 p.
1254 2361 1331 2396 890.
1353 2364 1395 2395 A.
1439 2363 1519 2395 Pro-

889 2412 995 2450 tagor.
1018 2417 1050 2448 p.
1065 2405 1142 2440 337.
1158 2408 1202 2440 D.
1225 2407 1366 2440 Theset.
1388 2417 1420 2449 p.
1443 2405 1518 2440 122.

888 2452 929 2483 A.
988 2451 1107 2493 Itaque
1145 2450 1307 2485 Callicles
1341 2451 1521 2494 distinguit

890 2495 928 2527 ιὰ
952 2493 1033 2527 κατὰ
1059 2493 1168 2536 φύσιν
1192 2499 1226 2528 et
1248 2493 1286 2528 td
1300 2493 1381 2528 κατὰ
1398 2493 1517 2535 νόμον.

933 2540 969 2572 Ρ.
992 2538 1070 2573 483.
1099 2538 1118 2573 ὃ
1141 2538 1190 2582 δὴ
1219 2540 1287 2573 καὶ
1321 2537 1369 2572 σύ
1394 2543 1519 2572 τοῦτο

890 2581 931 2615 τὸ
959 2582 1099 2625 σοφὰν
1121 2583 1164 2628 x.]
1187 2583 1320 2617 Acerba
1340 2593 1418 2616 eum
1447 2585 1521 2616 irri-

888 2628 984 2661 sione
1007 2628 1098 2661 istutl
1123 2631 1222 2662 τοῦτο
1245 2627 1282 2662 τὸ
1305 2626 1422 2668 σοφόν
1444 2639 1522 2671 pro-

888 2674 1018 2706 nomini
1054 2671 1075 2705 ὄ
1112 2673 1300 2706 subiectum
1341 2678 1405 2705 est.
1466 2674 1519 2706 De
