1702 2924
472 188 717 228 GORGIAS.
747 189 791 227 P.
823 190 916 227 461.
947 189 1007 227 ed.
1039 188 1095 228 st.
1380 186 1456 225 127

110 298 257 351 λογίας
294 297 491 340 ἐναντίον
527 313 568 339 τι
604 295 765 351 συνέβη
806 295 853 338 ἐν
879 300 969 346 τοῖς
996 298 1162 350 λόγοιςς
1197 291 1322 338 τοῦθ’
1355 293 1379 337 ὃ
1408 295 1460 349 δὴ

109 364 287 418 ἀγαπᾷς,
317 362 451 413 αὐτὸς
472 362 648 418 ἀγαγὼν
669 362 736 405 ἐπὶ
755 369 931 404 τοιαῦτα
962 361 1220 417 ἐρωτήματα.
1250 360 1338 404 ἐπεὶ
1365 361 1462 402 τίνα

111 430 189 471 οἴει
237 431 561 484 ἀπαρνήσεσθαι
613 427 670 483 μὴ
711 428 806 483 οὐχὶ
843 427 914 470 καὶ
950 424 1085 470 αὐτὸν
1121 427 1372 470 ἐπίστασθαι
1410 426 1462 468 τὰ

110 495 253 537 δίκαια
293 495 364 538 καὶ
398 497 554 544 ἄλλους
590 494 793 545 διδάξειν,·
835 494 923 535 ἀλλ’
965 494 1024 543 εἰς
1059 494 1111 535 τὰ
1138 497 1316 535 τοιαῦτα
1344 495 1464 546 ἄγειν

111 559 247 615 πολλὴ
294 560 491 614 ἀγροικία
529 558 623 601 ἐστὶ
649 559 751 608 τοὺς
785 561 954 612 λόγους.
1022 560 1125 600 ΣΩ.
1177 551 1234 599 Ὦ,
1271 560 1463 600 κάλλιστε

114 628 264 676 Πῶλε,
306 626 411 666 ἄλλα
445 641 511 667 τοι
540 624 770 679 ἐξεπίτηδες
796 625 995 677 κτώμεθα
1024 623 1219 677 ἑταίρους
1245 622 1318 665 καὶ
1344 624 1464 673 υἱεῖς,

110 691 196 740 ἵνα,
236 689 407 732 ἐπειδὰν
433 687 555 733 αὐτοὶ
581 691 859 744 πρεσβύτεροι
885 690 1134 744 γιγνόμενοι
1161 690 1464 743 σφαλλώμεθα,

111 757 320 809 παρόντες
356 757 475 810 ὑμεῖς
510 756 552 798 οἱ
576 757 773 810 νεώτεροι
801 755 1084 808 ἐπανορθοῑτε
1111 755 1234 809 ήμῶν
1261 757 1338 796 τὸν
1368 756 1466 809 βίον

111 822 183 864 καὶ
211 821 258 863 ἐν
285 820 425 876 ἔργοις
447 822 518 864 καὶ
548 821 595 864 ἐν
622 822 776 876 λόγοις.
807 821 876 863 καὶ
904 828 988 863 νῦν
1017 821 1055 862 εἴ
1079 837 1119 862 τι
1147 820 1230 874 ἐγὼ
1258 819 1330 862 καὶ
1360 823 1400 862 Γ
1396 835 1465 872 ορ-

109 957 307 989 BEFIW.
340 956 441 989 Vind.
460 955 488 989 l.
512 955 544 989 2.
569 955 601 989 6.
635 956 732 988 Bodl.
758 956 847 998 Aug.

871 956 1083 987 Meermann.
1108 953 1201 987 Flor.
1227 954 1250 985 f.
1275 964 1301 986 s.
1325 965 1358 985 x.
1385 963 1465 986 cum

110 1002 189 1034 edit.
212 1003 291 1034 Bas.
315 1000 346 1036 2.
389 1001 503 1045 Vulgo
527 1006 599 1034 erat
623 999 728 1042 ἄγωπ,
754 1001 846 1043 quod
869 1000 1092 1032 Heindorfius
1116 998 1331 1032 defendebat.

179 1044 280 1079 α’λλά
313 1059 373 1079 τοι
405 1045 687 1089 ἐξεπίτηδες]
721 1048 817 1101 Bass.
851 1045 880 1080 1.
914 1046 945 1078 2.
986 1046 1078 1078 F-lor
1109 1057 1144 1077 x.
1174 1042 1258 1077 aud
1283 1057 1327 1082 τι,
1363 1044 1464 1076 male.

110 1093 201 1124 Dein
228 1093 343 1125 Clark.
368 1092 446 1124 Vat.
472 1093 557 1124 Ven.
585 1092 624 1124 Σ.
656 1093 718 1124 alii
748 1091 890 1133 ἑτέρους
922 1090 1022 1125 υἱεῖ8.

1075 1091 1148 1122 Α111
1180 1090 1342 1131 ἑταίρους
1374 1089 1465 1123 υἱεῖς

109 1138 165 1170 vel
189 1137 329 1179 ἑτέρους
354 1138 408 1169 καὶ
436 1137 537 1176 υἱεῖς,
560 1138 652 1170 unde
677 1138 754 1169 vitii
777 1138 928 1180 origines
953 1146 1161 1179 cognoscere
1186 1136 1277 1167 licet.

180 1182 223 1215 οἱ
255 1181 462 1224 νεώτεροι
494 1182 814 1226 ἐπανορθοῖτε]
856 1184 933 1215 Par.
965 1183 991 1213 Ι.
1024 1180 1282 1223 ἑπαυορθῶται.
1315 1181 1392 1213 Par.
1423 1180 1463 1212 V.

112 1238 216 1271 supra
238 1239 375 1261 versum
399 1227 645 1268 ἐπανορθῶτε,
677 1228 769 1270 quod
792 1227 886 1260 dedit
910 1227 1055 1260 Bekker.
1103 1228 1148 1259 Et
1171 1227 1222 1259 sie
1245 1227 1349 1259 etiam
1372 1225 1463 1259 Flor.

112 1275 143 1307 b.
168 1285 201 1306 x.
228 1285 305 1307 cum
330 1274 380 1306 ed.
407 1274 485 1306 Bas.
509 1272 541 1307 2.
566 1274 730 1316 scriptum
755 1274 928 1306 exhibent.

180 1321 222 1352 D.
271 1319 341 1352 καὶ
371 1321 449 1351 νῦν
472 1319 519 1351 εἴ
541 1331 573 1351 τι
599 1319 699 1362 ἐγώ]
727 1319 840 1362 Steph.
867 1330 901 1351 τε
925 1328 1046 1351 errore.

112 1444 281 1476 Nimirum
320 1443 483 1475 convenit
520 1442 606 1475 haec
647 1443 755 1475 oratio

114 1499 196 1521 sane
214 1488 265 1521 ori
281 1487 426 1520 calidius
445 1487 628 1530 loquentis.
665 1489 756 1520 'lum

113 1534 226 1566 ἔπειτα
260 1544 336 1566 cum
366 1533 402 1564 vi
430 1532 585 1574 illatum,
617 1544 685 1575 quo
708 1533 755 1575 id,

111 1579 204 1621 quod
219 1589 263 1611 ex
279 1572 430 1621 Gorgiae
443 1579 659 1611 confessione
675 1589 756 1611 con-

111 1628 292 1666 sequatur,
326 1635 406 1657 cum
429 1624 579 1666 quadam
609 1635 756 1668 exagge-

110 1671 243 1703 ratione
266 1669 490 1713 significetur.
532 1670 622 1702 Nam
646 1670 756 1703 solere

113 1716 226 1748 ἔπειτα
256 1716 325 1756 sic,
359 1715 508 1747 maxime
544 1719 622 1757 post
654 1716 757 1758 parti-

112 1761 212 1803 cipia,
228 1760 388 1802 usurpari
403 1760 446 1792 ad
461 1759 634 1792 Phaedon.
653 1771 686 1803 p.
702 1760 756 1794 76.

112 1807 153 1838 E.
185 1806 345 1839 docuisse
378 1805 544 1838 videmur.
598 1807 757 1849 Denique

112 1852 210 1888 ἴσως,
235 1851 448 1891 fortasse,
471 1852 573 1883 iterat
596 1851 756 1893 quodam-

112 1896 213 1929 modo
237 1907 476 1940 praegressum
499 1895 587 1928 illud
610 1897 688 1935 οἴει,
720 1897 757 1928 in

114 1952 182 1984 quo
225 1942 313 1973 nihil
356 1946 408 1974 est
444 1951 506 1974 cur
544 1941 757 1974 haereamus.

113 1988 186 2019 Iam
215 1986 450 2040 interrogandi
479 1987 578 2029 signo
609 1991 687 2029 post
718 1986 758 2019 ἐν

114 2036 185 2066 τοῖς
215 2029 332 2075 λόγοις
366 2033 403 2064 111
437 2032 550 2065 locum
580 2033 757 2066 commatis

113 2078 297 2110 substituto
339 2077 440 2110 facile
480 2078 644 2110 concedes
682 2089 757 2111 sen-

114 2123 256 2156 tentiam
280 2123 347 2155 loci
372 2123 463 2155 hanc
486 2133 677 2166 emergere.
704 2134 756 2156 an

114 2172 260 2211 putas,
281 2172 512 2210 propterea
531 2169 640 2210 quod
661 2169 757 2202 Gor-

113 2215 211 2257 gias
235 2223 329 2246 eum
347 2213 512 2256 pudore
532 2213 758 2246 dubitavit

113 2269 197 2291 non
236 2259 477 2291 concedere
510 2260 663 2302 (negare)
699 2260 757 2292 vi-

113 2314 206 2336 rum
282 2303 551 2336 rhetoricum
627 2305 756 2337 etiam

114 2350 237 2381 iusta
259 2349 440 2381 novisse
472 2353 513 2381 et
535 2350 692 2392 pulcra
716 2355 758 2381 et

113 2393 244 2434 bona,
277 2404 326 2426 ac
357 2395 394 2426 si
424 2395 522 2436 quis
545 2395 595 2427 ad
618 2396 756 2438 ipsum

114 2439 295 2473 accedat
314 2439 464 2472 harum
480 2450 619 2472 rerum
641 2441 757 2483 igna-

114 2496 224 2526 rum,
282 2485 418 2517 fateri
470 2485 611 2527 ipsum
665 2497 757 2518 eum

115 2531 221 2562 haee
259 2540 352 2562 esse
386 2529 631 2571 docturum,
671 2534 757 2563 tum

114 2586 221 2608 vero
259 2586 308 2607 ex
345 2575 421 2607 hac
460 2576 555 2607 eius
587 2586 758 2608 eonces-

116 2622 241 2654 sione
258 2621 525 2652 contrarium
542 2621 756 2663 quiddam,

115 2665 229 2708 quod
251 2669 415 2708 pugnet
439 2676 528 2698 cum
552 2665 757 2709 reliquis,

115 2716 426 2754 consequutum
457 2713 577 2744 esse?
612 2730 654 2736 —
691 2713 758 2745 De-

823 1442 904 1474 inde
948 1439 1046 1473 τοῦθ’
1086 1440 1106 1473 ὅ
1153 1446 1317 1483 sequente
1362 1442 1467 1474 verbo

823 1487 920 1520 finito
952 1487 1079 1519 dicitur
1110 1490 1148 1519 ut
1171 1487 1246 1521 Lat.
1270 1487 1314 1519 id
1343 1486 1467 1529 quod.

825 1533 1047 1575 Comparavit
1069 1533 1162 1564 hanc
1185 1533 1221 1564 in
1246 1543 1319 1565 rem
1341 1533 1469 1565 Hein-

825 1578 997 1610 dorfius
1022 1578 1164 1612 Theaet.
1188 1589 1220 1620 p.
1237 1576 1313 1610 172.
1328 1579 1371 1610 D.
1415 1579 1468 1610 De

824 1624 908 1666 Rep.
931 1624 971 1656 V.
1004 1634 1037 1666 p.
1061 1622 1138 1656 462.
1163 1624 1223 1664 Ι).,
1253 1623 1380 1665 quibus
1411 1623 1469 1655 ad-

826 1669 953 1701 didisse
988 1668 1123 1701 iuvabit
1154 1670 1244 1701 Tim.
1279 1680 1310 1711 p.
1343 1668 1398 1701 61.
1428 1670 1467 1700 E.

825 1714 906 1747 Crit.
933 1713 1010 1747 116.
1035 1714 1071 1746 C.
1108 1714 1330 1756 Aristoph.
1354 1714 1470 1747 Nubb.

824 1771 856 1791 v.
875 1757 960 1792 373:
985 1757 1053 1791 ἀλλ’
1068 1758 1156 1793 ὅςτις
1170 1757 1188 1792 ὁ
1209 1760 1372 1801 βροντῶν
1387 1758 1469 1797 ἐστι,

826 1802 980 1846 φράσον,
1011 1802 1110 1836 τοῦθ’
1145 1803 1163 1837 ὅ
1186 1816 1227 1844 με
1251 1809 1348 1836 ποιεῖ
1368 1816 1471 1846 τιτρε-

825 1852 972 1889 μαίνειν.
1008 1851 1091 1882 Voc.
1118 1848 1160 1893 δή
1185 1854 1310 1890 autem,
1333 1853 1372 1882 ut
1394 1851 1469 1882 Lat.

825 1895 1022 1936 scilicet,
1083 1895 1252 1927 irrisionis
1303 1895 1471 1928 indicium

826 1941 917 1972 facit.
959 1941 1118 1982 Denique
1143 1940 1234 1982 quod
1258 1941 1373 1983 recepi
1395 1941 1470 1983 plu-

825 1987 989 2018 rimorum
1036 1996 1221 2028 eorumque
1264 1987 1470 2028 optimorum

823 2031 990 2064 librorum
1021 2030 1203 2064 lectionem
1230 2029 1389 2074 ἀγαγών,
1427 2033 1468 2064 ab

826 2077 859 2108 H
868 2088 885 2109 e
895 2078 937 2109 in
947 2076 968 2108 d
977 2088 996 2109 ο
1006 2077 1064 2108 rfi
1073 2078 1082 2108 i
1107 2078 1278 2109 sententia
1293 2077 1471 2110 disceden-

824 2122 906 2154 dum
929 2123 1013 2162 fuit,
1044 2123 1105 2164 qui
1127 2127 1278 2165 tempore
1302 2123 1360 2155 hic
1384 2133 1470 2165 opus

825 2178 899 2200 esse
952 2167 1139 2200 arbitratur
1185 2168 1471 2201 consuetudinem

825 2212 997 2255 quandam
1006 2213 1232 2256 significante,
1245 2224 1314 2253 non
1324 2218 1471 2256 praeter-

825 2260 910 2291 itam
940 2260 1119 2292 actionem.
1162 2259 1300 2291 Etenim
1323 2260 1471 2291 aoristus

825 2304 988 2346 quoniam
1012 2303 1055 2336 ad
1081 2305 1252 2337 actionem
1274 2304 1471 2341 idemtidem

825 2350 1004 2392 repetitam
1028 2350 1183 2391 refertur,
1214 2354 1248 2382 et
1271 2350 1344 2392 ipse
1367 2350 1472 2382 moris

826 2399 860 2426 et
894 2395 1155 2427 consuetudinis
1186 2395 1471 2438 significat-ionem

826 2439 954 2472 habere
979 2440 1076 2472 solet.

872 2485 910 2517 C.
959 2497 998 2517 οι
1038 2483 1247 2527 νεώτεροι
1281 2485 1394 2518 ἑπαν
1404 2498 1472 2528 ορ-

827 2531 908 2562 θο
893 2542 951 2563 ιτε
975 2527 1006 2573 ἡ
1004 2541 1032 2562 (ι.
1036 2529 1047 2573 ]
1068 2532 1195 2563 Recte
1185 2542 1222 2563 ln
1235 2532 1333 2566 codd.
1345 2531 1474 2575 legitur

827 2574 1040 2617 ἑπανορθο
1027 2588 1037 2607 ι
1050 2587 1109 2614 τε
1134 2577 1225 2619 quod
1243 2577 1473 2610 Heindorf.

826 2621 1011 2653 Bekker.
1044 2621 1133 2654 Ast.
1167 2622 1229 2654 alii
1258 2622 1295 2654 in
1321 2621 1472 2663 ἐπανορ-

827 2667 920 2698 θῶτε
950 2670 1135 2700 mutarunt.
1180 2668 1267 2699 Nam
1299 2667 1473 2709 optativus

825 2715 903 2754 post
933 2712 1120 2755 particulas
1151 2712 1272 2745 finales
1296 2713 1333 2744 in
1356 2712 1473 2745 huius-
