1676 2938
0 1987 15 2080 mer

557 186 801 226 GORGIAS.
841 187 887 225 P.
921 188 1015 224 511.
1046 186 1108 224 ed.
1139 185 1196 224 st.
1482 185 1559 221 291

203 296 255 338 τὰ
283 295 458 350 σώματα
485 295 558 338 καὶ
595 296 648 338 τὰ
685 296 877 350 χρήματα
917 293 962 336 ἐκ
999 296 1088 336 τῶν
1117 292 1304 348 ἐσχάτων
1332 292 1564 339 κινδύνων,

204 361 343 415 ὥςπερ
384 362 414 416 ἦ
454 361 670 416 ῥητορική.
718 359 789 402 καὶ
828 359 935 414 αὕτη
983 359 1061 414 μὲν
1099 357 1440 413 προςεσταλμένη
1479 357 1565 399 ἐστὶ

204 426 275 468 καὶ
304 427 484 481 κοσμία,
522 425 594 468 καὶ
621 426 674 467 οὐ
703 426 954 479 σεμνύνεται
984 423 1317 480 ἐσχηματισμὲνη
1346 425 1404 474 ὠς
1438 423 1565 476 ὕπερ-

204 493 378 547 ήφανόν
415 507 454 533 τι
505 490 870 545 διαπραττομένη,
922 491 1028 533 ἀλλὰ
1067 491 1202 532 ταύτὰ
1250 488 1566 544 διαπραξαμένη

204 564 255 611 τῇ
283 557 493 612 δικανικῇ,
523 557 599 599 ἐὰν
627 556 705 610 μὲν
733 556 774 607 ἐξ
804 557 984 610 Αἰγίνης
1011 557 1139 609 δεῦρο
1169 557 1308 610 σώσῃ,
1338 552 1471 610 οἶμαι,
1500 550 1568 596 δύ’

205 622 389 674 ὀβολοὺς
419 621 653 676 ἐπράξατο,
697 621 772 663 ἐὰν
812 621 857 663 δὲ
886 620 927 672 ἐξ
957 622 1186 676 Αἰγύπτου
1214 621 1240 675 ἢ
1270 621 1315 663 ἐκ
1343 627 1421 663 τοῦ
1451 622 1564 662 Πόν-

206 703 308 737 του,
349 687 424 730 ἐὰν
451 688 656 742 πάμπολυ
685 688 842 740 ταύτης
868 693 943 741 τῆς
969 688 1152 742 μεγάλης
1183 687 1446 740 εὐεργεσίας,
1486 687 1563 727 σώ-

206 750 298 794 σασ’
329 755 356 793 ἃ
383 759 467 794 νῦν
495 752 547 807 δὴ
586 751 753 806 ἔλεγον,
796 751 866 794 καὶ
895 753 1030 795 αὐτὸν
1059 753 1129 795 καὶ
1165 753 1322 801 παῖδας
1360 752 1432 793 καὶ
1469 753 1564 806 χρή-

204 833 315 872 ματα
354 818 423 860 καὶ
465 822 697 873 γυναῖκας,
748 814 1034 872 άποβιβάσασ’
1087 819 1146 866 εἰς
1182 818 1259 859 τὸν
1295 815 1446 871 λιμένα
1486 818 1564 858 δύο

205 883 394 938 δραχμὰς
432 883 663 938 ἐπράξατο,
705 883 775 925 καὶ
813 884 944 934 αὐτὸς
981 885 1005 926 ὁ
1044 882 1152 938 ἔχων
1187 884 1267 937 τὴν
1305 882 1458 937 τέχνην
1495 883 1566 924 καὶ

204 955 340 990 ταῦτα
367 949 708 1004 διαπραξάμενος
737 949 865 1003 ἐκβὰς
893 951 1008 1003 παρὰ
1036 948 1115 1003 τὴν
1142 950 1362 990 θάλατταν
1389 948 1461 990 καὶ
1486 948 1567 1002 τὴν

205 1021 316 1056 ναῦν
368 1020 590 1068 περιπατεῖ
636 1015 682 1057 ἐν
732 1016 886 1071 μετρίῳ
938 1016 1126 1070 σχήματι.
1178 1015 1422 1068 λογίζεσθαι
1468 1015 1566 1068 γάρ,

205 1077 344 1134 οἶμαι,
374 1079 614 1127 ἐπίσταται,
654 1081 719 1123 ὅτι
747 1081 908 1135 ἄδηλόν
938 1079 1052 1123 ἐστιν
1081 1079 1277 1130 οῧςτινάς
1303 1095 1347 1121 τε
1375 1078 1567 1134 ὠφέληκε

209 1225 315 1257 quum
341 1216 458 1256 διαπρ.
494 1216 561 1249 hoc
593 1217 764 1259 pertineat
795 1215 838 1248 ad
870 1216 1065 1258 sequentia,
1092 1226 1178 1258 opus
1208 1220 1261 1248 est
1291 1215 1436 1256 aoristo,
1465 1226 1566 1258 quem

208 1265 390 1293 servarunt
414 1261 501 1295 Ven.
527 1262 567 1295 Ξ.
591 1272 653 1305 pr.,
677 1262 764 1294 Ven.
792 1261 831 1293 Σ.
858 1261 962 1294 vind.
985 1260 1016 1294 2.
1041 1261 1132 1294 Flor.
1157 1272 1191 1293 x.
1215 1262 1356 1294 Meerm.
1398 1261 1568 1294 Praesens

211 1310 323 1339 ortum
347 1306 483 1339 videtur
506 1318 550 1339 ex
573 1307 754 1340 iteratione
778 1308 970 1350 praegressi
995 1306 1277 1349 διαπραττομὲνη.
1331 1306 1570 1339 Defenderunt

207 1357 322 1384 tamen
347 1353 579 1385 Buttmannus
604 1358 637 1385 et
655 1353 774 1385 Astius
798 1363 961 1394 praesens
986 1357 1120 1394 tempus
1145 1353 1204 1392 sie,
1229 1358 1267 1384 ut
1292 1351 1567 1394 διαπραττομένη

207 1397 327 1430 dicant
350 1397 530 1440 designare
563 1398 863 1431 consuetudinem.
896 1398 953 1430 cui
982 1398 1128 1440 tempori
1160 1402 1251 1430 recte
1283 1397 1450 1440 subiungi
1482 1399 1567 1431 aori—

208 1447 311 1482 stum,
335 1453 403 1485 quo
427 1447 602 1485 tamquam
627 1444 678 1476 rei
701 1443 860 1485 exempla
884 1443 1128 1486 insigniantur.

276 1485 354 1520 ἐὰν
377 1487 458 1527 μὲν
482 1487 527 1529 ἐξ
555 1488 746 1532 Αἰγίνης
753 1488 828 1543 -]
856 1489 983 1521 Coraes
1007 1499 1039 1532 p.
1064 1486 1140 1522 346.
1166 1488 1379 1542 corrigebat.
1413 1486 1478 1520 ἐὰι
1502 1488 1567 1528 μὲπ

208 1531 246 1573 ἐξ
274 1532 422 1575 Αἰγίνης
449 1533 555 1575 δεῦρο
583 1533 694 1576 σώσῃ,
726 1529 841 1573 οἶμαι
875 1532 927 1566 δύ’
959 1531 1112 1575 ὀβολοῖς
1145 1531 1336 1575 ἐπράξατο·
1370 1531 1433 1565 ἐὰι
1465 1533 1504 1567 δὲ
1529 1533 1567 1574 ἐξ

207 1667 294 1699 quae
332 1667 373 1690 eo
414 1659 552 1690 nomine
593 1669 629 1690 se
665 1658 850 1712 magnifice
920 1659 1059 1692 Menon.
1100 1669 1132 1701 p.
1165 1657 1218 1691 91.
1253 1659 1303 1690 D:
1345 1659 1402 1690 καὶ
1436 1657 1568 1691 τούτων

206 1702 393 1744 praedicat.
418 1722 462 1727 —
496 1701 545 1736 ού
580 1714 688 1743 σεμι
700 1701 720 1735 ύ
735 1716 752 1734 1
762 1715 853 1735 εται
926 1707 1092 1744 φανερῶς
1123 1702 1274 1746 χρήματα
1298 1701 1436 1745 ἀξιοῦσι
1461 1702 1566 1745 πράτ-

208 1747 377 1790 ἐσχημη
417 1749 464 1781 sie
495 1749 620 1781 bru'stet
650 1748 720 1781 sich
751 1748 854 1786 nicht
924 1750 1057 1781 τεσθαι.
1091 1750 1132 1781 cf.
1156 1749 1304 1781 Matth.
1338 1750 1367 1789 ἕ.
1393 1748 1470 1783 364.
1503 1750 1567 1781 Re-

208 1793 322 1825 i‘ndem
372 1793 420 1826 sie
462 1793 533 1826 sich
574 1794 746 1836 yeherdet,
804 1794 855 1826 als
924 1794 1107 1836 petendum
1145 1798 1259 1826 autem
1306 1793 1498 1837 πράττηται.
1523 1813 1567 1817 -

207 1838 462 1871 υοίίότᾶοῆίεεὶε
475 1845 575 1871 εἰωαε
586 1839 855 1881 Πεῦενεοήωεπφ
923 1840 1086 1872 Proxima
1117 1840 1305 1872 Ficinus
1344 1840 1410 1872 hoc
1447 1839 1567 1872 ordine

208 1883 319 1916 Ziches.
365 1884 470 1916 Recte
502 1884 594 1917 Tim
606 1896 624 1917 a
635 1895 653 1917 e
662 1895 684 1917 u
693 1896 709 1916 s
742 1884 854 1917 Gloss.

209 1927 350 1982 11245.
396 1929 652 1982 σχηματιζόμειι
648 1941 702 1963 ος·
749 1941 854 1971 προς·

209 1939 419 2014 ποιούμενος
437 1973 463 2028 j}
488 1984 530 2006 συ
537 1987 555 2005 π
558 1973 719 2014 ταττόμει
721 1986 770 2012 ος,
795 1974 855 2006 ubi

210 2018 366 2051 Ruhnk
378 2021 505 2052 enius
528 2020 618 2052 hune
634 2020 747 2053 locum
764 2031 856 2052 com—

210 2075 404 2097 memorans
439 2064 709 2108 ἐσχηματισμὲνη
741 2066 855 2098 minus

210 2116 302 2142 reete
332 2110 578 2154 interpretatur
607 2122 640 2143 m
652 2122 673 2143 a
681 2122 704 2154 g
713 2121 735 2143 n
745 2111 757 2143 i
767 2111 798 2143 fi
808 2121 827 2143 c
837 2122 855 2142 e

210 2166 229 2186 ο
238 2166 256 2187 r
264 2166 286 2187 n
299 2165 320 2188 a
327 2159 341 2188 t
350 2166 380 2190 a.

257 2219 316 2254 δύ’
374 2219 562 2264 ὀβολοὺς
618 2222 854 2267 ἐπράξατο]

211 2277 286 2309 pro
333 2267 533 2301 mercede
571 2270 754 2312 exigere
796 2281 855 2303 so-

211 2312 282 2344 let.
307 2322 341 2346 ν.
365 2314 482 2346 Rost.
506 2314 537 2354 ἓ.
551 2313 626 2348 116.
639 2313 670 2348 8.
695 2320 811 2347 annot.
822 2314 854 2348 4.

211 2358 442 2391 Matthiae.
467 2359 497 2398 §-
522 2357 598 2392 506.

258 2423 337 2456 ἐὰν
378 2424 424 2458 δὲ
455 2424 500 2466 ἐξ
538 2425 767 2470 Αἰγύπτιοι
798 2426 854 2471 —]

213 2470 435 2510 „Meminisse
473 2470 610 2504 videtur
647 2472 769 2504 harum
807 2484 856 2505 re—

211 2515 374 2558 gionum,
404 2516 486 2559 quia
510 2516 592 2548 olim
616 2517 704 2550 inter
727 2518 790 2550 has
823 2523 856 2551 et

213 2561 394 2593 Graeciam
435 2561 573 2605 insigne
615 2564 855 2596 commercium

213 2605 309 2638 fuitss’
338 2606 513 2639 ROUTH.
538 2626 581 2632 —
606 2606 760 2651 ταύτης
786 2612 855 2652 τῆς

211 2661 243 2689 μ.
269 2662 432 2694 ευεργε
446 2654 554 2686 σιας.
597 2653 661 2685 Est
682 2652 739 2685 hic
760 2655 856 2697 geni-

211 2696 304 2728 tivus
333 2697 457 2730 mercis
481 2708 583 2754 quem
600 2702 727 2730 vocant
745 2709 857 2741 gram-

210 2741 337 2775 matici.
385 2742 500 2786 Vulgo
532 2740 612 2776 ἀντί
645 2743 854 2787 intelligunt.

924 1885 1025 1927 legit:
1067 1886 1123 1917 καὶ
1156 1884 1280 1918 παῖδας
1313 1885 1368 1916 καὶ
1401 1889 1568 1929 γυναῖκα»-

924 1929 981 1962 καὶ
1015 1929 1175 1973 χρήματα.
1248 1930 1394 1963 Codices
1430 1934 1570 1963 tuentur

924 1975 1107 2008 lectionem
1126 1975 1315 2018 vulgatam,
1335 1987 1438 2018 quam
1453 1981 1568 2009 tamen

924 2031 1045 2053 vereor
1081 2024 1119 2052 ut
1150 2021 1442 2054 Heindorfius
1479 2021 1567 2054 bene

925 2066 1116 2099 defenderit
1155 2072 1351 2110 comparato
1389 2067 1465 2099 loeo
1496 2068 1568 2099 Mc-

924 2122 1047 2144 nexen.
1088 2122 1121 2154 p.
1151 2109 1227 2144 248.
1266 2113 1307 2144 A.
1370 2113 1567 2145 Notandum

923 2157 1030 2200 igitur
1062 2157 1128 2190 hoc
1160 2158 1356 2200 exemplum
1392 2159 1568 2213 negligen-

923 2204 1004 2244 tiae,
1027 2213 1097 2235 non
1120 2203 1371 2246 corrigendum.
1427 2204 1480 2235 De
1504 2201 1566 2235 αὐ-

925 2246 1000 2286 τόν,
1025 2249 1058 2280 h.
1084 2259 1111 2281 e.
1145 2248 1368 2280 dominum
1398 2250 1472 2281 sive
1504 2259 1568 2291 pa-

923 2298 1030 2326 trem
1054 2294 1274 2334 familias,
1308 2305 1337 2325 v.
1370 2293 1413 2325 ad
1438 2293 1567 2326 Criton.

924 2350 955 2381 p.
988 2337 1042 2371 50.
1075 2340 1115 2371 Ε.
1174 2339 1317 2371 Frustra
1352 2339 1388 2370 in
1425 2350 1568 2371 numero

925 2383 1095 2427 singulari
1133 2384 1245 2416 haesit
1275 2384 1566 2427 Voegelinus3

923 2429 1069 2472 pluralis
1095 2430 1185 2461 enim
1210 2430 1290 2472 poni
1308 2440 1376 2462 non
1392 2431 1568 2472 potuit.—

925 2474 1083 2507 Ceterum
1095 2474 1135 2507 de
1145 2475 1254 2517 pretio
1266 2475 1331 2507 hoc
1341 2475 1409 2507 v.13
1421 2476 1567 2508 oeckh.

925 2520 1055 2552 Oecon.
1087 2520 1190 2552 Attic.
1223 2521 1263 2552 T.
1289 2521 1315 2552 Ι.
1352 2531 1381 2563 p.
1409 2519 1475 2554 169
1498 2532 1566 2562 seq.

970 2611 1008 2642 E.
1065 2609 1113 2641 ἐν
1159 2613 1325 2653 μετρίῳ
1376 2608 1568 2653 σχήματι]

895 2647 899 2651 ’
924 2656 946 2686 i.
972 2666 1000 2687 e.
1027 2654 1067 2687 ἐν
1091 2658 1233 2699 κοσμίῳ.
1278 2655 1437 2688 Ceterum
1463 2658 1571 2697 σχῆμα

924 2710 994 2732 11011
1029 2704 1082 2733 est
1111 2702 1326 2742 vestitus,
1364 2701 1422 2733 sed
1454 2701 1570 2733 habi-

924 2749 1009 2777 tus.

1226 2812 1298 2846 19*
