1682 2944
445 236 691 276 GORGIAS.
721 236 765 274 P.
798 239 891 274 508.
921 236 980 274 ed.
1012 235 1069 274 St.
1355 237 1431 271 281

85 347 341 397 σπουδάζων
368 346 553 400 λέγοιμι,
594 344 795 399 λέγοντα,
835 339 900 385 ὅτι
928 340 1245 398 κατηγορητέον
1273 342 1337 396 εἴη
1366 342 1436 384 καὶ

84 411 221 453 αὐτοῦ
249 411 320 454 καὶ
347 410 463 460 υἱέος
490 410 562 453 καὶ
589 409 785 462 ἑταίρου,
825 408 900 451 {dv
926 424 967 450 τι
997 410 1145 463 ἀδικῇ,
1185 407 1257 450 καὶ
1284 415 1335 463 τῇ
1365 408 1436 462 ῥη-

83 484 230 532 τορικῇ
267 475 335 519 ἐπὶ
371 484 500 519 τοῦτο
540 473 759 531 χρηστέον.
795 473 867 517 καὶ
894 476 922 516 ἃ
949 477 1108 516 Πῶλον
1137 474 1316 529 αἰσχύνῃ
1345 475 1436 528 ᾤου

83 546 331 597 συγχωρεῖν,
372 542 516 596 ἄληθῆ
544 544 629 594 α”ρα
655 536 726 595 ἦν,
754 540 803 582 τὸ
833 536 944 581 εἶναι
972 541 1020 581 τὸ
1050 540 1214 581 ἀδικεῖν
1241 546 1320 582 τοῦ
1348 540 1435 581 α’δι-

83 611 250 650 κεῐσθαι
290 606 458 663 ὅσῳπερ
496 607 663 661 αἴσχιον
697 606 890 661 τοσούτῳ
926 606 1099 648 κάκιον·
1139 604 1211 648 καὶ
1238 605 1316 647 τὸν
1343 603 1436 660 με’λ-
1469 607 1505 651 C

82 676 214 715 λοντα
256 672 400 726 ὀρθῶς
439 672 669 726 ῥητορικὸν
706 669 878 714 ἔσεσθαι
915 671 1084 713 δίκαιον
1122 674 1207 722 ἄρα
1236 672 1302 713 δεῖ
1329 667 1439 712 εἶναι

82 739 153 780 καὶ
180 736 440 793 ἐπιστήμονα
466 741 554 779 τῶν
581 737 773 788 δικαίων,
798 738 836 779 ,ὃ
864 733 920 779 αὖ
950 737 1142 791 Γοργίαν
1170 735 1252 790 ἔφη
1284 739 1439 786 Πῶλος

82 800 131 846 δι’
182 805 389 859 αἰσχύνην
434 804 708 858 ὁμολογῆσαι.
794 804 898 862 Cap.
940 803 1104 847 LXIV.
1179 803 1356 844 Τούτων
1393 802 1438 844 δὲ

83 871 219 922 οὕτως
257 872 464 927 ἐχόντων,
506 867 789 926 σκεψώμεθα,
827 872 867 912 τί
903 865 992 912 πότ’
1034 868 1148 911 ἔστιν
1186 870 1212 910 ἃ
1252 868 1306 910 σὺ
1345 868 1439 922 ἐμοὶ

84 938 320 991 ὀνειδίζεις,
364 930 447 991 ἆρα
484 940 623 986 καλῶς
651 936 837 991 λέγεται,
877 936 903 990 ἢ
934 938 1009 986 οὔ,
1052 935 1109 984 ὡς
1136 937 1220 988 ἄρα
1251 933 1332 989 ἐγὼ
1361 935 1439 988 οὐχ

83 998 174 1053 οἷός
219 1011 255 1045 τ’
306 1003 388 1057 εἰμὶ
439 1004 656 1058 βοηθῆσαι
691 1005 789 1044 οὔτε
829 1001 999 1058 ἐμαυτῷ
1039 1004 1136 1044 οὔτε
1174 1003 1260 1042 τῶν
1299 1001 1439 1054 φίλων

83 1067 227 1111 οὐδενὶ
256 1067 355 1111 οὐδὲ
382 1071 470 1111 τῶν
495 1069 679 1119 οἰκείων,
709 1068 800 1110 οὐδ’
832 1066 1013 1110 ἐκσῶσαι
1042 1065 1087 1109 ἐκ
1114 1069 1201 1108 τῶν
1229 1067 1440 1120 μεγίστων

80 1227 160 1259 Vnt.
183 1226 289 1259 Coisl.
309 1226 412 1259 Vind.
433 1225 465 1259 2.
482 1225 513 1261 6.
545 1226 632 1259 Ven.
653 1226 730 1259 ΞΣ.
761 1227 839 1260 Par.
864 1225 1029 1259 BCEW.
1059 1226 1201 1258 Meerm.
1222 1224 1321 1258 Bodl.
1346 1225 1439 1258 Flor.

82 1283 112 1304 a.
135 1274 169 1305 b.
193 1282 223 1304 e.
247 1272 278 1304 d.
303 1272 326 1306 f.
352 1283 382 1304 ο.
408 1283 433 1305 s.
466 1271 546 1305 Ald.
563 1273 643 1304 Bas.
659 1271 690 1304 1.
709 1270 740 1304 2.
775 1272 889 1304 Etiam
913 1271 1060 1312 Quintil.
1085 1272 1129 1312 II,
1155 1270 1208 1304 15.
1234 1270 1298 1303 δεῖ
1331 1271 1438 1303 Hein-

82 1317 169 1350 dorf.
192 1329 235 1350 ex
258 1318 335 1350 Par.
361 1316 431 1350 ἔδει
454 1318 601 1372 scripsit.

152 1375 187 1395 τι
213 1360 298 1395 πότ’
326 1362 451 1395 ἐστιν
473 1360 495 1395 ἃ
522 1360 591 1406 σὺ]
617 1363 658 1395 V.
685 1364 773 1401 τί,να
797 1372 918 1394 rursus
941 1365 1076 1405 praeter
1098 1361 1255 1395 codicum
1279 1361 1391 1393 fidem.

100 1412 111 1419 ”
153 1405 306 1440 οὐδενὶ
333 1404 444 1440 ουδὲ
468 1407 552 1441 τῶν
577 1407 781 1449 ol'uscwv]
813 1407 911 1440 Libri
935 1418 1054 1440 omnes
1079 1405 1165 1440 οὐδὲ
1190 1406 1258 1440 τῶν
1283 1407 1437 1446 οἶκε-ι’,ων

83 1453 174 1495 quod
199 1457 289 1486 recte
314 1458 496 1486 servarunt
518 1454 638 1486 Astius
665 1457 698 1485 et
720 1453 914 1486 Bekkerus.
960 1453 1028 1486 Sed
1051 1453 1250 1485 Findeisen.
1275 1458 1309 1485 et
1332 1453 1439 1485 Hein-

82 1499 167 1533 dorf.
199 1503 421 1532 correxerunt
450 1497 540 1531 οὔτε.
588 1500 636 1531 At
650 1500 757 1554 ”enim
789 1509 870 1531 vero
901 1509 971 1531 non
1003 1504 1071 1531 tres
1096 1498 1357 1554 distinguuntur
1379 1510 1439 1531 no-

82 1545 209 1585 tiones,
244 1543 304 1577 sed
335 1544 440 1585 duae,
469 1546 519 1577 ita
549 1549 590 1576 ut
620 1541 700 1577 οὔτε
732 1543 869 1588 ἐμαυτῷ
901 1548 934 1576 et
969 1540 1048 1576 οὔτε
1080 1556 1148 1576 των
1175 1545 1290 1595 quim
1315 1541 1437 1576 ουδενὶ

81 1590 171 1622 inter
184 1601 221 1623 se
237 1594 466 1632 opponantur.
509 1590 583 1622 Iam
599 1589 642 1623 ad
659 1590 804 1622 alterum
828 1579 894 1623 h‘oc
919 1589 1056 1622 additur
1080 1587 1167 1622 οὐδὲ
1190 1589 1259 1622 τῶν
1283 1589 1437 1629 οικείωι,

84 1753 147 1780 tar.
178 1748 216 1779 in
249 1746 360 1780 Ethie.
392 1747 569 1780 Aristotel.
592 1747 726 1780 Nicom.

83 1803 115 1835 p.
139 1792 206 1826 212
230 1803 324 1835 seqq.
350 1792 402 1825 ed.
426 1793 586 1826 Francos.

130 1833 252 1870 Εἶεν.
291 1836 310 1880 ἢ
342 1837 628 1893 ἑξελεγκτέος
659 1837 724 1881 —J

82 1883 198 1915 Etiam
215 1883 280 1916 hoc
296 1883 372 1915 loco
392 1878 466 1915 εἶεν
488 1884 726 1916 transitionem

82 1929 164 1961 facit
196 1928 239 1960 ad
272 1929 378 1960 aliam
413 1939 495 1960 rem.
526 1939 559 1961 v.
590 1929 634 1961 ad
657 1929 726 1960 Eu-

83 1974 220 2016 thyphr.
250 1984 284 2015 p.
312 1972 366 2006 13.
391 1974 435 2005 D.
471 1973 514 2005 ad
549 1973 723 2008 Phaedon.

81 2030 112 2061 p.
137 2018 191 2051 95.
215 2019 256 2051 A.
304 2019 421 2051 Verba
449 2019 500 2052 sie
529 2019 723 2062 intelligas:

80 2066 167 2096 lam
205 2068 281 2096 aut
315 2063 571 2097 refellenda
614 2065 723 2098 haec

81 2109 332 2151 disputatio
380 2114 446 2142 est
487 2114 618 2152 atque
660 2110 724 2142 do-

81 2154 261 2187 cendum
298 2166 381 2187 non
420 2155 633 2188 iustitiae
675 2166 723 2188 ac

82 2201 406 2243 temperantiae
429 2201 723 2243 possessione

81 2246 285 2278 homines
309 2245 467 2278 felices
491 2247 723 2279 exsistere.

81 2291 134 2323 De
166 2291 232 2323 hoe
261 2301 329 2323 usu
357 2290 456 2323 verbi
481 2290 668 2335 ἐξελέγχειν
691 2303 723 2324 V.

79 2335 122 2368 ad
146 2347 179 2378 p.
204 2334 283 2369 467.
307 2336 350 2368 A.

124 2403 164 2436 B.
220 2405 376 2437 κακίας
415 2403 461 2436 δὲ
496 2401 647 2437 ἄθλιοι
683 2405 725 2437 οἱ

79 2446 250 2492 ἄθλιοι]
276 2449 320 2481 Η.
345 2460 374 2481 e.
400 2446 485 2481 οὐδὲ
503 2451 622 2484 κακίας
645 2448 722 2493 κτή-

84 2504 134 2526 σει
168 2491 283 2526 ἄθλιοι
314 2493 349 2526 οἱ
380 2491 506 2527 ἄθλιοι.
553 2495 642 2528 Nam
665 2505 724 2528 ne-

80 2539 187 2582 gandi
202 2539 372 2581 particula
393 2540 494 2572 etiam
514 2540 558 2572 ad
581 2540 722 2574 alteram

81 2585 251 2617 enuntiati
282 2591 411 2627 partem
448 2585 626 2619 referenda
660 2591 722 2622 est.

79 2628 407 2672 v....adp512A

128 2709 165 2729 τι
196 2694 242 2729 τὰ
276 2697 617 2753 συμβαίιοντα]
638 2699 722 2732 Mox

79 2746 160 2774 sect.
184 2741 232 2775 C:
260 2744 294 2774 τί
314 2740 386 2775 πότ’
413 2740 549 2775 ἐστιν”
529 2755 550 2775 α
578 2740 622 2775 σὺ
646 2743 721 2784 ἐμοὶ

78 2784 272 2829 ὀνειδιζεις.
297 2788 426 2823 Phaed.
445 2799 477 2831 Ρ.
494 2786 549 2821 57.
563 2789 605 2821 Α.
621 2799 652 2831 Ρ.
668 2789 722 2824 58.

798 1747 837 1780 C.
871 1747 1064 1790 Euthyphr.
1098 1758 1129 1790 p.
1162 1747 1216 1782 15.
1248 1749 1290 1780 A.
1332 1749 1437 1791 Hipp.

796 1794 879 1826 Mai.
899 1804 931 1835 p.
948 1792 1025 1827 285.
1043 1795 1085 1826 D.
1109 1793 1227 1836 ibique
1250 1804 1323 1826 var.
1346 1794 1440 1827 lectt.

797 1838 864 1871 Sed
894 1850 964 1871 non
994 1850 1108 1871 raram
1139 1850 1214 1872 esse
1244 1839 1336 1871 hanc
1360 1850 1441 1872 eon-

796 1885 1018 1916 structionem
1051 1884 1153 1917 hodie
1183 1885 1268 1916 satis
1297 1890 1440 1917 constat.

794 1930 964 1971 Exempla
988 1929 1130 1972 collegit
1147 1930 1374 1962 Heindorf.
1396 1931 1439 1962 ad

794 1975 828 2006 h.
852 1975 875 2006 l.
908 1979 942 2007 et
971 1976 1187 2017 Krueger.
1213 1975 1256 2008 ad
1280 1976 1439 2019 Xenoph.

792 2019 946 2053 Anabas.
970 2021 998 2061 I,
1024 2019 1078 2061 10,
1104 2019 1157 2053 14.

838 2085 883 2120 τὰ
908 2086 1118 2128 πρόσθεν
1143 2087 1368 2131 ἑκεῖνα-]
1395 2089 1437 2121 V.

791 2144 824 2176 Ρ.
847 2132 925 2166 480.
949 2134 987 2165 Β.
1013 2145 1107 2176 seqq.
1153 2133 1334 2166 Illustrant
1356 2146 1438 2167 vero

792 2179 878 2211 haee
901 2180 1094 2212 sententiae
1115 2190 1337 2223 praegressae
1361 2191 1437 2223 par-

792 2228 860 2256 tem
891 2229 1117 2266 postremam:
1152 2227 1186 2257 τί
1215 2224 1254 2257 τὰ
1288 2227 1436 2268 συμβαι-

795 2281 910 2307 νοντα,
936 2270 1082 2313 ideoque
1099 2270 1309 2303 adiiciuntur
1328 2269 1436 2303 ἀσυν-

794 2313 899 2349 δέτως
923 2326 984 2358 plo
1008 2316 1084 2348 his:
1109 2313 1147 2348 τὰ
1165 2314 1331 2357 πρόσθεν
1354 2314 1435 2359 γὰρ

792 2358 910 2392 ἐκεῖνα
934 2373 962 2393 κ.
990 2373 1014 2393 τ.
1041 2363 1066 2394 λ.
1098 2380 1144 2385 -
1179 2362 1264 2393 Mox
1296 2372 1358 2394 eur
1388 2362 1437 2394 di-

792 2411 883 2438 ctum
900 2406 946 2438 sit
961 2404 1112 2449 ἀληθῆ”
1091 2418 1159 2448 αρα
1175 2400 1230 2449 ἦν,
1257 2407 1438 2450 apparebit

791 2462 834 2483 ex
859 2456 974 2484 annot.
999 2453 1042 2484 ad
1065 2451 1241 2484 Phaedon.
1266 2463 1298 2495 p.
1324 2451 1424 2486 68.B
1397 2454 1436 2487 B.

792 2506 867 2539 cap.
898 2497 996 2529 XIII.
1050 2498 1091 2529 In
1126 2498 1293 2539 proximis
1329 2499 1437 2531 satius

791 2542 953 2575 duximus
970 2553 1108 2575 servare
1127 2542 1285 2575 codicum
1306 2549 1438 2576 nostro-

790 2598 866 2619 rum
895 2588 1097 2630 scripturam
1123 2587 1259 2620 δίκαιον
1280 2587 1350 2630 ἄρα
1375 2588 1437 2627 δεῖ,

791 2643 896 2674 quum
929 2633 1230 2667 Heindorfius
1263 2634 1332 2667 ἔδει
1366 2634 1437 2666 edi-

790 2678 887 2711 derit.

837 2746 921 2788 Cap.
944 2746 1068 2778 LXIV.
1117 2746 1156 2778 c.
1203 2744 1224 2778 ἃ
1258 2743 1309 2778 σὺ
1335 2745 1434 2786 ἐμοὶ

791 2788 1060 2835 ὀνειδίζεις]
1085 2792 1126 2824 V.
1146 2802 1179 2834 p.
1196 2790 1272 2824 486.
1286 2792 1379 2825 A.B.
1394 2792 1432 2825 C.
