1690 2912
274 227 325 260 66
743 223 1133 265 PROLEGOMENA

274 333 397 371 hiberi
425 333 665 372 consuevisse
702 335 764 373 vel
792 348 891 374 unus
918 336 1023 374 locus
1050 336 1197 383 Legum
1225 335 1323 374 Plat.
1343 335 1419 375 111.
1446 349 1483 386 p.
1511 337 1602 375 677.

276 389 316 427 C.
345 389 392 426 D.
420 390 634 428 luculenter
661 390 814 430 evincit.
854 392 928 430 Sed
957 392 1051 429 haec
1079 393 1125 429 de
1154 391 1355 430 Archelao·
1401 392 1484 430 Iam
1512 405 1603 430 vcro

275 458 346 482 nec
371 445 467 482 illud
496 458 519 482 a
546 449 677 484 nostra
702 447 848 485 ratione
877 447 1067 493 abhorret,
1094 448 1195 498 quod
1223 446 1393 497 Antiopa
1408 447 1604 497 Euripidis

274 500 493 538 idemtidem
527 505 767 541 memoratur.
834 501 976 543 Quidni
1014 503 1116 541 enim
1153 503 1192 540 id
1231 502 1417 553 colloquio
1454 502 1603 553 Olymp.

278 559 349 602 93,
380 560 415 594 4.
454 557 585 595 habito
613 558 807 608 aptissime
834 559 978 597 factum
1013 562 1190 608 putetur,
1227 558 1450 608 praesertim
1486 572 1604 609 quum

276 612 497 661 Euripidem
534 626 619 650 eum
658 618 810 663 poetam
844 614 962 652 fuisse
999 618 1165 661 constet,
1203 615 1270 665 qui
1298 614 1466 652 novitiae
1493 614 1603 651 disci-

274 667 399 716 plinae
438 669 729 708 assectatoribus
767 669 950 719 imprimis
994 674 1126 719 gratus
1163 673 1203 708 et
1241 673 1416 719 acceptus
1461 669 1603 708 fuerit?

276 724 355 767 Nec
382 736 472 761 vero
499 723 595 762 illud
623 725 843 775 scrupulum
869 725 1010 772 iniicit,
1049 726 1150 776 quod
1178 725 1343 763 Pericles
1372 739 1408 774 p.
1441 729 1530 763 503.
1560 726 1601 763 C.

275 778 413 816 dicitur
442 779 582 818 νεωστὶ
616 778 934 831 τετελευτηκέναι.
990 781 1102 822 Quod
1135 781 1284 819 etiamsi
1321 781 1444 830 prima
1480 781 1603 830 spccic

274 847 405 872 eorum
433 835 569 873 rationi
599 836 777 886 opitulari
815 837 1010 883 videatur,
1049 836 1116 888 qui
1153 849 1344 875 sermones
1371 836 1482 874 initio
1510 837 1601 874 belli

274 890 581 939 Peloponnesiaci
608 892 759 930 habitos
787 905 869 930 esse
896 893 1174 939 iudicaverunt,
1201 896 1330 930 tamen
1357 891 1511 929 minime
1537 893 1602 929 ob-

273 950 351 984 stat
387 947 600 985 sententiae
638 948 867 995 contrariae,
916 962 1030 999 quam
1073 960 1142 986 nos
1180 948 1478 997 amplectendam
1516 960 1601 985 cen-

274 1014 419 1048 semus,
459 1005 503 1040 ut
539 1015 609 1040 nec
646 1005 939 1042 Athenaeus
978 1004 1232 1053 Deipnosoph.
1263 1004 1309 1041 V.
1338 1017 1373 1053 p.
1405 1005 1495 1041 217.
1535 1016 1601 1041 au-

274 1057 434 1094 diendus
471 1058 540 1104 sit,
578 1058 645 1109 qui
682 1072 786 1097 more
825 1073 893 1097 suo
931 1060 1054 1097 acrius
1091 1059 1132 1096 in
1160 1060 1359 1097 Platonem
1396 1058 1603 1104 invehitur,

260 1114 374 1163 ,quod
410 1113 473 1150 hic
509 1113 787 1152 intolerabilem
832 1116 1027 1154 admiserit
1064 1115 1412 1161 anachronismum,
1461 1114 1600 1165 quippe

272 1181 391 1218 quum
428 1169 529 1207 inter
565 1173 726 1208 mortem
761 1171 919 1208 Periclis
955 1175 994 1209 et
1032 1171 1193 1219 Gorgiae
1231 1171 1424 1219 dialogum
1461 1170 1599 1218 viginti

271 1224 389 1261 trium
415 1225 533 1263 ferme
563 1238 750 1263 annorum
787 1227 953 1276 spatium
979 1226 1246 1264 intercesserit.
1314 1227 1473 1264 Constat
1500 1226 1601 1263 euim

271 1279 454 1318 eiusmodi
482 1282 662 1330 temporis
691 1282 872 1320 adverbia
909 1283 1111 1320 admodum
1146 1282 1297 1320 infinite
1331 1281 1507 1331 usurpari
1544 1294 1601 1318 so-

271 1335 360 1383 lere,
389 1339 435 1374 ut
461 1337 571 1374 modo
601 1338 647 1375 de
675 1337 855 1386 longiore,
884 1338 995 1376 modo
1018 1339 1065 1375 de
1083 1337 1256 1376 breviore
1275 1337 1454 1387 temporis
1481 1337 1603 1386 spatio

271 1390 519 1440 intelligenda
547 1392 642 1439 sint,
678 1393 805 1442 prouti
835 1393 893 1440 id,
930 1394 977 1431 de
1007 1406 1082 1444 quo
1111 1393 1256 1442 agitur,
1296 1405 1381 1431 cum
1408 1391 1599 1442 praesenti

270 1459 398 1484 rerum
424 1448 605 1486 memoria
632 1453 881 1498 comparatur.
937 1450 984 1486 Id
1011 1450 1112 1500 quod
1141 1449 1204 1487 vel
1232 1448 1414 1487 Latinum
1440 1461 1599 1498 nuper

271 1506 310 1540 et
337 1503 473 1540 modo
501 1504 620 1550 docet,
649 1505 695 1542 de
725 1517 800 1556 quo
828 1505 977 1544 iuvabit
1004 1504 1238 1543 consuluisse
1265 1505 1297 1542 Ι.
1324 1506 1371 1542 A.
1401 1504 1597 1542 Ernesti

270 1559 426 1597 Clavem
453 1559 735 1597 Ciceronianam
763 1573 791 1598 s.
810 1574 847 1599 v.
876 1561 935 1598 De
964 1559 1109 1599 νεωστί
1131 1572 1222 1599 vero
1250 1560 1306 1599 ita
1333 1563 1517 1609 usurpato
1546 1572 1594 1596 ne

270 1627 347 1664 qua
366 1615 528 1662 dubites,
557 1629 649 1653 usus
670 1619 729 1654 est
757 1617 888 1654 eodem
907 1616 1091 1655 vocabulo
1119 1615 1444 1667 Thucydides
1472 1615 1556 1652 Lib.
1569 1616 1599 1653 I.

270 1683 350 1719 cap.
381 1674 444 1708 95.
483 1671 530 1708 de
567 1672 691 1721 spatio
720 1672 859 1720 viginti
893 1673 1012 1710 ferme
1051 1684 1255 1718 annorum,
1295 1671 1602 1722 quandoquidem

268 1726 381 1763 Iones
409 1725 463 1764 ibi
491 1726 682 1774 dicuntur,
710 1741 830 1779 quum
866 1741 963 1778 nup
976 1741 1026 1766 er
1053 1741 1076 1766 a
1112 1741 1201 1776 rege
1230 1727 1474 1773 defecissent,
1502 1728 1602 1764 Pau-

268 1781 397 1819 saniae
426 1782 682 1831 arrogantiam
720 1796 831 1832 aegre
868 1784 1023 1823 tulisse:
1064 1784 1112 1821 ad
1147 1796 1262 1834 quem
1288 1784 1413 1820 locum
1448 1786 1601 1832 praeter

269 1837 362 1875 alios
389 1838 500 1887 plura
527 1838 566 1876 id
603 1851 725 1887 genus
765 1840 940 1889 exempla
979 1839 1177 1878 adnotavit
1213 1838 1471 1885 Gollerus3
1502 1839 1599 1875 conf.

267 1892 384 1930 etiam
411 1893 684 1932 Casaubon.
714 1895 762 1933 ad
790 1896 932 1934 Athen.
961 1909 996 1945 p.
1028 1898 1119 1933 384.
1147 1908 1199 1928 =
1218 1895 1323 1932 Tom.
1344 1895 1418 1932 ΠΙ.
1447 1906 1484 1943 p.
1507 1897 1599 1931 234.

268 1949 325 1986 ed.
356 1949 569 1998 Schweigh.
626 1951 765 2002 Itaque
795 1952 902 1989 nullo
931 1951 1082 1999 negotio
1110 1950 1341 1999 intelligitur
1366 1962 1415 1987 ne
1443 1949 1600 1987 Periclis

267 2004 421 2054 quidem
457 2005 689 2044 mentionem
727 2019 771 2044 eo
808 2007 956 2053 valere,
997 2010 1042 2045 ut
1078 2019 1269 2044 sermones
1306 2005 1478 2055 proxime
1514 2008 1601 2054 post

268 2059 417 2110 Olymp.
449 2064 512 2108 88,
544 2065 579 2099 2.
609 2074 804 2111 ponamus.
851 2063 986 2113 Neque
1013 2075 1106 2101 vero
1134 2061 1245 2100 aliter
1269 2060 1515 2098 iudicandum
1542 2060 1600 2099 vi-

266 2116 378 2154 detur
405 2116 451 2153 de
477 2116 536 2163 iis,
565 2130 662 2168 quae
691 2131 727 2167 p.
758 2119 849 2155 472.
879 2120 926 2155 A.
957 2119 1004 2156 de
1034 2117 1144 2155 Nicia
1180 2121 1220 2155 et
1246 2116 1481 2155 Aristocrate
1516 2129 1601 2165 per-

266 2171 406 2221 scripta
433 2172 624 2221 leguntur.
681 2172 809 2214 Quum
847 2173 950 2211 enim
986 2173 1043 2211 illi
1081 2173 1204 2223 prima
1240 2172 1364 2223 specie
1392 2172 1596 2211 videantur

265 2230 309 2264 ut
336 2227 417 2266 vivi
444 2228 663 2276 memorari,
703 2229 804 2280 quod
842 2242 933 2267 sane
969 2232 1158 2279 pugnaret
1195 2241 1281 2266 cum
1307 2232 1496 2278 tempore,
1536 2227 1595 2265 cui

264 2282 426 2331 Gorgiae
464 2297 655 2334 sermones
694 2284 941 2333 assignandos
975 2285 1224 2331 arbitramur,
1262 2287 1391 2323 tamen
1419 2283 1598 2323 universo

263 2338 344 2375 loco
373 2340 584 2378 accuratius
612 2353 771 2378 excusso
808 2354 890 2378 rem
917 2340 1030 2379 aliter
1067 2354 1108 2378 se
1144 2341 1284 2378 habere
1312 2342 1447 2390 sponte
1483 2351 1597 2389 appa-

263 2394 372 2432 rebit.
448 2394 597 2445 Quippe
634 2409 703 2434 nos
742 2397 895 2447 quidem
943 2397 975 2434 si
1022 2396 1116 2447 quid
1163 2395 1332 2434 iudicare
1383 2407 1597 2445 possumus,

263 2450 455 2488 sententia
492 2451 595 2489 illius
621 2452 701 2490 fere
738 2452 815 2490 huc
841 2452 960 2490 redit:
999 2452 1047 2489 In
1084 2451 1153 2490 tali
1193 2464 1345 2498 caussa,
1383 2463 1481 2502 quae
1519 2463 1597 2488 una

262 2509 366 2543 recta
392 2506 539 2545 ratione
559 2507 800 2546 diiudicanda
818 2512 888 2555 est,
917 2510 1034 2546 testes
1062 2507 1231 2557 proferre
1248 2507 1348 2546 velle
1376 2519 1597 2556 perversum

261 2561 434 2609 videtur,
472 2563 660 2614 siquidem
698 2563 755 2601 illi
784 2576 914 2601 omnes
941 2563 1220 2613 praeiudicatae
1252 2561 1439 2612 opinionis
1469 2574 1595 2600 errore

262 2617 433 2667 occupati
462 2631 544 2656 esse
571 2622 743 2668 possunt.
799 2620 937 2671 Itaque
966 2620 1066 2670 quod
1095 2623 1138 2657 tu
1167 2631 1317 2665 censes,
1349 2630 1371 2655 ο
1399 2617 1508 2664 Pole,
1537 2617 1594 2654 di-

260 2673 376 2712 vitias
404 2677 518 2725 atque
546 2687 636 2724 opes
663 2675 705 2712 in
732 2675 902 2713 maxima
928 2675 1122 2713 felicitatis
1149 2678 1258 2724 parte
1285 2685 1368 2712 esse
1387 2673 1592 2723 ponendas,

260 2727 297 2766 id
327 2742 418 2767 vero
435 2730 639 2769 test-abitur
656 2731 784 2768 Nicias
803 2744 882 2769 una
911 2743 995 2768 cum
1021 2730 1204 2769 fratribus
1222 2729 1312 2776 suis,
1342 2729 1407 2780 qui
1426 2729 1594 2778 tripodes
