1690 2912
401 193 476 232 AD
505 191 751 232 GORGIAM
780 191 1052 230 PLATONIS.
1355 193 1406 228 65

52 307 216 359 spectari
244 306 456 345 Alcibiadis
495 308 662 344 aetatem
690 306 755 345 vel
786 318 836 343 ex
875 318 919 343 eo
949 305 1117 354 colligas,
1145 304 1248 356 quod
1275 303 1333 340 illi
1362 303 1404 340 in

51 367 167 403 rebus
196 363 375 403 civilibus
404 364 453 401 ab
481 362 564 413 ipso
584 363 740 401 Socrate
761 363 1019 412 exprobratur
1045 360 1270 400 insolentior
1286 373 1404 412 quae-

52 423 141 459 dam
176 421 407 459 iudiciorum
443 422 483 458 et
520 419 767 457 consiliorum
802 418 1082 466 inconstantia,
1133 431 1156 456 a
1193 417 1404 467 sapientiae

52 478 266 517 rationibus
303 476 472 514 alienior.
528 475 594 513 Ex
631 489 707 527 quo
743 479 851 526 patet
889 488 979 512 eum
1015 475 1093 512 iam
1130 474 1172 512 111
1208 473 1406 524 republica

53 539 251 573 versatum
278 532 486 571 informari.
531 533 613 570 Nec
641 545 733 571 vero
760 532 801 569 in
821 532 941 570 altero
961 532 1042 569 loco
1059 545 1095 581 p.
1118 534 1209 568 481.
1230 531 1277 568 D.
1298 543 1404 581 seqq.

54 591 266 643 quidquam
301 589 420 636 inest,
460 589 562 640 quod
599 589 692 626 huic
729 588 944 627 sententiae
981 588 1062 625 ullo
1099 589 1211 625 modo
1250 587 1405 624 officiat.

54 648 167 689 Quod
196 646 299 684 enim
317 645 372 683 ibi
400 646 574 683 Socrates
593 645 833 683 Alcibiadem
851 648 965 683 vocat
993 644 1148 682 delicias
1177 657 1266 682 suas
1294 644 1406 682 item-

55 717 129 756 que
158 702 353 741 Calliclem
381 701 437 740 ait
454 702 621 739 Demum
650 703 744 739 adeo
772 702 812 739 in
842 701 989 739 deliciis
1018 702 1173 747 habere,
1203 704 1246 738 ut
1275 700 1310 737 ei
1337 713 1408 750 per

55 759 182 798 omnia
199 759 463 807 morigeretur,
491 758 538 796 fit
555 758 628 796 hoc
648 762 779 808 aperte
798 771 868 808 per
889 759 1060 795 facetum
1078 757 1215 803 iocum,
1235 757 1406 808 quando-

54 817 211 868 quidem
248 817 359 853 ambo
396 814 617 853 iudicantur
654 828 718 852 008
765 815 889 852 adhuc
935 814 1094 862 diligere
1133 814 1236 852 viros
1275 813 1407 859 factos,

55 886 150 924 quos
188 884 326 922 pueros
354 871 419 910 vel
455 871 716 909 adolescentes
745 870 1029 917 adamaverint,
1069 870 1142 907 hoc
1170 874 1302 908 tamen
1330 870 1408 906 dis-

56 929 235 975 crimine,
283 929 386 979 quod
430 927 515 977 ipse
553 927 764 965 Alcibiadis
802 927 1102 965 inconstantiam
1149 926 1407 976 reprehendit,

56 985 251 1024 Calliclem
280 989 410 1023 autem
438 983 533 1022 dicit
550 984 673 1022 Demo
701 997 770 1034 per
798 983 926 1022 omnia
953 984 1232 1021 obsecundare:
1263 982 1304 1019 in
1333 995 1409 1034 quo

56 1043 204 1080 facetus
223 1041 326 1079 inest
345 1041 501 1078 aculeus
520 1041 562 1078 in
589 1041 785 1078 hominem
813 1040 1068 1078 democratiae
1087 1039 1410 1089 intemperantius

58 1103 262 1136 amantem.
319 1096 507 1138 Quocirca
533 1097 679 1135 frustra
706 1097 877 1147 profecto
906 1097 970 1134 hic
998 1096 1276 1147 anquisiveris‚
1316 1109 1411 1133 num

59 1154 279 1192 Alcibiades
318 1158 387 1192 aut
413 1154 575 1200 Demos,
615 1153 848 1204 Pyrilampis
883 1153 1007 1199 filius,
1046 1157 1131 1191 tum
1161 1153 1287 1190 adhuc
1316 1152 1411 1190 flore

59 1211 222 1250 iuvenili
249 1210 458 1256 nituerint,
496 1210 599 1261 quod
629 1213 730 1248 certe
759 1223 837 1247 non
875 1223 971 1259 opus
998 1210 1075 1248 fuit
1104 1222 1150 1247 ea
1188 1221 1304 1260 quam
1342 1222 1412 1246 nos

59 1269 264 1318 probamus
301 1266 620 1316 interpretatione
659 1266 845 1313 admissa;
885 1266 980 1304 satis
1010 1266 1111 1304 enim
1150 1266 1224 1303 erit
1243 1265 1412 1313 ,novisse

61 1337 126 1361 eos
145 1328 231 1362 tum
248 1323 290 1361 in
309 1323 452 1373 optimo
470 1322 595 1360 virilis
615 1322 753 1361 aetatis
772 1322 868 1360 flore
886 1322 1007 1360 fuisse
1027 1322 1269 1368 constitutos,
1298 1326 1344 1360 ut
1372 1322 1412 1358 in

60 1379 257 1430 republica
295 1379 387 1417 clari
435 1378 624 1417 exsistere
659 1379 877 1428 potuerint,
925 1379 1026 1430 quod
1065 1382 1167 1416 certe
1213 1372 1414 1416 subductis

62 1437 238 1474 omnibus
255 1435 470 1474 rationibus
498 1448 610 1473 nemo
628 1434 774 1473 infitias
796 1435 852 1473 ire
873 1435 1041 1473 audebit.
1080 1434 1300 1473 Alcibiades
1329 1434 1414 1485 qui-

63 1494 151 1531 dem
180 1495 301 1538 certe,
340 1492 373 1530 si
410 1495 525 1530 natus
562 1492 639 1529 fuit
677 1492 828 1542 Olymp.
861 1494 934 1538 82,
976 1494 1012 1529 2.
1044 1506 1097 1525 :-
1128 1494 1207 1529 455
1249 1504 1282 1529 a.
1312 1491 1413 1537 Chr„

62 1549 177 1588 sicuti
204 1562 329 1598 nuper
357 1548 480 1587 critici
508 1548 604 1586 duce
633 1548 823 1586 Meiere
852 1547 895 1585 111
922 1547 1043 1585 Indic.
1073 1548 1196 1586 Lectt.
1226 1547 1415 1598 Gryphis-

63 1607 176 1645 wald.
206 1605 298 1643 anni
331 1607 449 1642 1821.
479 1608 516 1642 4.
546 1604 795 1654 probabiliter
823 1608 1065 1650 statuerunt,
1103 1609 1283 1652 vegetam
1311 1608 1415 1642 aeta-

63 1666 143 1700 tem
179 1662 482 1712 haudquaquam
522 1661 600 1698 iam
638 1674 814 1710 egressus
853 1661 948 1708 fuit,
989 1661 1179 1712 siquidem
1217 1665 1302 1699 tum
1339 1660 1417 1699 fuit

65 1717 403 1770 quadragenarius.
431 1718 513 1756 Nec
531 1730 624 1756 vero
645 1719 692 1756 de
702 1718 823 1756 Demo
843 1718 965 1756 multo
987 1717 1099 1755 aliter
1115 1717 1418 1756 existimandum

67 1775 151 1822 erit,
180 1775 271 1813 licet
298 1774 352 1821 is,
389 1787 464 1825 quo
491 1777 663 1824 tempore
690 1774 865 1822 dialogus
893 1774 1051 1812 habitus
1079 1773 1260 1822 fingitur,
1299 1773 1418 1811 etiam

67 1834 194 1870 aetate
222 1831 347 1868 minor
373 1830 494 1869 fuisse
512 1831 703 1869 videatur.
741 1831 887 1869 Verum
917 1830 1011 1868 satis
1040 1831 1087 1868 de
1112 1830 1186 1868 his.
1224 1829 1420 1880 Apparuit

67 1888 171 1925 enim
187 1888 253 1926 vel
271 1900 322 1925 ex
338 1887 412 1933 1118,
442 1886 588 1937 opinor,
617 1900 716 1938 quae
737 1887 785 1924 de
802 1886 1002 1924 Alcibiade
1021 1887 1199 1936 exposita
1222 1887 1419 1935 leguntur,

68 1957 115 1981 ea
142 1943 241 1981 nihil
270 1943 466 1993 impedire,
495 1942 699 1994 quominus
730 1943 926 1992 dialogum
953 1956 998 1981 eo
1028 1956 1104 1994 quo
1133 1943 1303 1981 diximus
1322 1946 1419 1981 tem-

67 2013 159 2050 pore
187 1999 365 2038 habitum
393 2012 476 2037 esse
504 1999 782 2038 existimemus.
831 1999 1015 2050 Sequitur
1042 2013 1153 2046 vero,
1183 2004 1229 2038 ut
1257 2000 1304 2037 de
1334 1998 1421 2036 aliis

67 2061 286 2106 temporum
311 2055 463 2094 indiciis
492 2055 764 2105 explicandum
791 2056 862 2103 sit,
901 2069 1000 2107 quae
1041 2062 1155 2095 antea
1183 2056 1350 2095 vidimus
1379 2055 1422 2092 in

69 2113 152 2162 ipso
181 2125 294 2162 opere
322 2112 474 2162 prodita
501 2125 596 2151 esse.
654 2113 813 2150 Habent
842 2116 972 2151 autem
1010 2112 1087 2149 iam
1126 2125 1196 2150 nec
1224 2112 1293 2150 illa
1320 2112 1421 2150 diffi-

71 2169 256 2207 cultatem
293 2169 433 2216 ullam,
471 2181 571 2220 quae
598 2173 806 2207 narrantur
843 2170 890 2206 de
922 2169 1132 2216 Archelao,
1171 2168 1422 2206 Macedoniae

69 2238 171 2274 rege.
228 2224 307 2266 Qui
334 2228 380 2263 ut
415 2225 560 2263 diutius
599 2229 688 2264 ante
719 2225 897 2276 colloquii
927 2226 1116 2264 Platonici
1154 2230 1327 2275 tempora
1356 2237 1425 2274 per

72 2281 216 2319 scelera
244 2285 284 2320 et
311 2280 461 2330 flagitia
486 2294 605 2331 regno
634 2281 781 2332 potitus
810 2282 872 2329 sit,
900 2286 1032 2320 tamen
1059 2281 1242 2320 extremis
1271 2294 1424 2332 quoque

72 2337 165 2375 belli
202 2337 515 2386 Peloponnesiaci
553 2338 665 2376 annis
702 2338 830 2387 potuit
867 2338 1070 2376 memorari
1109 2338 1425 2383 commodissime,

73 2394 263 2445 siquidem
298 2393 416 2431 etiam
452 2397 537 2432 tum
574 2394 758 2432 memoria
797 2394 880 2433 eius
919 2394 1086 2433 Athenis
1123 2408 1248 2445 usque
1285 2394 1426 2443 viguit,

74 2450 189 2489 sicuti
228 2450 294 2488 vel
331 2449 527 2499 Euripidis
565 2450 648 2489 vita
684 2451 881 2489 luculente
920 2455 1106 2498 testatur,
1154 2451 1271 2502 idque
1310 2450 1425 2488 etiam

75 2506 161 2544 ideo
198 2506 345 2545 factum
384 2511 462 2552 est,
503 2508 606 2558 quod
633 2507 843 2556 posteriore
881 2507 990 2555 regni
1020 2507 1080 2545 sui
1108 2511 1279 2557 tempore
1308 2507 1428 2555 vulgo

75 2562 172 2600 felix
210 2575 255 2600 ac
291 2563 428 2600 beatus
466 2568 527 2602 est
552 2563 815 2612 praedicatus,
855 2564 965 2601 cuius
1003 2563 1125 2614 ipsius
1154 2564 1210 2601 rei
1248 2563 1432 2600 memoria

77 2618 265 2657 Platonici
303 2618 490 2656 sermonis
535 2623 761 2668 argumento
798 2620 911 2668 longe
958 2624 1018 2658 est
1056 2619 1432 2658 convenientissima.

78 2673 164 2716 Quo
202 2674 358 2726 quidem
393 2675 476 2712 loco
515 2687 587 2713 nec
622 2676 846 2725 scrupulum
882 2675 1006 2714 im'icit
1041 2677 1208 2714 formula
1232 2673 1340 2725 χθὲς
1368 2673 1433 2712 καὶ

79 2727 220 2783 πρώην
245 2744 283 2780 p.
315 2731 408 2769 470.
439 2732 507 2778 D.‚
546 2744 663 2782 quam
691 2732 808 2771 etiam
847 2732 895 2770 de
933 2736 1105 2782 tempore
1133 2731 1338 2770 remotiore
1369 2731 1434 2768 ad-

147 2806 219 2832 1111.
237 2805 310 2840 om).
329 2806 392 2834 Vol.
410 2807 447 2832 11.
466 2805 541 2833 Soet.
558 2807 582 2834 1.
1147 2806 1170 2841 5
