1702 2924
198 948 238 990 Ε
267 943 444 996 μάλιστα
471 943 619 983 πείθει.

268 199 346 234 102

808 195 1065 235 PLATONIS

266 303 306 344 εἴ
327 317 398 356 μοι
426 298 551 352 εἶπες,
580 301 644 343 ὅτι
671 301 696 344 ὁ
722 301 774 344 τὰ
801 304 886 353 ζῶα
910 302 1089 356 γράφων
1105 333 1118 351 ,
1145 298 1208 354 ἄρ’
1236 303 1317 344 οὐκ
1343 302 1400 345 ἂν
1424 303 1596 353 δικαίως

266 376 312 408 σε
351 367 539 420 ἠρόμην,
588 366 611 407 ὁ
659 365 709 407 τὰ
746 369 848 408 ποῖα
885 369 972 408 τῶν
1008 368 1127 417 ζώων
1162 367 1343 420 γράφων
1378 366 1448 409 καὶ
1485 374 1593 418 ποῦς

267 432 392 473 ΓΟΡ.
436 430 563 471 Πάνυ
588 443 646 483 γε.
701 431 801 471 ΣΩ.
835 422 947 483 ‘Apa
983 430 1052 472 διὰ
1087 436 1240 481 τοῦτο,
1282 427 1347 472 ὅτι
1381 431 1451 473 καὶ
1476 434 1595 474 ἄλλοι

267 494 345 536 εἰσὶ
372 494 588 547 ζωγράφοι
623 495 860 547 γράφοντες
885 497 991 535 ἄλλα
1026 493 1160 536 πολλὰ
1187 496 1296 545 ζῶας
1340 498 1378 537 Γ
1377 496 1463 537 ΟΡ.
1493 496 1594 537 Ναί.

267 560 370 600 ΣΩ.
399 559 454 599 Εἰ
481 556 524 600 δέ
552 572 600 611 γε
627 557 771 611 μηδεὶς
801 561 927 607 ἄλλος
953 558 980 612 ἢ
1011 558 1154 609 Ζεῦξις
1180 558 1351 612 ἔγραφε,
1378 562 1515 608 καλῶς
1540 562 1597 601 ἄν

267 633 334 664 σοι
362 619 628 675 ἄπεκέκριτος
669 623 790 663 ΓΟΡ.
833 624 934 671 Πῶς
959 621 1042 676 γὰρ
1081 624 1155 672 οὕς
1195 624 1296 664 ΣΩ.
1322 619 1420 665 Ἴθι
1447 622 1499 677 δὴ
1525 621 1597 665 καὶ

266 686 358 740 περὶ
387 692 461 740 τῆς
489 686 712 740 ῥητορικῆς
732 685 833 736 εἰπέ,
860 686 1041 738 πότερόν
1067 695 1135 727 σοι
1161 687 1278 729 δοκεῖ
1301 687 1436 728 πειθὼ
1460 690 1598 729 ποιεῖν

266 751 294 805 ἦ
322 749 520 804 ῥητορικὴ
547 750 681 803 μόνη,
719 750 745 803 ἢ
773 749 842 791 καὶ
869 751 985 791 ἄλλαι
1023 748 1183 804 τέχναις
1223 747 1330 804 λέγω
1357 749 1402 792 δὲ
1439 750 1488 792 τὸ
1514 765 1596 793 τοι-

267 815 385 856 όνδε·
415 811 524 863 ὅςτις
550 814 733 855 διδάσκει
760 814 905 855 ὁτιοῦν
931 821 1127 868 πρᾶγμα,
1154 815 1335 868 πότερον
1361 815 1384 855 ὃ
1412 814 1596 857 διδάσκει

265 879 415 925 πείθει,
443 878 470 932 ἢ
491 880 566 928 οὒς
597 881 636 920 Γ
636 880 719 920 ΟΡ.
755 878 820 919 Οὐ
840 879 958 931 δῆτα,
986 873 1020 919 ὦ
1041 879 1277 931 Σώκρατες,
1302 877 1406 919 ἀλλὰ
1425 880 1597 921 πάντων

689 943 789 984 ΣΩ.
820 944 960 983 Πάλιν
986 942 1038 996 δὴ
1066 941 1134 984 ἐπὶ
1158 945 1244 984 τῶν
1272 943 1414 984 αὐτῶν
1438 946 1597 997 τεχνῶν

266 1006 450 1060 λέγωμεν
477 999 616 1059 ὧνπερ
644 1011 727 1047 νῦν
755 1006 828 1061 δή·
857 1006 886 1060 ἤ
913 1005 1165 1060 ἀριθμητικὴ
1194 1007 1247 1047 οὐ
1274 1007 1460 1049 διδάσκει
1486 1007 1596 1061 ἡμᾶς

335 1144 418 1185 ζῶα
447 1142 647 1187 γράφων]
683 1144 767 1185 ζῶια
799 1145 833 1175 et
860 1153 941 1175 mox
971 1141 1085 1184 ζώιων
1117 1146 1151 1176 et
1179 1144 1264 1184 ζιῦια
1287 1143 1416 1185 Clark„
1438 1148 1478 1176 ut
1499 1144 1596 1184 solet,

267 1199 369 1230 quam
392 1190 556 1221 rationem
580 1192 660 1221 sunt
681 1189 741 1230 qui
763 1198 824 1230 pro
846 1197 928 1220 vera
950 1186 1104 1231 probent.

332 1278 375 1309 D.
422 1274 464 1308 τὸ
489 1275 686 1320 τοιόνδε]
713 1273 748 1307 τὸ
773 1274 969 1309 τοιοῦτόνδε
992 1276 1069 1308 Vat.
1094 1275 1137 1308 A.
1168 1276 1253 1308 Ven.
1280 1275 1320 1308 Σ.
1351 1276 1454 1309 Vind.

331 1366 370 1398 E.
419 1365 556 1398 Πάλιν
588 1362 636 1408 δὴ
667 1363 735 1397 ἐπὶ
763 1363 800 1408 r.]
826 1365 891 1396 Pro
914 1364 1008 1406 vulg.
1034 1362 1144 1397 Πάλιν
1176 1362 1204 1396 δ’
1238 1364 1273 1396 εἰ
1294 1364 1410 1397 Clark.
1442 1365 1518 1398 Vnt.
1549 1366 1593 1398 A.

265 1410 348 1442 Ven.
376 1409 406 1442 Ξ
415 1410 454 1442 Σ.
480 1409 582 1442 Vind.
599 1408 632 1442 2.
647 1413 681 1441 et
703 1419 767 1441 ree.
783 1408 889 1441 Coisl.
908 1406 1016 1440 Πάλιν
1034 1407 1090 1451 δή,
1112 1408 1203 1451 quod
1220 1418 1310 1441 nunc
1324 1419 1402 1442 cum
1417 1410 1532 1443 Herm.
1547 1421 1598 1444 re-

264 1530 337 1563 umd
364 1541 429 1563 von
457 1530 594 1563 welcher
624 1529 729 1571 Seite,
770 1539 797 1564 s.
827 1538 896 1561 was

263 1574 347 1607 stela
368 1585 405 1607 er
427 1586 474 1607 an
495 1574 598 1607 {lmen
619 1573 709 1607 dar?
749 1573 815 1606 Sed
838 1583 898 1605 no-

263 1620 377 1652 lumus
417 1619 545 1651 diutius
590 1620 626 1651 in
662 1617 897 1651 examinandis

263 1665 412 1696 virorum
429 1664 601 1696 doctorum
615 1661 896 1695 hariolationibus

264 1709 399 1740 morari.
449 1709 566 1740 Satius
603 1709 668 1740 erit
695 1707 895 1749 dispertisse,

265 1751 348 1795 quid
378 1753 682 1795 argumentationis
718 1752 802 1783 ratio
839 1761 896 1792 po-

265 1796 378 1829 stulet.
431 1797 651 1829 Manifestum
692 1800 743 1828 est
783 1801 896 1828 autem

265 1842 439 1874 Socratem
479 1841 670 1884 significare
705 1840 896 1872 accuratius

265 1886 365 1917 etiam
380 1885 607 1918 definiendum
622 1895 706 1925 esse,
726 1895 746 1926 q
756 1884 895 1917 ualem

265 1929 401 1962 tandem
454 1929 782 1972 persuasionem
841 1939 895 1960 ars

264 1974 432 2007 rhetorica
462 1974 604 2012 efficiat,
638 1974 762 2015 quippe
792 1983 894 2014 quum

265 2019 367 2050 etiam
384 2019 472 2050 aliae
486 2023 574 2050 artes
590 2019 659 2050 sint
666 2017 895 2059 persuasionis

265 2063 461 2095 effectrices.
523 2063 640 2104 ltaque
679 2061 766 2093 nihil
801 2060 895 2093 aliud

265 2107 323 2141 ille
333 2107 482 2149 requirit,
495 2107 561 2138 nisi
575 2107 651 2145 hoo,
665 2107 780 2138 utiam
793 2105 895 2137 etiam

264 2151 348 2184 illud
363 2152 555 2184 accuratius
571 2150 792 2193 significetur,
805 2149 894 2190 quod

264 2196 406 2228 dicendo
443 2195 531 2228 effici
575 2195 684 2227 soleat
737 2193 894 2236 quodque

266 2241 451 2273 rhetoricae
491 2244 664 2282 tamquam
706 2237 894 2271 subiectum

264 2285 325 2324 sit,
371 2284 405 2316 id
442 2283 533 2326 quod
570 2283 704 2326 vulgari
741 2293 894 2315 sermone

265 2341 284 2361 υ
293 2328 314 2360 b
323 2329 334 2360 i
343 2339 361 2360 e
369 2339 388 2361 e
397 2334 410 2360 t
417 2339 440 2360 u
449 2339 480 2360 m
505 2328 734 2370 persuasionis
756 2326 892 2359 dixeris.

265 2372 364 2413 Quod
388 2373 446 2405 ubi
470 2379 642 2410 tenemus,
666 2371 747 2413 quid
770 2372 805 2403 in
830 2371 894 2403 isto

265 2420 331 2449 ποῦ
347 2417 458 2455 lateat,
474 2427 577 2459 prope
594 2423 712 2458 sponte
728 2416 762 2447 in
778 2415 894 2447 oeulos

263 2462 415 2493 incurrit.
439 2460 662 2493 Scribendnm
676 2461 764 2492 enim
779 2459 893 2502 procul

263 2506 366 2538 dubio
390 2509 457 2538 est:
489 2505 544 2536 καὶ
578 2502 658 2536 ποῖ’
683 2502 752 2541 οὖ,·
784 2503 892 2544 Quam

263 2549 398 2592 quidem
414 2550 591 2582 lectionem
606 2548 804 2581 felicissima
815 2558 894 2581 con·

263 2595 394 2626 iectura
430 2604 537 2636 nuper
574 2592 814 2625 restituendam
845 2592 894 2624 vi-

262 2638 384 2670 derunt
417 2638 440 2670 1.
472 2640 512 2670 Α.
542 2637 581 2669 C.
612 2647 691 2669 van
723 2636 893 2670 Heusde

261 2683 297 2715 in
320 2682 508 2715 Miscellan.
540 2680 724 2725 philologg.
754 2685 789 2714 et
816 2691 894 2724 pae-

964 1528 1108 1573 dagogg.
1125 1529 1367 1562 Amstelodam.
1385 1528 1481 1564 1850.
1497 1531 1596 1564 Fasc-

964 1574 1007 1605 11.
1032 1584 1063 1615 p.
1085 1573 1140 1606 81.
1170 1579 1205 1606 et
1233 1575 1516 1617 generosissimus
1546 1576 1595 1608 iu-

963 1618 1060 1651 venis
1113 1619 1373 1651 Anastasius
1433 1619 1596 1652 Genna-

963 1662 1078 1702 dios,
1101 1662 1330 1702 Atheniensis,
1353 1664 1411 1705 qui
1432 1674 1498 1705 quo
1514 1669 1596 1696 tem·

962 1717 1042 1749 pore
1072 1707 1209 1749 Lipsiae
1246 1707 1433 1740 studiorum
1472 1718 1595 1741 caussa

963 1751 1248 1791 commorabatur,
1271 1762 1348 1784 eam
1369 1752 1458 1784 ultro
1481 1751 1595 1785 nobis·

963 1805 1039 1827 cum
1069 1796 1345 1828 communicavit.
1404 1796 1474 1829 Nec
1514 1807 1594 1829 vero

963 1840 1062 1872 aliter
1084 1849 1105 1871 a
1129 1840 1271 1873 Platone
1293 1841 1453 1883 seriptum
1487 1841 1593 1873 fuisse

963 1884 1135 1916 luculente
1164 1884 1285 1918 docent
1315 1886 1486 1927 proxima:
1525 1880 1594 1926 ἆρα

964 1926 1019 1960 διὰ
1060 1932 1178 1967 τοῦτο,
1217 1927 1267 1961 ὅτι
1304 1930 1359 1961 καὶ
1400 1927 1492 1962 ἄλλοι
1521 1929 1591 1962 εἰσὶ

964 1971 1145 2015 ζωγράφοι
1165 1971 1359 2016 γράφοντες
1372 1971 1473 2006 a'tza
1489 1972 1593 2006 πολλὰ

964 2020 1055 2058 gaim-
1083 2017 1144 2049 ubi
1166 2018 1322 2050 Socrates
1350 2028 1410 2060 pro
1434 2022 1593 2050 accurata

962 2060 1156 2103 disputandi
1199 2061 1329 2094 ratione
1373 2062 1447 2094 sine
1490 2061 1594 2095 dubio

961 2102 1084 2137 ἄλλοθι
1115 2105 1316 2146 addidisset,
1353 2105 1385 2139 si
1414 2109 1482 2138 κοῦ
1512 2116 1595 2139 vera

962 2149 1064 2182 lectio
1088 2155 1197 2188 esset,
1227 2155 1261 2182 et
1283 2149 1372 2182 unde
1396 2151 1496 2183 etiam
1521 2161 1594 2194 per-

962 2194 1123 2236 spicitur,
1171 2194 1388 2236 quamobrem
1431 2199 1508 2237 post
1555 2192 1593 2228 ui

963 2242 1045 2270 ποῖα
1073 2238 1175 2270 etiam
1205 2238 1296 2271 istud
1319 2240 1375 2271 καὶ
1409 2237 1494 2271 ποῖ’
1528 2237 1592 2277 οὔ,·

962 2281 1152 2315 subiectum
1175 2282 1230 2314 sit.
1261 2283 1385 2315 Verum
1408 2284 1491 2315 satis
1507 2283 1592 2315 haee

961 2326 1003 2358 de
1033 2326 1107 2359 loco
1139 2326 1274 2359 tandem
1306 2327 1489 2369 aliquando
1518 2327 1591 2360 teli-

961 2372 1046 2404 citer
1084 2372 1270 2414 integritati
1305 2382 1388 2404 snae
1426 2372 1592 2404 restituto.

961 2415 1068 2447 —De
1085 2415 1235 2449 Zeuxide
1259 2426 1290 2448 v,
1313 2415 1440 2449 Ottfr.
1463 2416 1592 2448 Muel-

962 2459 1036 2492 ler.
1088 2460 1280 2502 Archaoloq.
1324 2461 1354 2500 §-
1395 2457 1459 2494 137
1500 2470 1591 2502 seqq.

962 2503 1106 2546 Sillig.
1132 2504 1242 2538 Catal-
1258 2504 1358 2537 artiff.
1371 2514 1403 2546 p.
1415 2502 1481 2537 459
1497 2514 1590 2546 seqq.

962 2548 1029 2589 Qui
1060 2548 1149 2589 quod
1182 2548 1307 2582 dicitnr
1345 2549 1415 2590 ζῶα
1451 2546 1592 2591 γράψαι,

960 2592 1143 2625 tenendum
1182 2600 1234 2626 est
1261 2594 1356 2635 catur
1376 2592 1445 2624 diei
1483 2592 1592 2625 solere

960 2637 1062 2670 etiam
1093 2636 1135 2670 de
1164 2636 1358 2670 simulacris
1387 2641 1422 2669 et
1450 2637 1592 2679 picturis

960 2681 1071 2714 omnis
1094 2682 1229 2724 generis
1250 2680 1296 2715 ad
1317 2681 1433 2714 vivum
1459 2691 1593 2724 expres·
