1690 2892
274 185 324 224 27
329 188 353 223 2
812 185 1069 225 PLATONIS

202 296 238 341 C
267 291 321 333 σὺ
347 297 429 333 νῦν
456 290 507 345 δὴ
536 292 637 345 ᾤου.
698 292 828 334 ΚΑΛ.
872 288 964 334 Οὐκ
992 289 1073 335 οἷδ’
1111 291 1213 333 ἅττα
1248 289 1403 346 λέγεις,
1443 285 1478 333 ὦ
1507 292 1597 333 Σώ-

266 370 436 408 κρατες,
473 353 559 397 ἀλλ’
587 358 717 398 ἄλλον
744 357 838 399 τινὰ
866 356 1011 410 ἐρώτα.
1067 358 1162 398 ΣΩ.
1203 350 1338 405 Οὗτος
1374 355 1483 410 ἀνὴρ
1520 351 1598 410 οὐχ

267 418 467 473 ὑπομένει
502 419 798 475 ὠφελούμενος
833 422 903 463 καὶ
940 421 1070 469 αὐτὸς
1106 424 1233 462 τοῦτο
1269 422 1468 474 πάσχων,
1504 420 1597 473 περὶ

269 478 322 525 οὗ
349 484 373 525 ὁ
400 484 525 537 λόγος
553 483 651 535 ἐστί,
679 486 969 540 κολαζόμενος.
1010 486 1143 525 ΚΑΛ.
1177 483 1288 526 Ου’δέ
1316 483 1362 539 γέ
1389 499 1462 537 μοι
1487 483 1598 538 μέλει

268 543 397 590 οὐδὲν
425 540 486 589 ὧν
511 548 565 590 σὺ
592 547 746 602 λέγεις,
786 550 857 592 καὶ
884 550 1016 591 ταῦτά
1042 559 1109 590 σοι
1138 550 1324 602 Γοργίου
1350 549 1474 603 χάριν
1499 549 1597 591 ἀπε·

266 613 487 666 κρινοίμην.
542 614 644 655 ΣΩ.
683 610 803 655 Εἶεν.
850 615 890 656 τί
926 610 1006 655 οὖν
1053 613 1105 667 δὴ
1146 615 1400 668 ποιήσομεν;
1447 613 1599 665 μεταξὺ

267 678 343 718 τὸν
388 677 517 730 λόγον
565 678 847 732 καταλύομενς
903 680 1036 720 ΚΑΛ.
1087 674 1230 726 Αὐτὸς
1276 678 1440 730 γνώσει.
1495 678 1595 719 ΣΩ.

196 757 237 798 D
266 737 367 782 Ἀλλ’
397 738 496 783 οὐδὲ
537 737 637 791 τοὺς
663 743 834 796 μύθους
870 742 974 794 φασὶ
1010 742 1164 796 μεταξὺ
1191 739 1314 794 θέμις
1340 737 1449 782 εἶναι
1475 756 1598 782 κατα-

266 807 444 858 λείπειν,
481 802 567 847 ἅλλ’
594 803 817 855 ἐπιθέντας
842 807 1055 861 κεφαλήν,
1091 806 1161 847 ἴνα
1198 805 1254 860 μὴ
1282 808 1388 847 ἄνευ
1414 808 1599 859 κεφαλῆς

334 959 371 992 C.
403 960 470 992 καὶ
504 957 636 994 αὐτὸς
667 964 789 993 τοῦτο
814 959 867 1004 π.]
914 960 1007 994 Male
1031 964 1110 993 ante
1133 960 1368 994 Heindorfium
1396 964 1474 1003 post
1496 956 1598 993 αὐτὸς

266 1008 432 1038 commate
455 1004 736 1048 distinguebatur.

334 1091 574 1135 ποιήσομεν
606 1112 650 1118 -
679 1092 970 1138 καταλύομεν]
1023 1093 1114 1127 Flor.
1143 1104 1176 1126 x.
1208 1094 1297 1146 Aug.
1327 1093 1424 1127 Bodl.
1457 1094 1534 1127 Par.
1558 1094 1596 1126 F.

266 1136 472 1180 ποιήσωμεν.
508 1139 584 1171 Par.
608 1139 674 1172 IV.
699 1141 860 1178 ποιῶμεν.
905 1140 994 1171 Dein
1019 1139 1134 1182 steph.
1158 1140 1399 1178 καταλυσομεν.
1430 1140 1506 1171 Par.
1532 1139 1598 1171 IV.

266 1183 357 1215 F.lor
381 1182 412 1215 b.
438 1194 472 1215 x.
496 1182 723 1223 καταλύωμεν.
762 1184 847 1218 Ven.
874 1183 954 1216 ΞΣ.
978 1183 1080 1216 vind.
1102 1182 1133 1216 2.
1158 1182 1189 1216 7.
1213 1183 1310 1215 Bodl.
1334 1185 1599 1223 καταλείψωμει.

267 1227 334 1260 Sed
357 1231 446 1260 recte
470 1226 679 1267 καταλύομεν
703 1227 817 1261 Clark.
842 1228 919 1261 Vat.
943 1227 1047 1260 Coisl.
1072 1227 1174 1261 vind.
1199 1227 1229 1260 1.
1245 1227 1276 1261 6.
1299 1228 1375 1260 Par.
1398 1228 1596 1261 BCEFW.

267 1272 366 1305 Bodl.
387 1272 480 1305 Flor.
504 1283 533 1307 a.
558 1282 588 1305 c.
612 1273 643 1307 d.
667 1273 691 1306 f.
714 1284 756 1305 m.
781 1284 812 1306 0.
835 1283 873 1313 s.,
897 1273 989 1315 quod
1012 1276 1105 1305 tenet
1127 1273 1228 1305 etism
1252 1271 1328 1305 Ald.
1353 1275 1388 1304 et
1410 1273 1487 1305 Bas.
1512 1272 1542 1305 1.
1565 1271 1597 1305 2.

268 1316 452 1349 Corum-ius
474 1317 612 1350 volebat
635 1319 899 1357 καταλείψομεν,
925 1317 984 1350 sed
1007 1328 1039 1349 v,
1065 1317 1232 1351 Schaefer.
1258 1317 1301 1350 ad
1321 1317 1493 1360 Aristoph.
1508 1317 1597 1349 Plut.

267 1361 318 1393 ed.
342 1362 535 1394 Hemsterh.
559 1362 652 1405 Lips.
684 1373 716 1405 p.
740 1361 815 1396 510.
846 1365 880 1394 et
907 1361 983 1395 550.
1014 1361 1057 1394 ad
1087 1363 1182 1395 Poet.
1212 1361 1332 1395 Gnom.
1365 1362 1415 1394 ed.
1447 1362 1598 1395 Brunck.

265 1407 358 1449 Lips.
382 1418 416 1450 p.
439 1405 514 1440 148.
538 1411 572 1440 et
594 1406 744 1440 Lobeck.
769 1406 812 1440 ad
834 1406 1021 1449 Phrynioh.
1044 1417 1076 1450 p.
1100 1405 1166 1440 713
1188 1416 1257 1449 seq.

311 1537 349 1572 C.
392 1533 530 1573 Οὗτος
568 1536 678 1581 ἀνὴρ
717 1537 791 1580 οὐχ
824 1537 899 1582 um]
967 1539 1032 1571 den
1055 1539 1117 1571 wir
1139 1537 1246 1571 thuri?
1276 1538 1430 1572 Brechen
1451 1539 1513 1571 wir
1535 1538 1599 1572 das

265 1583 379 1615 Etiam
408 1583 463 1616 hic
487 1578 589 1618 οὗτος
621 1581 710 1627 ἀνήρ
743 1593 820 1616 cum
851 1584 901 1616 in-
969 1581 1143 1625 Gespraeok
1165 1583 1202 1616 in
1224 1583 1285 1616 der
1309 1584 1403 1616 Mitte
1425 1582 1492 1616 ab?
1532 1584 1598 1616 Fu·

266 1627 462 1671 dignatione
475 1627 600 1661 dicitur
611 1628 653 1661 de
666 1639 719 1668 eo,
732 1628 790 1671 qui
806 1639 901 1671 prae·
968 1632 1080 1660 turum
1103 1629 1139 1660 in
1154 1627 1220 1660 hac
1242 1628 1388 1661 formula
1404 1633 1597 1671 usurpatur,

265 1683 343 1705 sens
366 1677 428 1705 est.
459 1684 492 1705 v.
521 1673 563 1705 ad
597 1671 729 1716 p.467.
732 1640 800 1705 q.B
837 1673 900 1706 Cc—
966 1672 1102 1715 quando
1143 1671 1248 1715 quid
1294 1672 1490 1704 futurum
1536 1674 1598 1705 sit

264 1721 373 1750 terum
401 1717 442 1749 de
475 1718 614 1751 notione
637 1717 733 1750 verbi
762 1716 898 1759 κολάζε-
966 1718 1156 1760 quaerum-3
1200 1717 1441 1749 coniunctivus
1477 1723 1597 1750 contra

267 1762 350 1794 σθαι
388 1761 508 1795 audias
543 1762 726 1795 Aristot.
762 1762 900 1795 Rhetor.
965 1761 1188 1794 dubitationis
1221 1761 1386 1794 indicium
1418 1762 1515 1802 facit,
1549 1764 1598 1794 ita.

268 1805 475 1847 1,10,17:
511 1806 669 1863 διαφέρει
697 1807 735 1839 δὲ
758 1810 900 1848 τιμωρία
965 1810 1003 1839 ut
1026 1805 1193 1850 significet
1215 1805 1362 1848 aliquem
1386 1806 1521 1839 consilii
1548 1808 1598 1839 in·

268 1851 323 1883 καὶ
348 1850 503 1886 κόλασις·
535 1849 555 1893 ἦ
578 1851 644 1892 μὲν
658 1849 738 1906 γὰρ
763 1850 899 1886 κόλασις
966 1862 1063 1894 opem
1081 1851 1230 1892 haerere,
1246 1850 1345 1893 quid
1366 1861 1441 1893 pro
1458 1861 1596 1884 rerum

269 1899 329 1928 τοῦ
353 1893 538 1938 πάσχοντος
562 1894 665 1929 ἕνεκά
688 1894 790 1934 ἐστιν,
815 1908 835 1952 ²3
860 1896 899 1929 δὲ
966 1895 1225 1929 conditione
1256 1894 1504 1928 faciendum
1527 1897 1595 1928 sit..

268 1942 410 1981 τιμωρία
432 1944 490 1973 τοῦ
515 1944 709 1979 ποιοῦιιος,
735 1942 791 1973 ἵνα
813 1952 899 1973 ano·
966 1941 1015 1973 Ita
1018 1951 1083 1983 que
1113 1946 1203 1973 recte
1234 1939 1430 1994 Euripid.
1462 1940 1534 1973 Ιοιι.
1563 1951 1596 1973 v.

268 1986 384 2027 πληρω
389 1986 447 2028 θῇ.
507 1986 627 2028 Itaque
667 1987 807 2026 τιμωρια
849 1996 899 2018 re·
966 1952 1048 2019 738q:
1082 1986 1233 2024 εἴπωμεν
1264 1982 1285 2027 ἢ
1317 1987 1483 2027 carnium,-
1515 1982 1534 2027 ἢ
1567 1987 1600 2016 ιί

268 2030 373 2062 fertur
404 2030 447 2062 ad
477 2030 678 2073 exigendam
715 2030 898 2063 vindictam
966 2028 1158 2071 dodanum,-
1195 2039 1238 2061 ex
1268 2030 1392 2070 quibus
1429 2029 1514 2061 illud
1545 2034 1598 2061 est

264 2073 401 2116 legibus
446 2074 610 2115 debitam,
668 2073 803 2108 κόλασις
855 2074 899 2107 ad
965 2074 1201 2113 deliberantis,
1224 2073 1290 2105 hoc
1314 2073 1365 2114 id,
1395 2074 1485 2116 quod
1507 2074 1596 2106 futu—

265 2119 534 2152 emendntionem
576 2125 611 2152 et
656 2119 898 2151 cohibitionem
964 2129 1039 2151 rum
1061 2123 1133 2158 est,
1156 2118 1344 2160 ignorantis
1367 2123 1469 2160 utque
1491 2117 1532 2151 de
1556 2129 1596 2150 eo

265 2164 448 2206 paeonum,
472 2168 510 2196 ut
532 2174 611 2196 vere
634 2164 765 2196 monuit
787 2164 862 2205 Wy
872 2167 899 2195 t·
964 2163 1171 2196 dubitantis:
1195 2162 1295 2194 sallon
1318 2162 1380 2195 wir
1398 2162 1500 2195 reden
1517 2162 1597 2195 oder

267 2214 334 2240 ten
349 2208 467 2241 bach.
506 2208 549 2240 ad
589 2208 711 2241 Select.
753 2209 897 2251 princip.
964 2206 1166 2250 schweiqen?
1187 2206 1267 2239 oder
1289 2217 1358 2239 was
1380 2207 1513 2240 werden
1534 2207 1596 2238 wir

265 2253 383 2286 histor.
414 2263 446 2295 p.
469 2251 545 2286 372.
600 2253 692 2286 Hinc
727 2253 898 2306 expendes
965 2251 1070 2284 than?
1121 2251 1304 2284 Diversum
1348 2261 1448 2284 usum
1493 2250 1597 2284 habet

264 2298 334 2329 vim
351 2297 457 2330 additi
473 2297 643 2340 participii
657 2298 896 2338 κολαζομένοις,
964 2306 1124 2339 praesens
1140 2301 1284 2338 tempus,
1302 2306 1369 2338 quo
1384 2295 1425 2328 de
1438 2307 1478 2328 eo
1494 2305 1597 2337 quae-

265 2341 355 2383 quod
395 2353 502 2384 nuper
541 2343 607 2374 fuit
645 2342 704 2384 qui
749 2341 896 2374 deletum
964 2342 1067 2381 ritur,
1108 2340 1198 2383 quod
1229 2341 1297 2372 ism
1331 2350 1422 2373 nuuc
1458 2339 1514 2379 fit,
1558 2344 1596 2372 ut

264 2385 380 2426 vellet,
403 2387 534 2419 scilicet
556 2391 595 2420 ut
618 2387 763 2420 otiosum
787 2391 821 2419 et
843 2397 898 2419 su·
964 2386 997 2417 h.
1021 2385 1044 2418 l.
1068 2396 1101 2418 V.
1108 2352 1175 2417 qud
1205 2385 1359 2427 Sympos.
1390 2395 1423 2428 p.
1455 2382 1529 2417 176.
1555 2386 1595 2416 Α.

265 2440 523 2474 pervacaneum.
965 2431 1077 2470 Quum
1101 2430 1206 2472 igitur
1234 2430 1270 2461 iu
1293 2439 1333 2462 eo
1356 2429 1400 2461 sit
1423 2428 1596 2469 Callicles,

310 2475 502 2518 Γοργιόι
527 2473 674 2518 χάριν]
706 2475 898 2517 Respicitur
963 2479 1002 2506 ut
1039 2474 1302 2516 disputationem
1338 2472 1517 2515 abrumpat
1552 2483 1594 2506 sc

264 2519 307 2551 ad
330 2530 361 2562 p.
386 2518 464 2552 497.
487 2521 525 2552 B.
549 2519 625 2554 501.
650 2520 687 2552 C.
964 2518 1070 2558 finiat,
1093 2518 1197 2551 facile
1209 2521 1359 2561 apparet,
1383 2527 1442 2550 cur
1460 2517 1595 2549 dicatur

311 2557 418 2596 τίοι
431 2576 448 2595 ν
474 2562 523 2607 δὴ
547 2562 809 2616 ποιήσομει,·
832 2573 897 2602 με-
964 2561 1194 2602 καταλυομεν,
1218 2572 1328 2604 neque
1350 2559 1593 2601 καταλίσομεν,

266 2606 368 2649 ταξὺ
405 2606 476 2640 τὸν
522 2607 653 2650 λόγον
693 2609 896 2641 καταλυο-
963 2608 1054 2649 quod
1100 2606 1347 2649 Stephanus
1399 2606 1594 2638 discrimine

265 2663 358 2692 μεν,
353 2652 375 2696 ·]
398 2653 541 2685 Prorsus
564 2652 680 2685 eodem
704 2653 802 2685 modo
816 2652 898 2684 Ger-
963 2652 1123 2684 dictionis
1162 2661 1229 2684 non
1265 2656 1442 2693 perspecto
1475 2651 1593 2682 invitis

265 2698 397 2730 manico
420 2697 531 2731 dicas.
556 2708 625 2730 wac
641 2708 714 2730 uun
729 2696 800 2730 also
817 2706 896 2730 wer·
962 2696 1060 2729 libris
1096 2696 1256 2739 reposuit.
1316 2695 1451 2728 Erravit
1489 2695 1593 2738 igitur
