1702 2924
473 138 713 200 GORGIAS.
742 139 786 176 P.
818 138 912 176 476.
944 137 1038 176 477.
1070 138 1127 175 ed.
1160 137 1215 175 St.
1443 138 1519 175 179

165 247 261 290 τινὰ
291 246 444 302 ἐνορᾷς
470 243 499 301 ἦ
524 249 699 297 πενίανς
744 248 887 288 ΠῼΛ.
933 248 1038 298 Οὔκ,
1067 245 1174 287 ἀλλὰ
1201 245 1365 287 πενίαν.
1422 247 1521 286 ΣΩ.

176 313 227 354 Τί
254 308 294 354 δ’
325 311 373 354 ἐν
401 314 594 367 σώματος
621 317 886 365 κατασκευῇ;
937 312 1092 353 κακίαν
1127 311 1181 352 ἂν
1209 312 1366 365 φήσαις
1395 310 1521 351 ἀσθέ-

166 393 287 420 νειαν
307 374 418 420 εἶναι
438 377 510 420 καὶ
531 378 664 419 νόσον
690 376 763 419 καὶ
791 373 938 431 αἶσχος
969 376 1040 418 καὶ
1066 377 1118 418 τὰ
1146 379 1344 426 τοιαῦτας
1377 378 1520 417 ΠΩΛ.

156 440 330 498 ’Ἑγωγε.
389 445 486 485 ΣΩ.
542 438 719 485 Οὐκοῦν
746 442 816 484 καὶ
845 442 892 484 ἐν
919 449 1037 498 ψυχῇ
1067 442 1280 497 πονηρίαν
1306 442 1403 496 ἡγεῖ
1427 457 1522 482 τινα

167 505 299 559 εἶναι,-
333 510 476 551 ΠῼΛ.
509 510 610 557 Πῶς
627 508 709 562 γὰρ
729 511 804 558 οὕς
834 509 930 549 ΣΩ.
962 508 1134 561 Ταύτην
1152 503 1233 548 οὖν
1251 503 1333 549 οὐκ
1355 507 1523 548 ἀδικίαν

168 578 309 624 καλεῖς
346 574 417 616 καὶ
447 574 642 625 ἀμαθίαν
669 573 741 616 καὶ
768 573 928 615 δειλίαν
956 573 1027 614 καὶ
1054 574 1105 614 τὰ
1133 574 1334 623 τοιαῦτα,·
1378 574 1522 613 ΠῼΛ.

171 641 300 681 Πάνυ
336 638 415 694 μὲν
454 634 546 680 οὖν.
604 640 701 680 ΣΩ.
754 637 931 680 Οὐκοῦν
958 639 1187 692 χρημάτων
1223 637 1294 679 καὶ
1328 638 1524 690 σώματος

168 705 239 747 καὶ
276 710 440 759 ψυχῆς,
490 709 621 756 τριῶν
661 706 824 750 ὄντων,
874 699 1040 757 τριττὰς
1090 703 1259 757 εἴρηκας
1302 702 1524 757 πονηρίας,

166 771 340 820 πενίαν,
379 770 537 818 νόσον,
577 769 768 819 ἀδικίαν;
826 771 968 810 ΠῼΛ.
1025 769 1126 809 Ναί.
1187 770 1284 810 Σῼ.
1343 768 1415 816 Τίς
1444 763 1524 809 οὗν

170 837 336 878 τούτων
370 840 457 876 τῶν
493 840 714 888 πονηριῶν
743 835 955 888 αἰσχίστης
996 829 1076 888 οὐχ
1103 834 1132 888 ή
1159 834 1302 875 ἀδικία
1330 832 1400 874 καὶ
1429 837 1524 874 συλ-

169 901 333 955 λήβδην
363 900 397 954 ή
432 905 508 954 τῆς
544 906 683 954 ψυχῆς
710 900 920 954 πονηρίας
966 901 1110 940 ΠῼΛ.
1154 899 1279 940 Πολύ
1307 913 1367 952 γε.
1425 900 1524 939 Σῼ,

171 966 228 1006 Εἰ
251 965 303 1019 δὴ
328 965 533 1019 αἰσχίστη,
563 964 635 1007 καὶ
653 966 839 1020 κακίστη.
901 967 1041 1006 ΠῼΛ.
1075 966 1188 1013 Πῶς,
1222 959 1256 1005 ὦ
1284 965 1525 1017 Σώκρατες,

172 1028 325 1084 λέγεις;
356 1031 453 1071 ΣΩ.
479 1030 601 1072 “ῼδί·
633 1026 697 1071 ἀεὶ
720 1031 766 1072 τὸ
790 1031 1008 1084 αἴσχιστον
1035 1032 1130 1084 ἤτοι
1157 1030 1300 1082 λύπην
1327 1030 1528 1084 μεγίστην

172 1094 358 1150 παρέχον
396 1092 425 1148 ἢ
465 1096 631 1150 βλάβην
667 1093 694 1149 ἦ
730 1091 950 1149 ἀμφότερα
980 1095 1196 1149 αἴσχιστόν
1226 1094 1338 1136 ἐστιν
1368 1094 1413 1136 ἐκ
1441 1097 1527 1135 τῶν

176 1158 517 1215 ὡμολογημένων
538 1161 585 1202 ἐν
605 1167 663 1213 τῷ
692 1161 948 1214 ἔμπροσθεν.
1000 1162 1141 1201 ΠΩΛ.
1174 1161 1386 1201 Μάλιστα.
1429 1161 1527 1200 ΣΩ.

175 1227 404 1280 Αἴσχιστον
421 1226 466 1267 δὲ
490 1227 630 1267 ἀδικία
652 1225 722 1267 καὶ
756 1226 959 1279 σύμπασα
982 1231 1122 1279 ψυχῆς
1150 1226 1337 1280 πονηρία
1365 1231 1447 1266 νῦν
1476 1224 1527 1278 δὴ

175 1291 442 1345 ὡμολόγηται
471 1291 585 1345 ἡμῖν.
645 1292 786 1332 ΠῼΛ.
812 1286 1101 1344 Ὡμολόγηται
1128 1291 1223 1344 γάρ.
1287 1292 1383 1331 ΣΩ.
1420 1291 1528 1331 Οὐκ-

174 1363 255 1397 οῦν
272 1356 298 1410 ἢ
331 1356 611 1408 ἀνιαρότατόν
643 1355 755 1397 ἐστιν
786 1354 858 1398 καὶ
886 1356 986 1412 ἀνίᾳ
1014 1355 1286 1408 ὑπερβάλλον
1313 1355 1529 1409 αἴσχιστον

175 1525 346 1557 omittunt.
402 1525 468 1557 Pro
502 1523 635 1556 τούτων
670 1523 776 1567 vulgo
813 1525 887 1556 sine
923 1523 1020 1556 codd.
1060 1534 1140 1556 mss.
1175 1526 1273 1555 τοῦτο
1305 1522 1532 1556 scribebatur.

175 1571 265 1602 Tum
289 1567 310 1613 ἢ
334 1568 422 1612 λύπῃ
449 1566 470 1613 ἢ
494 1567 607 1612 βλάβη
633 1569 737 1601 iidem
761 1569 843 1609 fere,
868 1580 954 1611 quos
979 1572 1058 1600 ante
1083 1569 1273 1609 nominavi,
1297 1569 1388 1601 unde
1413 1569 1529 1601 Herm.

175 1627 195 1657 η
226 1614 313 1657 λύπῃ
346 1614 512 1647 adhibitis
547 1614 715 1647 cancellis
746 1614 933 1647 revocavit.
988 1614 1024 1646 Si
1050 1615 1162 1669 igitur
1192 1594 1330 1647 codices
1364 1614 1531 1655 sequaris,

175 1661 273 1692 locus
297 1661 348 1693 sic
371 1657 860 1717 refingenduserit.01⁷›nofiz.
883 1654 906 1702 ᾗ
929 1657 1161 1701 ἀιιαρότατόι·
1185 1658 1288 1698 ἐστιν,
1313 1657 1397 1702 αἰίᾳ
1423 1671 1530 1699 tasp-

175 1704 321 1747 βάλλον,
354 1705 530 1747 αἴσχιστον
554 1703 685 1738 τούτων
710 1703 808 1737 ἐστὶν
832 1702 854 1748 ἠ
878 1701 966 1757 λζύπῃ
994 1702 1015 1748 ἢ
1038 1703 1150 1747 βλάβη
1178 1702 1197 1747 ἢ
1222 1702 1416 1746 ἀμφότερα.
1464 1704 1531 1736 Sed

176 1761 349 1790 veremur,
388 1756 426 1782 ut
465 1750 499 1782 id
540 1751 628 1783 ferat
666 1750 975 1792 argumentationis
1007 1751 1104 1782 ratio.
1152 1750 1392 1791 Exspectabas
1418 1750 1531 1791 potius

183 1793 324 1828 Οὐκοῦν
339 1793 393 1839 ἢῃ
385 1790 469 1828 'ozza
493 1807 519 1827 κ.
547 1808 572 1827 τ.
599 1797 625 1828 λ.
650 1796 787 1827 omissis
811 1794 925 1827 verbis
951 1793 971 1838 ἢ
996 1793 1324 1836 zdnqy.Dob1-aeus
1349 1794 1531 1826 Adve1·-.sa1

177 1841 220 1872 Τ.
246 1841 272 1872 Ι.
303 1851 335 1882 p.
369 1839 445 1873 153.
476 1841 581 1873 verba
611 1841 785 1882 αἴσχιστον
816 1838 950 1872 τούιωι
980 1839 1078 1872 ἐστὶι
1108 1839 1254 1872 delenda
1284 1839 1532 1882 suspicabatur.

177 1886 249 1919 Nos
272 1885 361 1918 nihil
384 1886 453 1918 uisi
477 1885 623 1918 alterum
649 1884 748 1917 ἐστὶν
771 1896 831 1928 pro
857 1888 1015 1928 suspecto
1041 1884 1219 1917 habemus.

182 2053 295 2076 serum
318 2053 393 2075 esse
417 2053 468 2083 eo,
498 2043 557 2085 qui
580 2052 756 2084 nunquam
781 2043 823 2074 ob
938 2043 979 2074 B.

182 2088 273 2121 male
295 2088 389 2121 facta.
405 2088 592 2131 castigetur
614 2088 758 2130 ideoque
776 2088 824 2119 vi-

183 2135 241 2166 tiis
257 2134 460 2189 inquinatus
475 2136 620 2166 aetatem
644 2133 824 2175 transigat.

182 2178 236 2211 Ad
262 2177 324 2221 τὴν
355 2175 532 2220 ωφέλειαν
561 2179 671 2213 intell.
706 2189 824 2211 rursus

183 2221 381 2278 ὠφελεῖται.

226 2262 307 2310 Ἆρ’
332 2279 413 2300 ουν
437 2271 566 2307 τουμ
590 2265 670 2311 ἀπ]
719 2268 825 2300 Νοιι-

183 2324 233 2345 ne
266 2314 408 2356 igitur
446 2324 468 2345 a
496 2314 682 2345 maximo
719 2313 827 2345 libe-

184 2363 305 2391 ratur
337 2358 477 2391 malo‘?
533 2358 613 2390 Sed
646 2369 731 2391 rem
763 2358 826 2390 ita

1054 2039 1167 2074 Ούκο
1182 2044 1202 2074 f>
1217 2053 1236 2073 ν
1283 2041 1480 2085 χρημάτω
1494 2041 1532 2084 2¹]

893 2087 997 2120 Hunc
1013 2087 1128 2119 locum
1151 2088 1334 2130 exscripsit
1351 2088 1446 2120 Stob.
1458 2088 1535 2120 Ecl.

893 2133 970 2165 Eth.
996 2133 1103 2165 Serm.
1128 2133 1218 2165 XLI.

940 2200 978 2232 C.
1021 2197 1088 2232 ἀεὶ
1116 2199 1156 2232 τὸ
1182 2200 1416 2241 αἴσχιστον
1440 2197 1536 2242 ἦτοι

895 2243 1036 2287 λύπην
1066 2256 1150 2288 μεγ.
1177 2257 1206 2277 κ.
1232 2257 1256 2276 τ.
1283 2244 1330 2286 L]
1365 2255 1536 2286 semper

894 2290 953 2332 id,
985 2290 1099 2332 quod
1131 2290 1434 2332 tun-pissimum
1460 2295 1536 2327 est,

895 2354 938 2359 —
963 2339 1203 2378 propterea
1233 2339 1301 2367 est
1329 2335 1537 2377 turpissi-

895 2391 1018 2421 mum,
1056 2380 1172 2422 quod
1203 2384 1276 2412 aut
1306 2381 1534 2413 maximum

185 2404 431 2442 considera,
464 2402 600 2438 videlic.
631 2413 713 2445 quo
743 2403 827 2435 cla-

184 2450 277 2482 rius
308 2449 565 2491 perspicias
604 2458 710 2489 eum,
752 2449 827 2490 qui

185 2494 292 2527 male
323 2494 545 2527 factorum
576 2503 739 2535 poenas
770 2493 828 2525 lu-

185 2544 244 2580 at,
293 2550 314 2571 a
351 2539 537 2571 maximo
577 2538 686 2570 malo
725 2538 828 2570 libe-

186 2585 282 2616 rari.
321 2585 407 2617 Nam
432 2578 488 2624 ἆρ’
514 2577 583 2615 οὖν
606 2583 735 2615 (lictum
766 2594 827 2625 pro

184 2624 241 2670 ἆρ’
267 2624 335 2662 οὖν
359 2627 421 2666 οὐ,
455 2629 495 2661 de
521 2639 588 2670 quo
611 2639 677 2660 usu
701 2628 827 2660 dictum

188 2679 241 2706 est
264 2674 358 2706 alibi.

895 2425 1091 2458 dolorem
1153 2425 1287 2458 affert
1343 2429 1419 2458 aut
1474 2425 1538 2457 da-

896 2482 1035 2503 mnum
1062 2475 1136 2503 aut
1157 2474 1400 2513 utrumque.

941 2539 985 2569 D.
1038 2534 1212 2570 Οὐκοῦν
1249 2535 1268 2580 ἢ
1305 2536 1538 2578 ἀνιαρότα-

900 2580 971 2615 τόν
1006 2581 1127 2614 ἐστιν
1157 2595 1186 2615 κ.
1213 2595 1235 2615 τ.
1262 2583 1310 2625 L]
1349 2584 1539 2624 Argumen-

898 2632 990 2660 tatur
1013 2628 1078 2659 hoc
1101 2628 1218 2661 modo:
1255 2628 1304 2667 Id,
1329 2628 1418 2669 quod
1443 2632 1540 2669 turpe

898 2677 967 2711 cst,
992 2677 1049 2704 aut
1073 2678 1209 2715 propter
1233 2673 1403 2711 dolorem,
1440 2683 1540 2714 quem

1201 2739 1271 2772 12*
