1696 2976
482 132 899 171 PROTAGORAS.
931 132 974 170 P.
995 135 1076 170 319.
1108 134 1181 169 ST.
1484 129 1537 171 61

126 246 251 294 ἄλλοι
284 250 516 306 λωβῶνται
546 245 648 302 τούς
670 249 818 301 νέους·
857 247 932 301 τὰς
967 245 1049 307 γὰρ
1080 249 1235 306 τέχνας
1267 245 1428 300 αὐτοὺς
1459 264 1539 293 πε-
1563 266 1593 298 E

126 314 344 375 φευγότας
369 314 554 370 ἄκοντας
585 313 719 362 παλιν
741 309 800 361 ἀὖ
832 313 1012 374 ἄγοντες
1046 314 1342 375 ἐμβάλλουσιν
1374 319 1436 368 εἰς
1468 316 1539 360 τέ-

128 404 255 443 χνας,
298 383 533 443 λογισμούς
563 403 611 430 τε
634 385 706 430 καὶ
737 382 1035 442 ἀστρονομίαν
1066 386 1139 430 καὶ
1170 388 1442 442 γεωμετρίαν
1466 384 1539 428 καὶ

127 450 345 511 μουσικὴν
386 451 669 505 ὃιδασκοντες
696 479 754 484 -
782 454 855 497 καὶ
897 450 986 511 ἅμα
1028 457 1090 506 εἰς
1121 451 1198 498 τὸν
1223 450 1399 498 Ἱππίαν
1431 449 1539 496 ἀπέ-

128 525 265 578 βλεψε
294 547 350 552 --
359 519 514 580 ,παρὰ
552 518 594 566 δ’
631 521 704 579 ἐμε
751 518 1016 579 ἀφικόμενος
1055 519 1304 579 μαθησεται
1344 518 1397 566 οὐ
1439 520 1540 578 περὶ

128 586 266 634 ἄλλου
297 607 375 634 του
399 585 426 647 ἢ
457 590 559 647 περὶ
591 582 644 635 οὗ
674 587 782 647 ἥκει.
823 587 870 634 τὸ
896 589 946 634 δὲ
968 587 1153 647 μάθημα
1178 591 1298 634 ἐστιν
1329 586 1541 646 εὐβουλία

128 661 234 715 περί
259 676 306 703 τε
336 659 427 702 τῶν
457 661 662 735 οἰκείων,
688 655 806 710 ὅπως
837 654 894 702 ἂν
926 654 1083 715 ἄριστα
1115 656 1196 715 τὴν
1228 655 1364 703 αὑτοῦ
1395 660 1542 701 οἰκίαν

130 729 310 782 διοικοῖ,
358 726 432 770 καὶ
464 726 566 785 περὶ
604 727 694 770 τῶν
722 728 799 783 τῆς
831 724 1021 782 πόλεως,
1058 743 1175 779 οπως
1198 723 1251 770 τὰ
1274 727 1350 783 τῆς
1374 723 1543 777 πόλεως

130 792 435 847 δυνατώτατος
466 813 523 839 αν
554 800 621 851 εἴη
653 794 727 839 καὶ
758 810 966 853 πραττειν
997 794 1071 838 καὶ
1106 794 1261 854 λέγειν.
1280 785 1372 851 Ἆρ’
1380 828 1393 850 ,
1427 811 1542 850 εφην
1554 810 1620 842 319

130 859 230 919 ἐγω,
256 863 420 920 ἕπομαί
439 876 522 908 σου
544 864 605 923 τῷ
625 860 762 923 λόγῳ;
789 865 933 916 δοκεῖς
952 880 1035 921 γαρ
1053 873 1127 920 μοι
1146 863 1292 920 λέγειν
1308 859 1391 919 τὴν
1415 865 1542 906 πολι-

127 927 254 988 τικὴν
275 931 435 989 τέχνην
457 931 531 975 καὶ
556 927 870 988 ὑπισχνεῖσθαι
894 941 1039 976 ποιεῖν
1061 927 1228 987 ανδρας
1246 927 1444 987 ἀγαθοὺς
1461 946 1543 974 πο-

128 1002 260 1052 λίτας.
303 996 424 1044 Αὐτὸ
447 1017 529 1057 μεν
553 1017 635 1044 ουν
657 996 786 1044 τοῦτό
811 1001 952 1056 εστιν,
986 1002 1094 1056 ἔφη,
1129 1017 1163 1043 ω
1189 996 1446 1056 Σώκρατες,
1494 995 1542 1042 τὸ

130 1063 434 1125 ἐπαγγελμα,
420 1065 444 1111 ὁ
470 1068 801 1124 ἐπαγγέλλομαι.

230 1132 336 1193 Cap.
362 1134 415 1180 X.
449 1127 504 1180 3H
525 1133 676 1191 καλόν,
700 1127 757 1192 ἦν
781 1131 823 1179 δ’
853 1132 961 1192 ἐγώ,
993 1134 1186 1192 τέχνημα
1210 1131 1296 1194 ἄρα
1319 1133 1541 1191 κέκτησαι,

129 1210 253 1262 εἴπερ
278 1204 504 1261 κέκτησαι·
553 1201 605 1248 οὐ
631 1200 714 1260 γάρ
745 1220 786 1247 τι
818 1199 925 1247 ἄλλο
957 1200 1065 1261 πρός
1097 1221 1147 1259 γε
1179 1202 1230 1247 σὲ
1262 1199 1482 1261 εἰρήσεται
1515 1197 1542 1258 ἢ

130 1269 242 1331 ἅπερ
267 1273 366 1316 νοῶ.
396 1269 480 1328 ἐγὼ
505 1269 589 1330 γὰρ
610 1272 754 1327 τοῦτο,
781 1262 816 1315 ὦ
832 1269 1121 1329 Πρωταγόρα,
1147 1268 1228 1316 οὐκ
1267 1267 1391 1331 ᾤμην
1416 1273 1544 1315 διδα-

218 1404 260 1436 Ε.
285 1392 503 1436 πάλιναυ
521 1395 715 1446 ἄγοντες
733 1397 844 1446 ἐμβ.]
874 1414 924 1435 αυ
946 1403 1158 1436 restitutum
1182 1405 1238 1435 est
1261 1413 1303 1435 ex
1328 1402 1382 1435 ed.
1405 1403 1492 1436 Bas
1511 1404 1543 1435 2.

130 1448 232 1481 codd.
250 1449 354 1483 Bodl.
370 1448 478 1481 Vind.
494 1448 592 1483 Flor.
612 1459 646 1480 a.
665 1459 695 1480 c.
707 1448 864 1490 aliisque
890 1448 990 1480 codd.
1006 1448 1185 1490 plurimis.
1203 1448 1347 1480 Deinde
1361 1448 1470 1491 vulgo
1490 1445 1543 1486 εἰς

129 1506 197 1533 τας
214 1492 386 1545 τέχνας.
380 1494 482 1528 Bodl.
501 1492 555 1531 εἴς
571 1504 611 1526 τε
627 1491 774 1548 τέχνας.
815 1493 937 1526 Ceteri
952 1494 1037 1545 fere,
1048 1503 1171 1525 omnes
1189 1490 1243 1532 εἰς
1249 1491 1406 1543 τέχνας.

218 1540 259 1572 Ρ.
278 1541 354 1573 319.
373 1530 454 1592 Αρ’
463 1564 472 1581 ,
493 1535 610 1590 ἔφην
626 1533 726 1590 ἐγώ]
747 1539 845 1571 Male
863 1539 949 1571 olim
962 1532 1037 1581 Αρ’
1041 1564 1050 1581 ,
1070 1533 1203 1581 ἔφην’
1186 1549 1269 1581 εγω.

219 1584 309 1627 Cap.
326 1585 370 1619 X.
389 1579 442 1617 οὗ
458 1595 540 1627 γαρ
561 1596 599 1616 τι
626 1578 752 1627 ἄλλο]
774 1585 816 1618 V.
841 1578 936 1617 ἄλλο
959 1596 1014 1626 τι,
1046 1587 1175 1616 contra
1197 1583 1302 1616 fidem
1326 1584 1543 1627 optimorum

124 1630 301 1665 codicum.

172 1744 218 1775 Ε.
287 1736 488 1781 ἄκοντας
550 1736 693 1776 πάλιν
745 1732 801 1774 αὖ

129 1781 325 1831 ἄγοντες
355 1783 449 1831 ἔμβ.
494 1783 559 1825 εἰς
588 1785 638 1829 τ]
682 1788 801 1820 invi-

129 1836 200 1866 tos
233 1843 389 1865 rursus
430 1832 723 1865 retrahentes
758 1834 802 1864 in

130 1879 294 1910 artium
326 1878 456 1919 quasi
485 1887 638 1920 gyrum
665 1877 802 1910 eonii-

130 1924 257 1956 ciunt
281 1926 327 1956 et
351 1922 402 1955 ad
433 1933 508 1955 eas
532 1922 801 1955 tractandas

130 1979 149 2001 c
158 1979 178 2001 o
188 1979 220 2000 m
230 1979 252 2011 p
263 1979 281 2000 e
293 1968 422 2000 llunt.
452 1967 624 2010 Carpitur
632 1967 802 2009 Hippias,

129 2014 192 2056 qui
208 2014 318 2046 etiam
342 2013 454 2066 Hipp
479 2012 610 2046 Maior.
638 2023 673 2054 p.
690 2014 756 2045 285
775 2012 802 2044 C

129 2060 264 2091 dicitur
288 2052 540 2102 ἀκριβέστατα
571 2052 803 2091 ἐπίστασθαι

127 2098 344 2155 ἅνθρωπων
401 2102 568 2154 διαιρεῖν
624 2103 715 2145 περί
764 2113 802 2136 τε

128 2143 358 2204 γραμμάτων
387 2143 584 2201 δυνάμεως
616 2146 682 2181 καὶ
716 2149 803 2181 συλ-

130 2193 255 2237 λαβών
292 2191 357 2226 καὶ
401 2189 593 2236 ἁρμονιῶν
628 2191 694 2226 καὶ
738 2205 803 2236 ρυ-

129 2238 258 2283 θμῶνε
312 2243 423 2281 atque
469 2240 728 2286 astronomiam
768 2242 804 2271 et

130 2284 366 2327 geometriam
397 2294 529 2326 magno
561 2293 650 2316 cum
683 2284 802 2317 studio

131 2330 257 2362 coluit.
276 2340 309 2363 v
329 2339 440 2371 supra
463 2340 498 2371 p.
513 2331 578 2361 315
595 2329 634 2360 C.
662 2347 702 2351 -
726 2341 804 2362 πα-

131 2376 202 2408 λιν
229 2386 252 2406 α
262 2386 283 2407 υ
312 2373 448 2406 dictum
476 2368 516 2406 ἐκ
544 2375 718 2417 παραλλη
710 2369 801 2415 ’,λου

129 2423 170 2452 nt
198 2431 257 2462 ap.
286 2419 340 2450 Αι
349 2419 516 2461 istoph.
548 2418 647 2453 Plut.
671 2430 704 2452 v.
723 2421 799 2452 622.

130 2475 163 2498 v.
180 2466 259 2499 860.
280 2465 326 2496 al.
353 2463 473 2495 Simili
489 2464 658 2496 ubertate
674 2465 801 2496 Latini

129 2513 250 2542 retro
295 2509 486 2549 referri,
532 2518 688 2541 rursus
732 2520 798 2541 re-

130 2556 268 2589 verti,
294 2564 447 2586 rursus
472 2564 696 2595 reserare,
722 2554 798 2587 alia

131 2598 309 2633 dixerunt.
350 2599 468 2631 Stullb.
503 2599 724 2641 Protagoras
757 2599 800 2632 de

129 2643 187 2675 his
210 2645 300 2687 ipsis
324 2645 465 2677 artibus
488 2643 742 2685 disputaverat
764 2645 802 2676 in

130 2688 224 2721 libro
240 2687 326 2732 περὶ
353 2688 511 2732 τεχνῶν,
537 2699 608 2730 quo
625 2688 802 2722 docuerat

133 2745 175 2765 ex
193 2745 315 2766 earum
331 2735 450 2767 studio
463 2733 630 2765 idoneum
644 2734 800 2766 fructum

132 2779 271 2821 percipi
308 2790 379 2812 non
417 2790 535 2822 posse.
574 2789 607 2811 v.
642 2778 800 2821 Sophist.

132 2834 164 2865 p.
185 2825 249 2856 232
265 2824 310 2856 D.
346 2825 494 2857 Aristot.
522 2824 727 2866 Metaphys.
751 2825 799 2865 ΙΙ,

131 2870 151 2900 2
170 2872 260 2903 extr.

918 1739 984 1781 εἰς
998 1735 1540 1785 τὸνἽππίανοΞπέβλεψε]

870 1788 1012 1820 vultum
1036 1788 1083 1820 ad
1106 1788 1280 1830 Hippiam
1298 1788 1450 1826 avertit,
1475 1789 1543 1820 int.

872 1844 893 1865 a
910 1834 1029 1865 nobis.
1046 1833 1244 1874 Aristides,
1269 1833 1332 1873 qui
1350 1843 1394 1864 ex
1410 1843 1544 1865 memo·

871 1879 926 1910 ria
942 1878 1040 1910 hune
1057 1878 1177 1910 locum
1197 1858 1322 1909 at’tulit
1339 1878 1406 1911 111.
1425 1888 1460 1919 p.
1477 1879 1543 1910 548

871 1923 932 1963 (ΙΙ.
952 1934 986 1964 p.
1003 1924 1069 1956 433
1085 1922 1195 1955 Dind.
1199 1922 1230 1964 );
1248 1917 1268 1955 ὁ
1288 1917 1543 1975 Πρωταγόρας

873 1965 926 2005 εἰς
965 1963 1033 2001 τὸν
1069 1963 1226 2001 Ιππίαν
1271 1965 1543 2010 παραβλέπει.

871 2013 901 2044 V
904 2013 1023 2045 idetur
1038 2015 1151 2066 igitur
1168 2013 1265 2056 apud
1280 2013 1475 2046 Platonem
1492 2013 1544 2045 le·

870 2059 968 2100 gisse
983 2053 1186 2118 υπέβλεψε,
1201 2058 1314 2091 limis
1328 2058 1444 2090 oculis
1451 2058 1544 2101 Hip-

871 2105 969 2145 piam
993 2102 1173 2146 adspexit'
1184 2127 1192 2144 ‚
1224 2103 1318 2145 quod
1340 2103 1544 2145 Protagora

870 2159 998 2200 parum
1016 2153 1072 2181 est
1078 2148 1245 2200 dignum.
1267 2159 1301 2181 v.
1320 2160 1354 2191 p.
1371 2150 1435 2180 361
1453 2148 1496 2181 Ε.

917 2204 1039 2232 οπως
1071 2205 1126 2227 αν
1152 2212 1198 2216 —
1229 2190 1425 2236 διοικοῖ]
1459 2203 1542 2234 qua

872 2240 1052 2272 ratione
1072 2240 1240 2281 optime
1258 2239 1406 2281 possit
1422 2248 1543 2270 suam

872 2284 1018 2326 ipsius
1033 2283 1541 2316 domumadministrare.

872 2330 1007 2381 Lysid.
1022 2341 1054 2372 p.
1074 2331 1139 2361 207
1156 2329 1204 2362 Ε;
1234 2326 1541 2371 προμηθοῦνται,

872 2385 974 2412 οπως
984 2386 1031 2407 αν
1041 2369 1323 2428 εὐδαιμονοίης.
1342 2374 1374 2405 X
1384 2383 1435 2406 en
1445 2384 1496 2416 op
1505 2373 1540 2407 h

871 2419 999 2471 Cyrop.
1018 2420 1053 2459 Ι,
1072 2422 1111 2460 2,
1136 2420 1171 2450 6;
1205 2413 1469 2473 ἐπιμέλονται,
1494 2429 1542 2456 ως

869 2476 918 2498 αν
926 2463 1112 2507 βελτιστοι
1128 2460 1253 2497 εἷενοῖ
1262 2464 1430 2496 πολῖται.
1449 2443 1540 2495 l’bid.

866 2510 915 2561 11,
935 2512 965 2550 1,
982 2511 1021 2541 4:
1047 2503 1342 2565 βουλευώμεθα,
1368 2519 1469 2546 οπως
1493 2501 1542 2539 ὂὶν

864 2563 1001 2597 αριστα
1031 2553 1326 2597 αγωνιζοίμεθα.
1371 2553 1541 2585 Ceterum

869 2599 912 2631 de
937 2600 1008 2631 hae
1028 2599 1274 2641 sophistarum
1303 2598 1540 2640 inprimisque

868 2645 1093 2686 Protagorae
1120 2644 1348 2686 professione
1377 2653 1409 2676 v.
1442 2642 1540 2674 Men.

868 2700 901 2731 p.
921 2691 961 2721 91
979 2690 1010 2720 A
1027 2699 1106 2730 sqq.
1129 2689 1239 2731 Hipp
1263 2689 1339 2720 Mai
1363 2699 1396 2730 p.
1415 2689 1481 2720 296
1497 2689 1540 2723 A.

868 2735 895 2765 E
901 2733 1084 2774 uthyclem.
1101 2745 1136 2776 p.
1155 2736 1220 2767 273
1238 2735 1282 2767 D.
1302 2733 1350 2765 al.
1369 2733 1487 2768 Stallb.

912 2779 951 2809 P.
970 2781 1046 2812 3.19
1077 2781 1233 2812 ποιεῖν
1246 2771 1421 2820 ανὸρας
1434 2789 1540 2821 αγα-

867 2819 951 2856 θο
939 2836 956 2855 υ
967 2821 1200 2865 ςπολίτας]
1213 2823 1538 2856 Dehorumverbo-

866 2879 942 2900 rum
961 2869 1251 2911 ambiguitatev.
1265 2869 1423 2910 praefat.
1436 2879 1470 2911 p.
1483 2870 1535 2905 16,
