1676 2938
485 167 732 206 GORGIAS.
762 168 807 206 P.
839 166 932 205 512.
963 167 1024 205 ed.
1056 167 1114 205 St.

1398 170 1478 205 295

117 274 230 318 ἔστιν
258 278 284 318 ὃ
311 276 394 330 ἐγὼ
420 273 554 329 λέγω,
593 271 681 317 ἀλλ’
708 270 815 317 αὐτὸ
843 275 960 316 τοῦτ’
990 272 1104 316 ἔστιν
1131 274 1281 329 ἀρετή,
1323 275 1372 316 τὸ
1400 275 1479 316 σώ-

118 344 204 393 ζειν
232 342 366 384 αὑτὸν
393 341 464 384 καὶ
493 341 543 383 τὰ
572 338 730 383 ἑαυτοῦ
758 343 864 382 ὄντα
885 340 1037 389 ὁποῖός
1057 355 1121 388 τις
1143 337 1276 393 ἔτυχε,
1305 337 1478 393 καταγέ-

117 408 270 457 λαστός
308 418 375 450 σοι
410 408 454 449 ὁ·
474 408 611 461 ψόγος
644 407 835 460 γίγνεται
868 405 941 447 καὶ
978 411 1276 460 μηχανοποιοῦ
1317 404 1391 446 καὶ
1419 404 1478 445 ἰα-

118 480 224 526 τροῦ
262 474 333 515 καὶ
369 475 456 515 τῶν
501 475 642 514 ἄλλων
679 474 862 527 τεχνῶν,
909 466 1006 512 ὅσαι
1045 475 1125 512 τοῦ
1166 471 1315 521 σώζειν
1353 469 1478 511 ἕνεκα

119 539 383 593 πεποίηνται.
410 535 497 580 ἀλλ’
512 569 525 589 ,
567 532 602 579 ὦ
628 539 832 592 μακάριε,
876 532 981 589 ὅρα,
1022 534 1080 591 μὴ
1109 538 1213 577 ἄλλο
1242 551 1282 577 τι
1308 535 1357 577 τὸ
1385 549 1477 588 γεν-

119 608 246 647 ναῖον
280 602 352 647 καὶ
388 603 436 646 τὸ
476 604 648 657 ἀγαθὸν
683 600 712 656 ᾗ
749 609 828 644 τοῦ
874 602 1022 653 σώζειν
1060 616 1103 643 τε
1139 600 1212 643 καὶ
1253 601 1477 652 σώζεσθαι.

117 667 176 724 μὴ
202 669 285 722 γὰρ
306 674 434 710 τοῦτο
455 666 547 722 μέν,
574 669 622 710 τὸ
647 670 744 722 ζῆν·
772 667 936 710 ὁπόσον
958 666 1004 708 δὲ
1030 667 1211 721 χρόνον,
1239 667 1317 709 τόν
1345 681 1390 719 γε
1420 666 1478 715 ὡς
1512 674 1550 715 Ε
1591 658 1594 659 ⁷

118 735 291 789 ἀληθῶς
328 734 465 787 ἄνδρα
504 732 650 776 ἐατέον
680 733 766 775 ἐστὶ
794 732 865 775 καὶ
905 727 959 774 οὐ
988 731 1332 785 φιλοψυχητέον,
1371 731 1478 773 ἀλλὰ

118 797 404 854 ἐπιτρέψαντα
430 798 527 852 περὶ
562 800 728 841 τούτων
766 803 824 851 τῷ
852 801 941 851 θεῷ
970 796 1043 840 καὶ
1071 798 1359 839 πιστεύσαντα
1386 800 1479 846 ταῖς

116 944 182 989 yde
209 948 308 978 τοῦτο
333 944 407 985 μέν,
433 943 469 977 τὸ
495 946 562 988 ζῆν
586 942 721 976 οποσοι
724 942 767 986 δη
788 956 842 986 χρ.
866 944 933 976 Sed
957 948 1050 976 recte
1069 941 1205 976 ὁπόσον
1230 943 1269 976 δὲ
1280 955 1332 985 χρ
1359 943 1477 976 Clark.

118 992 207 1031 Vat„
230 990 322 1033 quod
346 1000 441 1023 nunc
471 991 618 1033 primum
651 990 874 1022 restituimus.
920 989 1006 1022 Inde
1038 992 1149 1022 ortum
1181 994 1233 1022 est
1263 986 1399 1022 ὁπόσον
1424 988 1481 1021 δεῖ

116 1038 195 1069 Par.
220 1035 508 1070 CIW.F10r.a.
533 1035 564 1068 (1.
589 1036 614 1068 f.
638 1047 671 1067 Χ.
697 1039 731 1068 81
753 1046 802 1089 pr.
827 1047 870 1068 m.
895 1036 1010 1068 BEF.
1042 1035 1109 1067 Pro
1136 1034 1255 1067 ἐατέον
1278 1034 1477 1076 Stephanus

115 1082 235 1114 invitis
266 1081 366 1114 libris
398 1081 558 1114 omnibus
588 1081 728 1123 scripsit
760 1078 912 1115 εὐκτέον.
959 1081 1192 1113 Buttrnannus
1223 1079 1307 1112 olim
1338 1090 1398 1122 pro
1431 1077 1478 1122 μὴ

113 1127 180 1170 γὰρ
205 1126 426 1160 scribendum
449 1126 595 1169 putabat
618 1126 674 1158 καὶ
699 1124 777 1169 ya'e.
803 1125 1118 1159 Winckelmannus
1142 1126 1221 1160 Act.
1246 1126 1324 1158 Soc.
1351 1126 1475 1158 Graec.

116 1272 291 1295 servare
332 1266 464 1303 atque
496 1263 682 1295 servari.
714 1261 757 1293 cf.

116 1309 232 1340 Rost.
259 1309 289 1348 5.
314 1304 390 1340 108.
415 1310 532 1339 annot.
558 1305 610 1338 19.

161 1351 214 1396 μὴ
238 1350 318 1396 γὰρ
352 1355 479 1385 τοῦτο
504 1351 604 1391 μέι,
629 1370 671 1375 -
696 1350 759 1383 eia-

116 1398 214 1431 τὲοι
238 1396 345 1441 ἐστι]
370 1398 497 1430 Totum
519 1397 634 1430 locum
659 1397 762 1429 refert

115 1445 247 1477 Marc.
271 1443 481 1476 Antonin.
507 1443 637 1475 Comm.
663 1442 761 1475 adse

115 1491 229 1532 ipsum
274 1488 368 1521 Libr.
405 1488 483 1520 VII.
535 1488 625 1520 Sect.
665 1488 759 1521 XVI.

117 1535 296 1568 Sententia
319 1532 502 1566 verborum
534 1534 618 1566 satis
643 1538 761 1576 aperta

116 1584 183 1613 est:
210 1580 333 1620 Nam,
367 1579 499 1621 inquit,
522 1578 641 1611 istud
673 1579 760 1621 qui-

115 1625 226 1666 dem,
258 1635 382 1667 quam
415 1624 491 1656 diu
522 1625 670 1665 vivas,
710 1625 760 1664 ei,

115 1671 187 1713 qui
221 1681 322 1702 vere
354 1669 421 1702 vir
458 1670 535 1710 sit,
573 1680 656 1702 non
696 1680 759 1702 cu-

114 1715 297 1748 randum
335 1718 419 1754 est,
459 1725 603 1757 neque
643 1715 759 1747 vitae

116 1761 254 1794 amori
293 1759 641 1802 indulgendum,
686 1759 760 1793 sed

116 1806 388 1840 committere
418 1805 496 1838 hoc
529 1805 656 1838 debet
680 1805 759 1838 deo

115 1856 246 1893 atque
292 1850 427 1883 fidem
470 1849 635 1883 habens
681 1861 760 1883 mu-

114 1896 323 1929 lierculis
347 1895 671 1928 dictitantibus
695 1907 759 1928 ne-

114 1943 275 1975 minem
298 1941 437 1974 ullum
461 1951 594 1983 posse
618 1941 758 1974 fatum

115 1987 334 2030 effugere,
381 1984 539 2019 deinde
578 1986 622 2018 id
671 1997 760 2029 spe-

114 2037 251 2072 ctare,
300 2030 518 2074 quomodo
563 2035 628 2066 etc.
692 2032 759 2064 Sed

113 2078 273 2110 haeretur
295 2078 331 2109 in
356 2076 501 2120 vulgata
524 2076 672 2109 lectione
686 2088 759 2110 ver-

116 2123 236 2155 borum
260 2133 364 2165 supra
386 2121 550 2155 iudicata.
581 2123 759 2165 Stepha-

114 2178 196 2200 nus
240 2167 282 2200 de
315 2167 525 2200 Cornarii
561 2168 759 2201 coniectura

115 2213 270 2255 reposuit
292 2210 435 2245 εὐκτέον
458 2212 550 2251 ἐστί,
574 2213 664 2256 (111οᾱ
688 2225 758 2246 11011

113 2259 261 2291 debebat
283 2259 427 2300 probare
443 2259 559 2291 Hein
570 2258 757 2292 dorfius.

114 2304 202 2336 Nam
227 2307 266 2335 ut
287 2308 420 2336 taceam
448 2303 594 2336 formam
617 2302 759 2337 εὐκτέον

113 2348 296 2382 admodum
343 2359 418 2381 esse
454 2353 665 2392 suspectam,
715 2350 757 2382 de

114 2405 188 2448 qua.
220 2404 256 2426 re
292 2393 360 2425 vid.
394 2394 582 2427 Bantius
611 2395 757 2438 Epistol.

114 2440 220 2472 critic.
250 2450 281 2482 p.
313 2436 391 2472 217.
427 2439 478 2471 ed.
501 2439 605 2493 Lips.
616 2465 625 2481 ‚
666 2441 757 2473 male

114 2485 268 2528 profecto
292 2488 371 2526 post
393 2481 446 2526 μὴ
470 2482 536 2528 γὰρ
551 2504 597 2510 -
615 2483 758 2518 εὐκτέον

114 2530 444 2563 statimdnferretur
481 2531 536 2562 καὶ
575 2527 624 2563 οὐ
659 2532 754 2571 φιλο-

116 2574 295 2617 ψυχητέον.
341 2575 514 2615 Quocirca
536 2575 757 2609 Buttman-

113 2630 195 2652 uus
226 2621 307 2653 olim
340 2619 560 2653 scribendum
586 2622 753 2654 coniecit.

115 2666 171 2698 καὶ
209 2664 276 2708 γὰρ
309 2683 352 2690 -—
386 2664 507 2697 ἐατέον
550 2664 643 2705 ἐστι’,
686 2677 756 2709 qua

113 2711 310 2744 coniectura
340 2721 424 2753 sane
449 2712 638 2745 sententiae
668 2711 755 2746 bene

831 1260 1033 1293 consulitur.
1106 1260 1173 1292 Sed
1226 1264 1341 1293 tamen
1394 1259 1476 1292 libri

830 1317 949 1339 omnes
973 1308 1170 1338 constanter
1183 1304 1230 1349 μή
1251 1310 1378 1338 18118111.
1409 1308 1475 1338 Ita-

830 1362 896 1393 que
919 1351 1011 1384 idem
1042 1352 1095 1383 vir
1129 1351 1251 1384 doctus
1280 1355 1402 1394 postea
1430 1350 1477 1393 μή

831 1397 959 1429 dictum
990 1407 1065 1429 esse
1098 1397 1235 1438 statuit,
1265 1397 1369 1429 sicuti
1399 1401 1478 1439 post

830 1440 898 1483 ὅρα
922 1446 956 1474 81
981 1442 1120 1475 δέδοικα
1143 1443 1228 1475 alibi
1247 1442 1384 1474 dicitur.
1411 1443 1476 1475 Ve-

829 1498 906 1520 rum
930 1498 994 1520 nec
1025 1488 1111 1520 haec
1141 1488 1228 1520 ratio
1260 1491 1355 1520 caret
1378 1487 1476 1519 dubi-

830 1534 970 1566 tatione.
1013 1533 1247 1574 Quamobrem
1270 1534 1476 1566 Herman-

829 1590 908 1611 nus
933 1589 1042 1620 nuper
1065 1578 1230 1611 audacter
1255 1578 1296 1611 de
1315 1589 1378 1612 3110
1392 1579 1475 1611 scri-

828 1625 915 1667 psit:
941 1622 1009 1667 ἡδὺ
1033 1621 1098 1667 γὰρ
1126 1628 1224 1657 τοῦτο
1242 1624 1309 1663 μὲι·
1332 1621 1367 1657 τὸ
1392 1625 1473 1665 ζῆν·

830 1668 968 1702 ὁπόσον
1000 1668 1039 1701 δὲ
1061 1669 1194 1711 χρόνον
1225 1681 1253 1701 κ.
1280 1682 1306 1701 τ.
1330 1671 1357 1701 λ.
1406 1668 1475 1701 Sed

829 1715 988 1757 displicet
1020 1714 1112 1747 istud
1143 1712 1210 1758 ἡδὺ
1241 1725 1304 1757 pro
1328 1713 1373 1756 μὴ
1403 1725 1475 1747 11011

828 1760 930 1793 1110ᾶο
961 1759 1129 1793 audaciae
1160 1761 1319 1799 nomine,
1354 1770 1474 1792 verum

829 1806 932 1838 etiam
964 1805 1060 1846 ideo,
1094 1806 1175 1848 quia
1206 1805 1269 1838 1110
1300 1804 1474 1838 vocabulo

829 1851 1120 1894 argumentationi
1153 1851 1350 1883 obtruditur
1378 1851 1474 1883 notio

829 1908 849 1929 a
871 1907 908 1928 re
932 1897 1007 1939 ipsa
1031 1907 1125 1929 nunc
1147 1895 1274 1928 aliena.
1298 1896 1371 1928 Nec
1392 1906 1473 1929 vero

829 1945 926 1975 tanta
949 1952 1036 1984 opus
1062 1942 1127 1974 suit
1150 1942 1351 1974 mutatione.
1399 1941 1473 1973 Imo

828 1987 916 2019 nihil
955 1987 1024 2019 nisi
1064 1985 1201 2020 ὁπόσον
1233 1985 1272 2019 δὲ
1309 1997 1351 2018 ex
1386 1987 1472 2028 opti—

827 2033 893 2065 mis
917 2032 1093 2065 codicibus
1124 2032 1190 2064 fuit
1213 2031 1474 2072 restituendum,

828 2077 920 2120 quod
951 2087 1046 2110 nunc
1078 2078 1317 2110 revocavimus
1358 2088 1473 2110 emen-

828 2123 908 2156 data
954 2123 1137 2156 verborum
1185 2123 1475 2166 interpunctione.

827 2169 881 2201 Ita
913 2169 1004 2201 enim
1034 2168 1077 2201 ad
1109 2166 1154 2211 un*
1186 2167 1252 2211 yde
1288 2172 1402 2206 τοῦτο,
1435 2166 1473 2201 τὸ

828 2215 916 2258 ζῆν,
963 2213 1227 2268 intelligendum
1265 2213 1473 2256 relinquitur

826 2260 908 2292 οἴου
954 2258 989 2292 τὸ
1028 2257 1171 2303 ἀγαθὼ
1208 2259 1264 2291 καὶ
1307 2264 1473 2301 γενιαῖον

826 2300 936 2343 εἶναι,
971 2305 1038 2338 1108
1068 2315 1190 2337 sensu:
1232 2304 1327 2336 noli
1358 2306 1470 2337 enim

825 2353 978 2393 putare
1015 2350 1138 2383 istud
1182 2349 1372 2391 quidem,
1412 2350 1470 2381 vi-

826 2395 992 2428 delicet
1032 2400 1077 2427 ut
1108 2396 1238 2427 vivas
1268 2395 1384 2437 (cuius
1419 2395 1470 2427 rei

826 2441 920 2474 notio
951 2441 1021 2473 iam
1052 2450 1254 2483 praegresso
1281 2437 1408 2482 σώζειν
1436 2452 1470 2472 τε

826 2486 881 2519 καὶ
916 2484 1095 2527 σώζεσθαι
1118 2485 1271 2518 indicata
1294 2486 1370 2527 est),
1402 2485 1470 2518 ho-

827 2535 1000 2564 nestum
1024 2536 1155 2573 atque
1181 2530 1337 2564 bonum
1353 2541 1466 2563 esse:

828 2577 908 2608 imo
926 2587 1051 2618 quam
1067 2576 1139 2609 diu
1155 2576 1289 2617 (vivat),
1307 2576 1348 2608 id
1365 2586 1467 2615 eum,

825 2622 898 2664 qui
944 2632 1046 2654 vere
1085 2623 1150 2654 vir
1190 2622 1263 2661 sit,
1314 2631 1467 2653 curare

825 2677 910 2699 non
935 2671 1114 2710 oportet
1144 2670 1207 2700 etc,
1255 2665 1309 2698 Ad
1333 2664 1377 2708 μὴ
1400 2665 1466 2708 yde

826 2715 924 2744 τοῦτο
968 2712 1032 2752 μέν
1076 2713 1168 2756 (111οᾶ
1204 2711 1469 2754 intelligendum
