1702 2924
495 185 740 225 GORGIAS.
770 185 814 224 P.
846 187 941 225 481.
972 185 1032 223 ed.
1064 185 1121 224 St.
1404 186 1479 224 191

129 294 230 337 νυνὶ
266 294 589 345 σπουδάζοντα,
630 293 657 347 ἢ
685 293 914 344 παίζοντα;
956 293 991 334 εἰ
1018 291 1096 347 μὲν
1123 291 1207 347 γὰρ
1234 291 1487 342 σπουδάζεις

132 375 175 402 τε
203 359 275 402 καὶ
301 360 500 414 τυγχάνει
526 362 662 401 ταῦτα
689 353 832 413 ἀληθῆ
862 361 981 409 ὄντα,
1011 360 1037 399 ἃ
1065 357 1223 413 λέγεις,
1261 360 1365 399 ἄλλο
1391 373 1432 398 τι
1458 356 1485 410 ἢ

133 425 253 480 ἡμῶν
271 425 295 468 ὁ
318 427 412 476 βίος
438 420 806 478 ἀνατετραμμένος
835 423 889 465 ἂν
917 424 980 478 εἴη
1009 426 1095 465 τῶν
1124 420 1386 477 ἀνθρώπων,
1415 422 1487 464 καὶ

128 491 267 532 πάντα
296 490 347 532 τὰ
377 489 548 532 ἐναντία
575 489 830 543 πράττομεν,
862 488 918 537 ὡς
949 490 1104 539 ἔοικεν-ν,
1145 489 1170 543 ἢ
1200 491 1227 530 ἃ
1256 489 1347 538 δεῖς
1389 489 1486 529 ΣΩ.

123 547 179 596 ³52
210 556 472 604 Καλλίκλεις,
501 555 536 596 εἰ
562 555 620 608 μή
648 570 688 596 τι
716 550 770 608 ἦν
797 558 887 603 τοῖς
915 550 1167 607 ἀνθρώποις
1194 557 1361 603 πάθος,
1398 556 1488 601 τοῖς

130 619 210 674 μὲν
246 624 350 663 ἄλλο
388 637 450 671 τι,
490 623 579 669 τοῖς
607 619 652 662 δὲ
679 623 783 662 ἄλλο
811 635 864 668 τι,
891 619 940 662 τὸ
969 621 1095 670 αὐτό,
1137 620 1246 661 α’λλά
1274 635 1336 668 τις
1364 619 1488 673 ήμῶν

129 686 241 727 ἴδιόν
279 701 317 727 τι
351 684 503 740 ἔπασχε
544 687 685 734 πάθος
721 685 748 739 ἢ
788 685 831 726 οἱ
865 687 1007 735 ἄλλοι,
1052 686 1132 727 οὐκ
1161 685 1215 726 ἂν
1244 681 1297 739 ἦν
1326 685 1478 739 ῥᾴδιον
1508 689 1550 731 D

131 750 398 801 ἐνδείξασθαι
436 754 495 807 τῷ
533 749 660 807 ἑτέρῳ
697 747 746 792 τὸ
786 748 944 792 ἑαυτοῦ
985 751 1179 805 πάθημα.
1221 749 1328 803 λέγω
1356 748 1394 791 δ’
1423 751 1486 792 ἑν-

128 818 307 870 νοήσας,
347 813 411 858 ὅτι
448 814 531 870 ἐγώ
568 831 612 857 τε
651 816 722 858 καὶ
760 816 814 857 σὺ
852 820 938 858 νῦν
965 817 1234 870 τυγχάνομεν
1261 817 1420 858 ταύτόν
1448 832 1488 857 τι

130 882 415 930 πεπονθότες,
458 880 609 935 ἐρῶντε
647 882 727 923 δύο
766 884 862 923 ὄντε
890 881 1011 923 δυεῖν
1040 880 1256 935 ἑκάτερος,
1298 879 1380 934 ἐγὼ
1409 882 1488 936 μὲν

130 1037 287 1070 Bekkero
318 1037 408 1070 dedi.
455 1038 556 1070 Nunc
579 1037 748 1080 pluralem
771 1048 952 1070 numerum
977 1037 1185 1070 servandum
1209 1038 1420 1081 putavimus.
1453 1048 1485 1069 v.

130 1093 217 1125 quae
241 1082 281 1115 de
306 1082 371 1115 hoc
394 1094 519 1126 genere
544 1084 766 1125 exposuimus
791 1083 835 1115 ad
850 1083 1056 1126 Euthydem.
1081 1094 1112 1126 p.
1137 1081 1216 1116 273.
1241 1084 1284 1115 D.
1308 1084 1485 1126 Protagor.

130 1139 161 1170 p.
185 1126 262 1161 317.
287 1128 327 1160 Ε.
359 1128 505 1161 Phaedr.
529 1139 561 1171 p.
587 1127 666 1162 254.
691 1130 730 1160 A.
763 1139 794 1170 p.
819 1127 898 1161 278.
922 1129 973 1169 B.,
1005 1128 1096 1160 unde
1121 1129 1231 1161 disces
1256 1128 1396 1160 dualem
1420 1139 1486 1160 nu-

130 1183 262 1205 merum
292 1184 363 1206 non
393 1185 471 1206 raro
496 1174 547 1206 sic
571 1184 651 1206 cum
674 1174 801 1215 plurali
824 1184 966 1206 numero
992 1174 1195 1206 consociari.
1242 1174 1332 1206 Dein
1357 1174 1433 1206 Par.
1458 1174 1486 1206 I.

131 1219 223 1251 Flor.
246 1218 279 1250 b.
306 1217 418 1251 διεῖι».
442 1230 474 1250 v.
498 1229 531 1261 p.
555 1217 632 1252 464.
657 1219 707 1258 Β.,
731 1218 792 1251 ubi
817 1219 935 1251 nullus
959 1219 1068 1251 codex
1094 1218 1204 1255 διεῐι
1228 1230 1261 1261 p.
1282 1217 1359 1252 473.
1379 1220 1422 1250 D.
1441 1219 1486 1251 al.

131 1263 230 1295 Libri
260 1265 324 1295 hoc
355 1265 392 1296 in
422 1275 548 1307 genere
578 1265 662 1296 mire
685 1264 863 1296 fluctuant
898 1265 986 1296 conf.
1011 1265 1163 1297 Fischer.
1189 1265 1232 1297 ad
1257 1265 1486 1307 Theophrast.

133 1309 236 1341 Char.
251 1309 296 1348 11,
314 1308 345 1341 2.
378 1309 540 1342 Aeschin.
567 1309 660 1342 Socr.
685 1310 729 1349 II,
753 1308 784 1342 3.
818 1310 969 1351 Lennep.
995 1310 1038 1342 ad
1061 1310 1162 1342 Phal.
1211 1308 1298 1342 ..42
1334 1309 1485 1342 Lobeck.

131 1355 174 1386 ad
205 1354 389 1396 Phrynich.
421 1365 452 1397 p.
477 1353 545 1388 210
568 1365 636 1396 seq.
668 1355 846 1387 Matthiae.
874 1355 931 1387 Gr.
966 1356 996 1395 §-
1022 1353 1097 1388 138.
1122 1354 1154 1388 2.
1187 1321 1355 1387 pVidetur
1387 1355 1487 1388 &vett

131 1399 223 1442 apud
246 1399 426 1433 Platonem
450 1411 519 1433 non
544 1400 683 1433 omnino
708 1399 947 1443 spernendum.

133 1545 302 1578 limitibus
355 1546 427 1578 suis
476 1546 775 1578 circumscribatur

133 1597 236 1633 atque
272 1592 470 1624 accuratius
506 1590 698 1624 definiatur.
730 1609 773 1615 —

131 1638 216 1673 Mox
268 1637 405 1669 notabis
450 1641 655 1669 structuram
700 1647 775 1669 ver-

133 1681 254 1715 borum
291 1681 385 1714 ἴδιόν
423 1694 450 1714 τι
476 1701 520 1706 -
548 1680 570 1724 ἢ
602 1682 639 1714 οἱ
668 1679 772 1721 ἄλλοι,

132 1738 219 1769 quae
235 1738 374 1769 prorsus
389 1727 602 1760 conformata
617 1732 670 1760 est
685 1727 773 1768 πρὸς

132 1772 167 1805 τὸ
195 1770 400 1812 νοούμενον.
449 1772 584 1815 Quippe
613 1774 650 1805 in
680 1772 774 1805 ἴδιον

133 1817 432 1859 comprehenditur
462 1818 566 1850 simul
596 1820 691 1850 notio
724 1818 774 1851 di-

132 1863 324 1895 versitatis:
348 1862 439 1895 unde
453 1862 634 1896 subiicitur
651 1861 682 1907 ἦ,
700 1873 775 1905 per-

133 1908 214 1940 inde
244 1918 285 1940 ac
316 1908 346 1940 si
377 1908 543 1951 scriptum
574 1914 666 1942 esset
696 1907 774 1941 ἄλλο

133 1966 161 1986 ιι
184 1954 319 1994 ἔπασχε.

180 1999 224 2031 D.
262 1997 367 2041 λέγω
396 1995 424 2030 δ’
451 1996 671 2040 ἐννοήσας
695 1998 774 2042 κτλ..]

135 2045 262 2076 Totum
278 2043 369 2076 hunc
383 2043 510 2084 locum,
534 2044 594 2086 qui
610 2044 774 2086 sequitur,

135 2089 184 2121 F
174 2101 186 2120 1
196 2089 264 2120 cin
274 2099 322 2120 us
344 2088 480 2120 videtur
495 2089 596 2121 aliter
611 2090 774 2132 scriptum

134 2134 278 2177 legisse,
312 2144 424 2176 neque
449 2139 564 2167 tamen
587 2134 774 2177 quidquam

134 2179 170 2211 in
209 2190 250 2212 eo
287 2179 489 2212 mutandum
526 2184 700 2222 putamus.
730 2198 774 2204 —-

137 2223 208 2256 καὶ
242 2227 314 2256 τοῦ
346 2223 687 2265 Πυριλάμπους,
722 2227 773 2259 in-

137 2269 209 2302 tell.
241 2269 340 2307 υἱοῦ,
372 2280 459 2311 quae
492 2270 652 2312 frequens
685 2272 772 2305 ratio

135 2319 198 2348 est.
235 2315 323 2348 Nam
337 2315 519 2356 quominus
543 2325 622 2348 cum
645 2316 774 2349 Hein-

135 2361 156 2392 d
166 2371 185 2392 o
195 2360 235 2392 rf
238 2360 251 2391 i
260 2370 279 2392 o
342 2357 468 2402 Δήμου
526 2361 773 2404 intelligamus,

133 2406 273 2448 linguae
302 2405 398 2447 leges
432 2404 624 2447 prohibent.
669 2408 776 2440 Ludit

133 2456 248 2483 autem
260 2460 531 2482 commemorans
549 2449 661 2494 δῆμον
669 2453 775 2485 Athe-

133 2497 288 2528 niensem
300 2500 403 2538 atque
417 2495 519 2538 Δῆμο
525 2507 555 2534 ν,
566 2496 774 2541 Pyrilampis

133 2541 253 2573 filium.
299 2541 518 2583 Elegantiam
552 2541 620 2576 loci
650 2544 773 2584 partim

133 2586 321 2628 explicavit
378 2585 549 2618 Casaub
562 2597 669 2619 onus
731 2589 773 2621 ad

136 2632 350 2663 Athenaeum
375 2632 434 2670 IX,
460 2630 512 2663 12.
530 2641 564 2673 p.
578 2630 656 2664 397.
685 2634 773 2674 „De-

135 2686 211 2708 mus
235 2676 290 2708 hic
314 2676 373 2708 ille
398 2676 478 2716 est'',
502 2677 625 2718 inquit,
650 2677 773 2718 „quiti-

135 2722 235 2754 naLos
250 2725 284 2754 et
306 2721 479 2754 comtulus
502 2722 649 2763 iuvenis,
673 2734 774 2766 quem

841 1549 881 1578 ut
912 1545 1051 1578 mollem
1083 1550 1117 1578 et
1139 1547 1269 1579 formae
1294 1546 1488 1580 studiosum

843 1592 965 1624 comici
1004 1593 1288 1634 perstrinxerunt.
1326 1603 1359 1624 v.
1398 1593 1487 1625 Ari-

844 1648 859 1669 s
868 1641 909 1668 to
917 1648 938 1679 p
948 1637 981 1669 h.
994 1638 1120 1680 Vespp.
1136 1648 1169 1669 v.
1183 1635 1238 1670 97.
1251 1638 1367 1680 ibique
1380 1637 1487 1670 schol.

842 1683 896 1714 Ex
926 1683 1002 1715 istis
1026 1683 1136 1715 lucem
1161 1683 1283 1715 afferes
1307 1683 1384 1715 loco
1411 1683 1488 1715 Pla-

841 1727 933 1759 tonis
956 1729 992 1759 in
1011 1728 1152 1771 Gorgia,
1175 1729 1236 1760 ubi
1259 1729 1309 1760 ait
1331 1729 1488 1761 Socrates

843 1772 884 1805 de
908 1783 944 1804 se
969 1778 1003 1806 et
1030 1773 1176 1806 Callicle
1200 1772 1320 1805 ambos
1343 1784 1382 1806 se
1405 1773 1487 1806 duo-

842 1829 917 1850 rum
933 1829 1048 1850 amore
1063 1819 1185 1858 teneri,
1207 1819 1321 1860 ipsum
1348 1818 1488 1861 quidem

844 1863 1036 1896 Alcibiadis
1066 1870 1099 1896 et
1121 1863 1376 1917 philosophiae,
1410 1864 1487 1897 Cal-

842 1908 959 1941 liclem
983 1919 1063 1941 vero
1090 1908 1200 1952 δήμου
1221 1909 1486 1942 Atheniensium

845 1958 879 1986 et
916 1951 1042 1997 Δήμου
1087 1954 1320 2007 Pyrilampis,
1358 1954 1393 1987 id
1435 1959 1489 1987 est

843 1998 962 2042 populi
991 2004 1025 2031 et
1049 2000 1167 2037 Demi,
1201 2000 1260 2042 qui
1291 2004 1364 2032 erat
1394 2000 1487 2032 filius

841 2044 1060 2098 Pyrilampis.
1073 2044 1090 2058 '¹
1154 2044 1304 2078 Comicis
1349 2050 1488 2088 propter

843 2091 957 2133 ipsum
998 2087 1124 2133 Δήμου
1171 2101 1299 2123 nomen
1344 2091 1488 2123 ludendi

842 2135 1103 2178 cavillandique
1118 2136 1294 2168 materiam
1310 2137 1487 2179 praebuit:

842 2192 876 2213 v.
910 2181 1063 2213 Ranke
1098 2181 1168 2213 Vit.
1206 2182 1311 2214 Arist.
1346 2193 1380 2224 p.
1409 2180 1487 2215 405.

841 2227 871 2259 R
882 2237 957 2269 asp
966 2226 1033 2259 ius
1054 2227 1107 2259 De
1119 2226 1245 2268 Eupol.
1259 2228 1379 2259 Demis
1390 2238 1421 2270 p.
1433 2226 1488 2260 94.

842 2271 930 2304 conf.
945 2272 1035 2304 infra
1051 2282 1084 2314 p.
1101 2270 1179 2305 513.
1197 2272 1235 2304 Β.
1269 2272 1487 2314 Quamquam

842 2318 869 2349 P
878 2327 898 2349 o
909 2328 930 2360 p
939 2327 961 2348 u
970 2317 1002 2348 li
1048 2318 1297 2359 prosopopoeia
1338 2322 1487 2350 ceterum

842 2373 913 2394 non
936 2363 1002 2394 fuit
1025 2362 1192 2394 inaudita.
1230 2362 1368 2395 Statuas
1385 2364 1487 2395 Demi

843 2407 949 2440 Attici
981 2411 1147 2439 memorat
1177 2408 1429 2441 Pausanias
1459 2409 1488 2450 1,

844 2453 876 2493 1,
898 2451 929 2485 3.
963 2457 996 2484 et
1018 2451 1052 2493 3,
1075 2451 1107 2486 4.
1155 2452 1314 2485 Eundem
1341 2454 1486 2486 Parrha-

843 2499 967 2530 sinsin
991 2497 1112 2530 tabula
1135 2500 1420 2540 repraesentavit,
1444 2499 1486 2532 de

843 2554 910 2585 quo
928 2543 1018 2575 Plin.
1032 2543 1073 2575 N.
1092 2543 1137 2575 H.
1153 2543 1297 2584 XXXV,
1312 2542 1367 2577 36.
1407 2544 1487 2577 Fal-

841 2589 925 2621 litur
959 2599 1040 2620 vero
1079 2588 1371 2622 Casaubonus
1402 2590 1424 2622 l.
1456 2600 1487 2622 c.

843 2633 1061 2666 scribendum
1092 2638 1218 2675 putans
1250 2635 1305 2666 καὶ
1340 2639 1400 2667 τοῦ
1427 2638 1487 2667 τοῦ

844 2677 1103 2720 Πυριλάμπους.
1153 2679 1239 2712 Nam
1272 2691 1384 2723 neque
1408 2683 1486 2717 arth

842 2724 959 2757 culum
979 2723 1097 2756 eodem
1122 2734 1206 2758 casu
1229 2725 1281 2758 sic
1305 2726 1486 2770 repetitum
