1716 2886
528 133 770 174 GORGIAS.
800 134 844 172 P.
876 137 968 173 492.
1000 135 1060 174 ed.
1092 135 1149 174 St.
1441 139 1517 175 231

159 246 295 285 λουσι.
339 241 489 296 δέομαι
517 239 599 285 οὖν
639 241 721 296 ἐγώ
761 252 842 284 σου
870 244 1020 297 μηδενὶ
1048 243 1192 301 τρόπῳ
1221 244 1410 295 άνεῖναι,
1450 246 1521 286 ἵνα

158 309 217 363 τῷ
247 310 337 349 ὄντι
369 309 610 362 κατάδηλον
637 307 832 363 γένηται,
862 311 954 357 πῶς
982 308 1174 361 βιωτέον.
1205 309 1278 351 καί
1302 325 1375 363 μοι
1403 307 1516 363 λέγε·

159 372 235 421 τὰς
261 371 339 427 μὲν
369 372 598 428 ἐπιθυμίας
626 369 711 427 φῂς
739 370 793 414 οὐ
820 373 1064 424 κολαστέον,
1107 374 1142 414 εἰ
1168 373 1307 427 μέλλει
1335 389 1397 423 τις
1425 370 1520 417 οἷον

160 438 226 479 δεῖ
253 435 376 488 εἶναι,
406 437 541 481 ἐῶντα
569 437 613 480 δὲ
641 434 774 487 αὐτὰς
803 438 859 487 ὡς
886 439 1083 493 μεγίστας
1117 440 1337 493 πλήρωσιν
1365 441 1518 490 αὐταῖς
1546 443 1586 484 Ε

158 502 326 557 ἁμόθεν
351 503 398 557 γέ
427 507 567 546 ποθεν
595 503 850 558 ἑτοιμάζειν,
889 505 961 546 καὶ
1002 508 1131 546 τοῦτο
1169 501 1279 546 εἶναι
1317 505 1397 560 τὴν
1425 506 1517 560 0292-

154 569 257 622 my'v3
310 570 447 611 KAA.
493 569 608 623 Φημὶ
647 576 780 611 ταῦτα
818 567 912 623 ἐγώ.
969 572 1067 610 Σῼ.
1112 569 1209 611 Ov'x
1246 573 1333 623 ἄρα
1372 571 1517 624 ὀρθῶς

153 632 349 687 λέγονται
388 634 432 676 οἷ
458 634 640 689 μηδενὸς
677 635 870 689 δεόμενοι
907 630 1157 689 εὐδαίμονες
1196 631 1317 678 εἶναι.

1377 638 1512 678 ΚΑΛ.

157 699 212 740 Οἱ
238 699 354 740 λίθοι
382 699 465 754 γὰρ
493 699 548 741 ἂν
577 699 691 741 οὕτω
720 715 768 754 γε
795 701 865 743 καὶ
894 701 937 742 οἱ
962 699 1107 752 νεκροὶ
1138 698 1513 754 εὐδαιμονέστατοι

153 760 250 806 εἶεν.

150 831 254 883 βίος.
296 824 349 870 οὐ
387 831 468 883 γάρ
508 845 573 872 τοι
611 827 868 886 θαυμάζοιμ’
898 835 977 879 ἄν.

151 893 198 936 ἐν
226 895 362 943 τοῖςδε
391 894 512 948 λέγει,
542 893 696 948 λέγων·

309 766 406 806 ΣΩ.
445 762 568 807 Ἀλλὰ
596 765 675 819 μὲν
714 765 766 820 δὴ
797 765 866 808 καὶ
896 765 952 815 ὥς
987 780 1034 820 γε
1071 765 1125 807 σὺ
1159 764 1294 820 λέγεις
1322 765 1460 816 δεινὸς
1488 766 1512 809 ὁ

1026 831 1061 872 εἰ
1089 827 1331 886 Εὐριπίδης
1369 833 1512 887 άληθῆ

216 1069 254 1101 Ε.
278 1066 450 1108 ἁμόθεν
474 1068 519 1111 γε’
544 1070 657 1101 ποθε
673 1067 709 1112 ν]
737 1068 793 1101 Sic
816 1069 997 1102 Bekkerus
1022 1074 1056 1101 et
1080 1069 1208 1102 Coraes
1233 1069 1274 1101 de
1298 1070 1507 1103 coniectura.

149 1113 244 1146 Libri
270 1124 389 1146 omnes
413 1111 563 1146 ἄλλοθέν
587 1113 626 1157 γε’
650 1115 773 1146 ποθε1.

215 1156 260 1191 εἰ
273 1159 428 1198 δαιμοι
438 1159 613 1191 έστατοι
645 1154 760 1203 εἶεν]

810 1159 926 1192 Clark.
952 1159 1032 1191 vat.
1063 1160 1193 1201 aliique
1225 1160 1368 1202 plurimi
1401 1159 1505 1197 εἶ’,σιι

147 1215 259 1237 errore
273 1205 464 1237 manifesto.
489 1205 581 1236 Dein
599 1204 764 1236 Badham.
778 1205 813 1236 in
832 1204 1045 1237 Schneidew.
1070 1205 1298 1248 Philologsl'

1378 1204 1505 1248 p..729

147 1260 207 1292 pro
242 1248 288 1283 ὥς
312 1261 350 1291 γε
377 1248 419 1282 σύ
444 1248 552 1293 λέγεις
575 1250 710 1282 mavult
742 1262 767 1282 ω
785 1262 804 1281 1
836 1262 876 1304 γε
902 1260 946 1282 συ
970 1249 1086 1305 λέγεις.
1134 1250 1202 1282 Sed
1225 1206 1354 1284 rec-tex
1342 1262 1378 1284 se
1378 1216 1506 1284 phabet

148 1295 301 1338 vulgata,
325 1306 412 1337 quae
438 1295 504 1328 hoc
528 1295 720 1338 significat·
746 1295 802 1327 καὶ
827 1293 870 1327 οὔ
874 1307 948 1333 τως,
974 1293 1021 1330 ὥς
1048 1294 1090 1327 σὺ
1115 1294 1232 1338 λέγεις.

147 1463 225 1485 cum
239 1452 422 1493 infinitivo,
443 1463 483 1486 ac
500 1453 530 1485 si
545 1453 790 1495 praecessisset

147 1498 224 1530 δεῖν
257 1496 426 1539 κολάζειν.
485 1498 787 1531 Constructionem

145 1543 230 1575 satis
269 1544 482 1586 frequentem
528 1544 705 1587 attigimus
744 1543 788 1575 ad

146 1589 275 1623 Criton.
306 1599 336 1623 o,
370 1589 447 1622 XII.
481 1599 512 1631 p.
537 1588 590 1622 51.
623 1589 663 1621 Β.
722 1590 788 1621 Pro

145 1634 240 1676 vulg.
270 1631 463 1666 ἄλλοθέν
493 1634 541 1677 γε’
572 1635 683 1666 ποθε
697 1647 715 1666 ν
737 1646 789 1670 re-

144 1678 364 1721 quirebamus
417 1679 569 1721 aliquam
615 1680 787 1720 voculam,

144 1735 233 1766 quae
263 1725 467 1757 sententiam
506 1725 598 1757 hanc
628 1725 786 1757 haberet:

144 1770 291 1811 iisque
334 1769 631 1812 undecunque
668 1781 786 1813 para-

144 1826 187 1846 re
212 1815 526 1857 expletionem.
551 1816 671 1857 Itaque
683 1816 785 1848 unice

142 1871 262 1892 verum
302 1859 393 1901 quod
437 1861 663 1902 reposuimus.
732 1862 785 1893 De

142 1905 208 1938 isto
233 1902 372 1943 ἁμόθεν
394 1904 433 1948 γε’
459 1906 576 1938 ποθεν
610 1916 642 1940 v.
667 1906 695 1938 B
705 1910 786 1938 utt-

139 1962 173 1982 m
182 1961 201 1982 a
211 1962 234 1982 n
244 1961 277 1984 n.
303 1950 452 1984 Gramm.
478 1950 634 1993 amplior.
672 1952 712 1986 T.
739 1952 783 1986 II.

140 2006 172 2037 Ρ.
197 1994 274 2028 285.
299 2000 333 2027 et
360 1996 389 2027 E
400 2006 424 2027 u
435 1996 565 2030 stat-h.
590 1996 634 2028 ad
658 1995 783 2038 odyss.

142 2042 182 2073 Τ.
208 2042 235 2072 Ι.
259 2051 292 2083 p.
315 2039 348 2074 8.
372 2040 423 2072 ed.
449 2041 544 2083 Lips.

186 2086 224 2117 E.
265 2097 304 2118 οι
337 2085 535 2142 μηδενὸς
577 2083 783 2125 δεόμενοι

142 2142 158 2162 ε
173 2128 333 2171 ὐδαίμο
347 2142 417 2165 ves
443 2142 480 2163 ει
474 2126 574 2174 ναι]
602 2131 784 2164 Nobilissi-

142 2186 235 2207 mum
259 2176 410 2208 Socratis
440 2176 568 2208 dictum
593 2176 685 2219 apud
707 2177 740 2209 X
751 2188 783 2208 e-

140 2221 264 2263 noph.
302 2222 406 2254 Mem.
437 2222 470 2262 1,
501 2221 539 2262 6,
572 2221 632 2255 1οε
665 2222 782 2254 nihil

139 2276 267 2308 egere
298 2277 393 2298 esse
424 2266 622 2308 deorum,
660 2278 781 2309 quam

139 2312 312 2343 minime
353 2315 498 2344 autem
535 2313 780 2354 proximum

141 2368 161 2388 a
191 2356 233 2388 di
246 2357 283 2388 is
293 2381 301 2396 ,
341 2355 548 2389 celebratum
577 2358 728 2390 maxime
760 2368 781 2390 a

142 2402 298 2445 Diogene
324 2401 470 2443 aliisque
491 2402 642 2443 Cynicis.
666 2414 698 2435 v.
723 2402 781 2435 do-

138 2451 228 2479 ctam
242 2447 500 2479 annotationem
517 2447 546 2479 R
554 2458 577 2479 u
585 2447 608 2479 h
618 2458 640 2479 n
649 2448 674 2480 k
683 2458 701 2480 e
712 2459 734 2480 n
746 2448 780 2479 ii

140 2492 183 2524 ad
214 2492 236 2527 l,
261 2503 290 2524 c.
316 2496 350 2524 et
379 2492 459 2524 Dis
468 2502 484 2524 s
496 2502 555 2524 en.
587 2493 640 2525 De
671 2493 781 2535 philo-

139 2537 260 2579 sophia
302 2537 425 2570 morali
466 2537 503 2568 in
540 2537 780 2580 Xenophontis

138 2583 178 2614 de
195 2582 343 2660 2{ocreae
367 2583 620 2615 commentariis
656 2584 780 2616 tradita

139 2638 159 2669 p
190 2671 240 2706 Οἱ
269 2672 391 2705 λίθοι
421 2669 503 2715 γὰρ
537 2669 590 2704 ἄν
620 2672 683 2716 -]
716 2674 780 2706 Re-

858 1453 965 1484 fertur
987 1451 1053 1496 γάρ
1088 1452 1132 1485 ad
1155 1453 1363 1485 sententiam
1397 1464 1415 1485 e
1448 1463 1502 1484 su—

856 1498 1050 1554 perioribus
1082 1498 1185 1530 facile
1220 1498 1501 1553 intelligendam:

857 1540 920 1575 οὐκ
952 1541 1081 1599 ὀρθῶς
1117 1538 1214 1576 οὗτοι
1249 1542 1404 1587 λέγονται
1443 1541 1500 1576 εἰ·

859 1588 1023 1628 &amores
1047 1585 1148 1621 εἶιαι.

902 1631 1023 1666 Ἀλλὰ
1047 1633 1196 1677 μὲνδὴ
1221 1633 1292 1666 καὶ
1319 1631 1499 1677 ὤςγε-]

857 1679 1021 1712 Refutare
1043 1680 1193 1712 instituit
1217 1680 1375 1712 Socrates
1394 1679 1499 1712 Calli-

857 1724 941 1756 clem
967 1725 1036 1765 sic‚
1067 1729 1106 1757 ut
1136 1725 1283 1767 primum
1314 1728 1431 1757 utatur
1455 1725 1499 1757 si-

855 1769 1072 1811 militudine,
1109 1769 1233 1802 deinde
1263 1769 1367 1802 etiam
1398 1780 1499 1813 argu-

855 1819 970 1847 menta
993 1816 1113 1848 afferat
1136 1826 1179 1847 ex
1203 1815 1280 1857 ipsa
1303 1816 1353 1847 rei
1373 1818 1498 1848 natura

855 1861 972 1902 petita.
1020 1861 1216 1893 Miserrima
1238 1871 1338 1900 vero,
1373 1861 1497 1902 inquit,

854 1906 927 1938 vita
950 1906 1018 1938 ista
1041 1906 1144 1947 foret,
1175 1916 1279 1947 quam
1309 1909 1348 1938 tu
1371 1905 1497 1938 descri-

853 1951 964 1993 psisti,
989 1955 1091 1993 atque
1113 1951 1215 1983 morti
1238 1950 1434 1992 simillima,
1458 1955 1497 1983 ut

855 2000 947 2029 recte
973 1996 1130 2029 videatur
1151 1995 1324 2028 iudicasse
1348 1996 1408 2038 qui
1431 2007 1494 2029 nos

852 2042 921 2073 iam
958 2052 1050 2074 nunc
1096 2046 1248 2074 mortuos
1291 2052 1366 2074 esse
1407 2041 1496 2074 dixit

853 2086 1006 2129 adeoque
1035 2097 1160 2129 corpus
1195 2090 1351 2120 nostrum
1381 2087 1495 2129 sepul-

852 2142 949 2164 crum
972 2133 1173 2165 nominavit.
1211 2133 1326 2174 Atque
1349 2131 1494 2164 eandem

851 2177 895 2210 ob
919 2188 1077 2210 caussam
1095 2178 1232 2220 aliquis,
1255 2178 1394 2210 nomine
1409 2188 1494 2209 non-

850 2223 939 2255 nihil
963 2226 1104 2263 mutato,
1128 2234 1203 2255 eam
1218 2223 1327 2255 nostri
1350 2227 1494 2265 partem,

851 2269 886 2300 in
906 2279 973 2310 qua
986 2269 1106 2301 insunt
1120 2268 1338 2310 cupiditates,
1362 2268 1493 2300 dolium

850 2313 1055 2356 appellavit,
1101 2313 1192 2355 quod
1230 2314 1267 2345 in
1305 2313 1420 2345 stultis
1459 2318 1494 2345 et

850 2369 920 2390 non
944 2359 1089 2391 initiatis
1113 2359 1323 2401 perforatum
1347 2359 1411 2399 sit,
1444 2359 1492 2391 ita

849 2408 897 2443 ut,
931 2403 1097 2446 quidquid
1128 2403 1348 2444 infundatur,
1378 2404 1492 2436 denuo

849 2449 978 2483 effluat.
1035 2448 1134 2482 Unde
1170 2448 1260 2482 idem
1296 2448 1392 2490 illos,
1432 2449 1491 2490 qui

849 2493 1053 2536 cupiditates
1071 2493 1208 2536 explere
1227 2493 1376 2534 student,
1401 2504 1492 2526 com-

847 2540 984 2582 paravit
998 2550 1076 2572 cum
1093 2540 1148 2579 iis,
1173 2540 1233 2581 qui
1251 2539 1343 2582 apud
1362 2539 1491 2571 inferos

849 2584 962 2616 cribro
1008 2585 1044 2616 in
1097 2584 1228 2617 dolium
1280 2585 1491 2627 perforatum

852 2640 976 2671 aquam
1011 2630 1192 2662 infundere
1229 2633 1423 2662 narrantur.
1446 2648 1490 2652 —

847 2675 1114 2718 Exseripserunt
1149 2674 1348 2718 philosophi
1383 2673 1491 2707 verba
