1702 2924
383 189 629 231 GORGIAS.
658 189 703 228 P.
734 191 829 227 484.
860 190 954 226 485.
985 187 1046 226 ed.
1076 186 1133 226 St.

1355 188 1435 223 205

89 301 227 356 βαίνει
253 300 336 355 γὰρ
364 302 414 342 τὸ
441 306 521 342 τοῦ
546 297 814 352 Εὐριπίδου·
844 295 1038 351 λαμπρός
1063 289 1097 337 τ’
1125 292 1239 336 ἐστὶν
1265 292 1440 343 ἕκαστος

85 365 132 408 ἐν
159 367 311 421 τούτῳ,

625 425 730 470 κάπὶ
757 420 870 467 τοῦτ’
900 425 1121 479 ἐπείγεται,

219 493 363 550 νέμων
390 494 438 536 τὸ
464 496 664 536 πλεῖστον
689 491 850 547 ἡμέρας
876 492 1016 547 τούτῳ
1043 490 1185 545 μέρος,

227 556 279 602 ἵν’
307 560 437 610 αὐτὸς
464 559 600 602 αὑτοῦ
626 558 816 612 τυγχάνῃ
845 556 1060 609 βέλτιστος
1086 557 1161 597 ὤν.

90 624 203 667 ὅπου
242 622 280 667 δ’
319 625 374 667 ἂν
422 627 586 677 φαῦλος
623 622 672 678 ᾑ,
726 622 928 665 ἐντεῦθεν
966 623 1115 676 φεύγει
1153 619 1224 662 καὶ
1262 618 1449 670 λοιδορεῖ
1473 625 1557 667 485

87 698 236 742 τοῦτο,
276 689 326 732 τὸ
363 690 399 732 δ’
428 688 573 743 ἕτερον
612 688 799 737 ἐπαινεῖ,
842 688 989 743 εὐνοίᾳ
1015 694 1067 742 τῃ
1096 684 1275 736 ἑαυτοῦ,
1315 684 1444 739 ἡγού-

87 770 215 811 μενος
245 755 381 804 οὕτως
410 752 540 804 αὐτὸς
568 750 724 797 ἑαυτὸν
751 753 953 796 ἐπαινεῖν.
993 748 1100 803 ἀλλ’,
1129 747 1269 805 οἶμαι,
1298 748 1347 791 τὸ
1376 748 1445 802 ὀρ-

88 822 278 863 θότατόν
322 819 436 863 ἐστιν
484 820 741 876 ἀμφοτέρων
778 821 1009 874 μετασχεῖν.

1059 816 1318 871 φιλοσοφίας
1353 813 1445 869 μέν,

89 884 195 929 ὅσον
222 887 419 936 παιδείας
460 887 607 941 χάριν
644 883 779 928 καλὸν
806 882 1015 939 μετέχειν,
1052 882 1122 925 καὶ
1161 882 1242 924 οὐκ
1269 877 1447 935 αἰσχρὸν

89 954 292 1008 μειρακίῳ
321 954 413 994 ὄντι
455 954 734 1005 φιλοσοφεῖν·
778 949 951 992 ἐπειδὰν
980 948 1026 991 δὲ
1052 949 1134 1003 ἤδη
1161 947 1448 1000 πρεσβύτερος

88 1017 150 1060 ὢν
177 1021 410 1072 ἄνθρωπος
438 1015 498 1059 ἔτι
527 1022 764 1071 φιλοσοφῇ,
793 1013 1123 1070 καταγέλαστον,
1154 1015 1188 1054 ὡ
1206 1012 1448 1064 Σώκρατες,

155 1159 195 1191 Ρ.
219 1157 296 1193 485.
322 1157 524 1199 λοιδορεῖ
544 1156 679 1201 τοῦτο]
715 1157 757 1192 V.
784 1155 909 1200 τούτῳ,
943 1155 1034 1198 quod
1058 1165 1101 1187 ex
1125 1153 1224 1189 codd.
1250 1153 1388 1197 optimis
1413 1156 1447 1185 et

88 1204 192 1247 longe
214 1204 374 1246 plurimis
397 1203 626 1237 emendatum.

157 1248 404 1291 ἄνθρωπος
429 1249 489 1281 ἔτι
513 1246 749 1291 φιλοσοφῇ]
798 1246 939 1280 Soloece
970 1245 1076 1289 vulgo
1111 1246 1318 1286 φιλοσοφεῖ,
1352 1243 1444 1286 quod

90 1295 308 1327 emendatum
331 1305 375 1327 ex
399 1293 517 1328 Clark.
537 1294 615 1328 Vat.
641 1293 746 1327 Coisl.
763 1293 852 1327 Ven.
879 1292 957 1325 ΞΣ.
983 1291 1086 1326 vind.
1110 1289 1141 1325 2.
1159 1290 1190 1326 6
1215 1290 1294 1323 aliis
1318 1289 1447 1323 multis.

91 1422 322 1466 plurimum
355 1423 494 1456 alicui
520 1422 735 1464 tribuere,

93 1468 282 1501 illustravit
304 1468 571 1503 Valckenar.
595 1468 618 1500 l.
644 1478 672 1501 c.
701 1472 736 1501 et

92 1514 137 1546 ad
179 1514 358 1557 Hippolyt.
398 1525 430 1557 p.
471 1512 549 1547 306.
587 1532 631 1537 —
666 1515 735 1546 Pro

94 1559 260 1602 τυγχάνῃ,
308 1559 399 1601 quod
451 1559 581 1592 habent
636 1558 735 1591 codd.

93 1614 212 1637 omnes
234 1609 370 1647 praeter
392 1615 499 1637 unum
520 1604 624 1645 Flor.‚
649 1605 735 1637 Ste-

93 1650 308 1692 phanus,
356 1650 735 1691 Valckenarius,

95 1695 410 1736 Heindorfius,
441 1696 735 1727 Buttmannus

94 1739 138 1772 ad
161 1740 334 1773 Alcibiad.
357 1741 402 1773 ΙΙ.
425 1751 457 1783 p.
483 1739 559 1774 146.
583 1741 626 1772 Α.
657 1752 735 1783 τυγ-

93 1783 202 1827 χάνει
225 1790 457 1826 correxerunt,
483 1787 565 1828 quia
585 1786 642 1817 ἵνα
664 1796 735 1818 ιιοιι

96 1831 142 1862 sit
156 1830 325 1873 particula
343 1830 469 1871 finalis,
492 1831 552 1864 sed
565 1841 627 1873 pro
645 1829 735 1863 ὅπου

97 1876 257 1918 positum.
325 1876 370 1908 Et
407 1876 473 1909 hoc
507 1876 645 1919 quidem
680 1886 738 1908 ve-

97 1932 190 1962 rum,
229 1920 290 1954 sed
322 1920 413 1963 quod
444 1920 525 1953 inde
563 1921 739 1954 concluse-

96 1970 179 1998 runt
209 1965 436 1998 indicativum
466 1976 541 1999 esse
574 1966 739 1999 reducen-

99 2011 198 2051 dum,
235 2010 272 2043 id
305 2011 495 2044 iudicatum
532 2015 584 2044 est
621 2011 738 2054 paullo

97 2056 393 2090 inconsideratius.
429 2057 521 2089 Satis
544 2056 636 2090 enim
661 2067 739 2090 con-

99 2106 168 2134 stat
204 2106 323 2143 poetas
360 2102 475 2145 epicos
522 2105 556 2134 et
592 2103 739 2145 tragicos

101 2146 151 2183 ὃς,
177 2145 277 2185 fisus,
300 2145 403 2184 ὅπου,
429 2148 487 2179 ἵνα
510 2146 636 2190 (ubi),
661 2147 738 2185 ἕως,

101 2193 188 2233 πρίν
211 2201 291 2224 cum
313 2192 388 2225 solo
407 2193 631 2225 coniunctivo
659 2203 740 2225 con-

101 2237 287 2277 struxisse,
321 2236 384 2269 ubi
415 2248 537 2280 prosae
573 2239 740 2271 orationis

100 2292 184 2315 usus
208 2279 252 2314 ἄν
277 2281 430 2315 additum
452 2283 574 2325 poscit.
597 2294 629 2316 v.
645 2284 740 2316 Por-

100 2338 185 2360 son.
209 2326 253 2360 ad
276 2327 369 2359 Med.
397 2338 431 2360 v.
454 2327 531 2361 222.
562 2328 606 2361 ad
629 2329 740 2362 Orest.

101 2383 135 2405 v.
152 2370 228 2407 141.
253 2375 288 2404 et
310 2383 396 2414 quos
410 2372 550 2406 laudavi
574 2373 618 2406 ad
633 2374 742 2407 Phae-

102 2417 180 2450 don.
205 2427 276 2459 cap.
300 2418 358 2450 VI.
385 2417 554 2458 Quocirca
578 2419 635 2451 ἵνα
659 2431 697 2451 τυ

102 2460 186 2504 χάνῃ
223 2462 315 2495 idem
351 2468 402 2495 est
439 2463 531 2506 quod
568 2461 658 2495 ὅπου
696 2476 742 2496 αν

102 2505 261 2550 τυγχάνῃ.
306 2508 432 2540 Veram
463 2519 537 2541 esse
566 2508 657 2542 hanc
690 2509 742 2541 in

102 2553 376 2594 tei-pretationem
432 2554 517 2586 satis
574 2557 743 2587 testantur

103 2608 191 2639 quae
227 2598 299 2640 ipse
328 2599 430 2642 Platq
465 2598 612 2632 addidit·
653 2597 741 2632 ὅπου

105 2640 132 2673 δ’
166 2640 212 2674 ἂν
245 2644 378 2684 φαῦλος
410 2643 441 2686 ᾖ.
477 2663 523 2668 -
560 2644 742 2677 Genitivus

105 2684 155 2719 αι’·
167 2690 239 2719 τοῦ
268 2688 426 2721 cohaeret
456 2699 535 2722 cum
559 2689 742 2730 βέλτιστος,

102 2737 142 2764 ut
171 2734 340 2766 sententia
367 2734 455 2767 haec
486 2735 548 2767 sit.
583 2734 628 2766 in
660 2745 742 2776 quo

804 1432 848 1454 se
886 1421 1070 1454 maxime
1110 1419 1336 1453 excellere
1361 1429 1449 1452 sen-

804 1467 926 1500 serit.
961 1467 1079 1500 Genus
1102 1465 1267 1508 loquendi
1300 1465 1449 1508 explica·

803 1513 855 1545 vit
878 1513 1035 1545 Matth.
1060 1512 1092 1552 §.
1114 1510 1193 1545 460.

849 1559 887 1591 Ρ.
911 1556 989 1591 485.
1021 1558 1091 1590 καὶ
1125 1556 1337 1597 λοιδορεῖ
1358 1558 1448 1587 τοῦ·

806 1602 890 1658 το]
901 1603 1043 1636 Referas
1074 1606 1173 1635 τοῦτο
1205 1601 1250 1634 ad
1280 1599 1371 1634 ὅπου
1404 1599 1450 1633 ἂι

808 1660 845 1704 φ.
870 1642 910 1693 ᾗ.
938 1649 1028 1682 Nam
1051 1646 1142 1681 ὅπου
1167 1647 1259 1679 idem
1283 1650 1335 1680 est
1358 1646 1449 1689 quod

806 1693 846 1726 ἐν
882 1694 908 1737 ῴ
941 1694 998 1726 vel
1029 1693 1109 1734 περὶ
1135 1691 1163 1726 ὅ.
1212 1692 1314 1733 Quod
1343 1691 1449 1734 vulgo

804 1739 984 1782 legebatur
1000 1737 1122 1782 τούτῳ,
1146 1738 1182 1770 id
1204 1737 1346 1781 linguae
1363 1737 1450 1780 legi-

805 1784 870 1816 bus
895 1784 1105 1817 adversatur.
1158 1784 1247 1817 Nam
1271 1782 1450 1815 verissime

806 1829 916 1862 schol.
939 1829 983 1861 ad
1007 1829 1182 1871 Aristoph.
1207 1828 1297 1860 Plut.
1315 1838 1350 1860 v.
1365 1826 1449 1861 456:

807 1872 842 1906 τὸ
867 1873 1093 1928 λοιδοροῦμαι
1129 1874 1328 1916 παθητικῶς
1361 1871 1449 1905 δοτι-

807 1923 848 1962 κῇ
875 1917 1120 1958 συντάσσεται,
1153 1918 1380 1961 ἐνεργητικῶς
1411 1917 1451 1950 δὲ

807 1964 990 2008 αἰτιατικῇ,
1025 1964 1086 1997 ubi
1116 1975 1149 1996 v.
1180 1964 1326 2006 interpp.
1351 1963 1450 1996 Conf.

807 2010 958 2044 Matth
984 2011 1015 2049 §-
1038 2008 1116 2044 384.
1142 2008 1174 2042 2.

853 2053 962 2087 ὅσον
995 2054 1201 2089 παιδείας
1231 2052 1382 2098 χάριν]
1417 2065 1452 2086 80

807 2100 874 2133 viel
893 2111 957 2132 zur
979 2100 1198 2143 auqemeinen
1219 2099 1374 2142 Bildunq
1396 2110 1452 2142 qe-

807 2146 892 2179 hort.
916 2147 1055 2201 Protag.
1079 2156 1111 2188 p.
1136 2144 1213 2179 312.
1239 2146 1289 2177 B:
1320 2143 1453 2177 τούτωι

808 2189 876 2234 γὰρ
905 2189 948 2224 σὺ
972 2190 1121 2246 ἑκάστην
1140 2188 1204 2223 οὐκ
1229 2189 1297 2223 ἐπὶ
1324 2189 1423 2232 τέχι
1431 2203 1451 2232 η

808 2237 938 2276 ἔμαθες
962 2233 1011 2271 ὥς
1034 2234 1246 2279 δημιουργὸς
1271 2233 1452 2275 ἐσόμειος,

807 2279 877 2314 ἀλλ’
923 2281 996 2314 ἐπὶ
1043 2281 1245 2324 παιδείᾳ,
1293 2277 1341 2314 ὡς
1393 2278 1454 2312 tor

810 2325 954 2370 ἰδιώτην
978 2328 1033 2359 καὶ
1064 2326 1125 2359 τὸν
1150 2315 1346 2368 ἕλετ’θερον
1370 2325 1452 2367 πρέ-

810 2384 877 2405 πει.
923 2373 1100 2406 Theaetet.
1131 2382 1163 2414 Ρ.
1195 2369 1272 2405 145.
1302 2372 1353 2403 A:
1386 2372 1453 2412 ζω-

808 2416 999 2461 γραφικός,
1046 2415 1295 2472 γεωμετρικός,
1325 2414 1454 2457 ἀστρο-

812 2462 972 2502 τομικός,
1025 2460 1230 2505 λογιστικός,
1285 2461 1343 2494 καὶ
1389 2460 1456 2494 ὅσα

811 2507 968 2542 παιδείας
994 2508 1111 2549 ἔχεται.
1137 2507 1352 2540 Sententiam
1374 2506 1454 2539 illu-

810 2557 897 2586 strat
920 2553 1019 2586 locus
1051 2554 1105 2585 De
1128 2553 1210 2595 Rep.
1236 2553 1296 2585 VI.
1321 2563 1354 2595 p.
1377 2551 1454 2585 487.

812 2599 849 2632 C.
866 2599 910 2630 D.
935 2599 1062 2630 Totum
1086 2599 1146 2640 qui
1163 2599 1318 2640 sequitur
1340 2597 1456 2630 locum

810 2646 936 2676 tractat
967 2643 1144 2676 Gellius
1175 2644 1218 2678 N.
1250 2643 1291 2675 A.
1323 2643 1368 2682 X,
1400 2641 1455 2675 22.

810 2690 952 2722 Frustra
982 2688 1206 2720 Heusdius
1245 2699 1329 2720 corr.
1367 2685 1456 2718 ὅσον

812 2732 949 2767 παιδιᾶς
973 2731 1083 2775 χάριν.
1109 2734 1161 2766 Cf.
1187 2733 1230 2766 ad
1255 2744 1287 2776 p.
1314 2730 1392 2765 487.
1416 2733 1455 2765 Β.
