1748 2944
388 159 629 200 GORGIAS.
658 159 703 198 P.
734 160 828 196 489.
860 160 953 195 490.
982 157 1042 196 ed.
1073 156 1129 195 st.
1354 155 1432 191 221

93 270 193 320 τους
220 270 256 312 δ’
284 272 509 324 ἄρχεσθαι,
547 267 618 310 καὶ
643 267 774 310 πλέον
802 264 910 321 ἔχειν
937 266 1013 308 τὸν
1039 268 1224 320 ἄρχοντα
1251 266 1343 306 τῶν
1366 263 1437 316 ἄρ-

94 335 300 392 χομένων.
337 343 464 378 τοῦτο
491 335 572 389 γάρ
600 350 673 388 μοι
698 333 838 382 δοκεῖς
865 333 1099 385 βούλεσθαι
1125 330 1262 384 λέγειν
1289 353 1340 359 -—
1368 329 1439 370 καὶ

97 398 150 444 οὐ
179 402 346 457 ῥήματα
374 402 554 478 thymbra,
576 425 616 430 —-
633 430 645 451 ,
688 399 723 440 εἰ
761 399 784 440 6
822 393 882 447 εἷς
918 400 1006 439 τῶν
1032 398 1199 452 μυρίων
1226 396 1439 450 κρείττων.

99 469 236 509 ΚΑΛ.
270 462 404 509 Ἀλλὰ
441 462 554 508 ταῦτ’
596 463 708 506 ἔστιν
744 465 770 505 ἃ
798 462 920 517 λέγω,
949 470 1075 505 τοῦτο
1103 462 1186 516 γὰρ
1213 459 1331 517 οἶμαι
1358 460 1440 515 ἐγὼ

95 535 144 574 τὸ
164 533 332 574 δίκαιον
355 529 463 575 εἶναι
483 533 618 585 φύσει,
647 525 696 572 τὸ
718 530 867 583 βελτίω
887 532 992 571 ὄντα
1019 528 1087 570 καὶ
1118 523 1442 582 φρονιμώτερον

96 598 167 641 καὶ
194 601 339 653 ἄρχειν
365 598 436 640 καὶ
462 595 592 639 πλέον
619 594 727 650 ἔχειν
754 598 841 636 τῶν
869 592 1160 648 φαυλοτέρων.

183 665 289 724 Cap.
319 665 459 709 XLV.
518 663 619 704 ΣΩ.
655 659 752 716 ’Ἐχε
787 660 839 715 δὴ
879 656 1028 702 αὐτοῦ.
1067 660 1108 700 τί
1147 672 1248 700 ποτε
1277 654 1332 700 αὗ
1359 661 1442 700 νῦν
1472 658 1509 700 Β

98 730 251 786 λέγεις;
281 731 356 774 ἐὰν
377 731 424 774 ἐν
440 734 499 789 τῷ
520 728 636 788 αὐτῷ
666 725 789 785 ὦμεν,
821 729 956 783 ὥςπερ
983 732 1081 779 νῦν,
1109 728 1259 770 πολλοὶ
1287 727 1444 782 αθρόοι

97 800 342 850 ἄνθρωποι,
386 796 458 839 καὶ
493 796 597 851 ἡμῖν
632 793 661 850 ᾗ
689 795 736 837 ἐν
763 801 894 850 κοινῷ
922 795 1057 838 πολλὰ
1085 795 1196 836 σιτία
1222 794 1293 836 καὶ
1319 794 1443 841 ποτά,

99 862 213 917 ὠμεν
240 863 284 904 δὲ
313 863 592 914 παντοδαποί,
621 878 662 904 οι
689 861 766 916 μὲν
794 862 972 916 ἰσχυροί,
1006 861 1048 903 οἱ
1075 861 1120 902 δὲ
1148 860 1356 912 ἀσθενεῖς,
1386 855 1445 908 εἷς

99 1021 129 1043 (3.
152 1008 216 1042 203
247 1007 309 1042 τὸι
340 1009 379 1042 δὲ
407 1007 512 1052 λόγον
541 1021 586 1041 av
618 1007 664 1053 μὴ
694 1012 740 1052 τῷ
766 1006 892 1052 ῥήματί
911 1020 977 1048 μου
1003 1007 1118 1040 almus
1164 1008 1272 1049 Atqui
1295 1006 1447 1039 retundit

100 1056 154 1088 his
185 1056 298 1087 verbis
322 1055 479 1088 Socrates
511 1055 786 1088 criminationem
811 1054 983 1094 Gallicus,
1020 1054 1079 1096 qui
1103 1064 1181 1085 eum
1205 1053 1340 1085 dixerat
1364 1050 1445 1085 610¹-

99 1112 185 1140 ματα
204 1099 386 1154 θηρειέιν,
432 1100 651 1133 Probabilius
682 1111 762 1143 ergo
786 1100 951 1132 Badham.
975 1101 1010 1131 in
1036 1099 1247 1132 Schneidew.
1272 1098 1445 1140 Philolog.

99 1147 142 1179 X.
165 1157 197 1188 Ρ
223 1144 298 1179 729.
325 1143 466 1188 ῥημάτια
489 1157 550 1189 pro
578 1143 708 1201 ῥήματα
731 1146 887 1178 coniecit.
934 1146 1080 1188 Respice
1104 1145 1164 1176 illa
1187 1156 1219 1187 p.
1244 1143 1321 1177 489.
1346 1145 1384 1176 Β.
1406 1144 1443 1176 C

166 1193 205 1224 Β,
254 1191 401 1224 πολλοὶ
429 1189 614 1235 ἁθρόοι]
648 1189 778 1233 ἁθρόοι
801 1191 869 1232 vel,
900 1195 938 1223 ut
960 1191 1065 1244 vulgo
1090 1190 1269 1231 scribitur,
1299 1187 1443 1231 ἀθρόοι,

100 1238 180 1278 quia
212 1237 249 1268 in
277 1236 376 1269 libris
408 1237 523 1269 sedem
554 1237 666 1269 variat
696 1242 730 1269 et
759 1237 795 1268 in
819 1237 909 1269 Flor.
934 1248 967 1269 x.
999 1237 1163 1270 omissum
1195 1240 1264 1277 est,
1293 1236 1335 1268 ab
1360 1235 1445 1268 Her-

100 1293 227 1315 manno
249 1286 288 1314 ut
311 1287 507 1325 suspectum
531 1283 631 1315 uncis
654 1286 800 1316 notatur.

103 1427 230 1450 omnes.
278 1416 379 1457 Quod
409 1427 452 1449 ne
483 1418 559 1459 quis
590 1419 626 1449 in
651 1414 741 1459 πρὸς

809 1416 965 1450 ciborum
1000 1418 1098 1460 eopia
1126 1417 1164 1448 in
1195 1427 1302 1448 unum
1332 1417 1448 1449 locum

105 1461 163 1502 ἐμέ
200 1462 401 1495 mutandum
440 1464 620 1495 arbitretur
661 1473 740 1495 cum

808 1467 1032 1505 congeratur,
1079 1473 1165 1504 quae
1206 1463 1296 1495 inter
1332 1462 1447 1505 plures

104 1508 138 1539 H
148 1518 166 1540 e
175 1508 218 1540 in
226 1508 248 1540 d
256 1519 275 1540 o
283 1519 300 1540 r
309 1508 326 1540 f
332 1509 344 1540 i
351 1519 370 1541 o
381 1533 389 1549 ,
442 1508 627 1551 prohibent
671 1509 741 1540 loci
809 1507 1046 1540 distribuenda
1064 1509 1119 1549 sit,
1133 1508 1205 1549 ille,
1219 1509 1278 1551 qui
1295 1509 1448 1541 ciborum

103 1553 259 1594 plurimi,
290 1554 327 1586 in
358 1554 482 1596 quibus
511 1553 592 1586 libri
622 1565 740 1586 omnes

103 1598 299 1631 encliticam
343 1600 555 1642 pronominis
596 1600 740 1636 formam

102 1648 180 1686 post
192 1645 460 1687 praepositiones
482 1645 638 1678 unanimi
661 1656 741 1678 con—

104 1700 207 1721 sensu
253 1694 391 1722 tuentur
401 1715 410 1731 ,

103 1745 137 1776 p.
168 1733 221 1767 79.
251 1735 288 1767 Β.
335 1736 510 1779 Protagor.
539 1747 571 1779 p.
597 1734 675 1769 335.
699 1737 742 1769 A.

105 1779 277 1812 Charmid.
309 1791 341 1823 p.
372 1780 448 1814 153.
475 1782 514 1814 B.
556 1781 654 1814 Conf.
686 1783 742 1814 Ia·

106 1824 219 1857 cobs.
241 1825 285 1857 ad
309 1827 494 1869 Antholog.
517 1826 627 1859 Palat.
651 1828 692 1859 T.
714 1828 741 1862 I.

107 1881 140 1912 p.
162 1871 308 1905 XXXII.
347 1872 594 1904 Buttmann.
625 1873 744 1905 Gram-

105 1919 186 1970 mat.
209 1916 315 1971 ampl.¹
335 1917 365 1956 ἓ.
391 1915 443 1970 72,
468 1917 551 1952 ObS.
576 1916 608 1951 3.
630 1922 700 1950 not.

152 1973 214 1993 οτι
271 1971 319 1993 συ
367 1961 499 1996 αυτὸς
547 1959 743 2002 ὀνόματα

107 2005 262 2049 λέγεις]
286 2011 327 2039 te
349 2008 490 2050 ipsum
514 2018 677 2051 semper
699 2010 744 2040 in

107 2051 307 2085 verbish
317 2063 466 2085 aerere
497 2064 633 2096 neque
661 2064 745 2086 rem

108 2097 366 2139 explicares
389 2099 551 2141 Spectant
584 2099 671 2132 haee
701 2099 744 2132 ad

107 2142 246 2220 ἓὲιᾷᾱ
241 2142 394 2176 Calliclis
447 2144 666 2187 opprobrium
712 2156 744 2188 p.

155 2231 372 2267 Πολλάκις
411 2232 494 2275 ἄρα
532 2231 597 2269 εἷς
638 2246 743 2277 φρο-

114 2290 132 2309 2·
142 2289 200 2309 ων
222 2277 284 2321 -]
317 2280 501 2321 Postquam
524 2281 643 2313 statuit
667 2281 745 2314 Cal-

111 2323 210 2355 licles
223 2334 292 2364 eos,
317 2325 376 2365 qui
398 2325 580 2358 meliore
591 2337 607 2358 s
631 2327 746 2369 appel-

111 2368 242 2409 lentur,
273 2369 516 2412 intelligendos
546 2381 620 2404 esse
655 2383 745 2414 pru-

111 2414 359 2455 dentiores,
403 2415 559 2448 Socrates
597 2428 641 2449 ne
679 2418 744 2449 hoc

111 2459 247 2501 quidem
291 2470 370 2492 cum
414 2461 475 2500 iis,
520 2471 608 2503 quae
644 2473 747 2505 supra

110 2505 281 2547 disputata
304 2506 390 2545 sint,
419 2507 603 2539 convenire
625 2507 746 2540 docere

111 2550 271 2583 instituit.
317 2551 404 2583 Nam
441 2551 471 2582 si
500 2551 746 2594 prudentiores,

114 2595 241 2637 inquit,
271 2595 315 2627 iis
343 2600 488 2628 utuntur
517 2596 616 2629 bonis
645 2602 746 2640 atque

113 2636 272 2680 iuribus,
278 2641 403 2682 quibus
427 2646 474 2682 tu,
500 2642 653 2681 Callicle,
678 2655 746 2676 me-

113 2685 215 2718 liores
247 2686 417 2718 ornandos
453 2698 527 2719 esse
562 2689 746 2730 arbitraris,

113 2735 232 2773 sponte
252 2733 480 2774 consequitur,
499 2738 547 2774 ut,
567 2734 598 2765 si
611 2715 787 2775 quand6

455 1690 565 1723 veluti
601 1691 751 1724 Menon..

808 1558 966 1586 naturam
982 1554 1108 1596 optime
1123 1555 1295 1596 cognitam
1312 1553 1448 1595 habeat,

809 1600 911 1632 etiam
928 1600 1115 1632 maximam
1129 1599 1208 1632 inde
1225 1601 1359 1632 auferat
1381 1600 1448 1632 sibi

808 1645 1018 1688 portionem,
1053 1645 1210 1687 quamvis
1241 1656 1281 1678 ea
1308 1646 1448 1678 minime

808 1690 972 1734 indigeat.
1018 1690 1148 1722 Eadem
1168 1692 1256 1724 ratio
1280 1695 1448 1724 sartorum

810 1737 874 1769 erit
903 1740 1004 1778 atque
1029 1741 1193 1768 sutorum.
1246 1737 1315 1777 Qui
1344 1748 1451 1779 quon-

809 1783 878 1814 iam
917 1782 1064 1814 vestium
1101 1782 1364 1824 calceorumque
1402 1783 1450 1814 fa-

810 1827 1009 1860 ciendorum
1039 1827 1238 1870 peritissimi
1271 1828 1450 1868 habentur,

811 1884 855 1905 ex
885 1878 945 1905 tua
974 1873 1146 1905 sententia
1177 1873 1244 1905 hoc
1274 1874 1360 1906 iuris
1384 1873 1449 1905 sibi

810 1918 988 1951 vindicare
1040 1922 1217 1960 poterunt,
1275 1923 1315 1951 ut
1365 1919 1449 1962 ipsis

811 1964 1077 2006 pretiosissimae
1109 1968 1222 1996 vestes
1245 1965 1449 1997 tribuantur.

857 2011 895 2042 Ρ.
930 2007 1007 2042 490.
1071 2009 1152 2052 Cap.
1192 2010 1297 2042 XLV.
1358 2008 1450 2052 ’Ὲχε

814 2052 862 2098 δὴ
894 2053 1048 2098 αὐτοῦ]
1085 2054 1183 2088 Conf.
1210 2059 1325 2088 annot.
1351 2056 1394 2088 ad
1417 2067 1449 2099 p.

812 2098 889 2133 460.
913 2101 955 2132 A.

857 2146 896 2178 Β.
968 2146 1116 2177 πολλοὶ
1170 2143 1333 2187 ἁθρόοι
1385 2158 1450 2179 αι·

813 2189 1006 2234 fremant]
1039 2191 1144 2223 Recte
1174 2193 1211 2223 in
1243 2192 1317 2224 cod.
1342 2193 1450 2225 Paris.

813 2236 856 2268 ad
885 2247 917 2269 v.
950 2233 1079 2277 ἁθρόοι
1102 2236 1255 2269 additur:
1288 2235 1365 2270 ἀντὶ
1392 2241 1452 2270 τοῦ

813 2279 912 2321 ὁμοῦ.
982 2282 1235 2324 Saepenumero
1281 2283 1332 2315 sic
1377 2284 1452 2315 iun-

812 2331 941 2371 guntur
977 2327 1093 2359 πολλοὶ
1129 2325 1277 2369 ἁθρόοι,
1321 2329 1452 2361 multi

814 2373 965 2405 simul:
991 2383 1078 2414 quae
1096 2373 1242 2405 formula
1262 2374 1450 2406 cavendum

813 2423 866 2451 est
894 2429 938 2450 ne
968 2418 1181 2460 pleonastica
1203 2418 1370 2452 habeatur
1393 2424 1453 2452 aut

813 2465 903 2496 inter
931 2474 1112 2495 numerum
1136 2474 1269 2506 eorum,
1301 2475 1390 2507 quae
1413 2465 1452 2498 ἐκ

814 2506 1031 2551 παραλλήλου
1050 2509 1140 2542 dicta
1163 2514 1254 2551 sunt,
1252 2511 1452 2598 preferatur.

815 2554 915 2586 Conf.
928 2554 1005 2642 pDe
1042 2555 1125 2597 Rep.
1158 2555 1217 2587 VL
1277 2555 1389 2589 .492.
1411 2557 1451 2588 Β.

815 2600 904 2634 Tim.
952 2598 1038 2632 ,52.
1053 2600 1098 2631 D.
1132 2600 1349 2633 Demosth.
1375 2601 1452 2633 adv.

814 2645 896 2677 Mid.
923 2655 955 2687 p.
979 2643 1055 2677 557.
1080 2644 1130 2677 ed.
1148 2646 1282 2678 Reiska
1308 2646 1452 2680 πολλους

814 2688 976 2730 ἁθρόους
1015 2687 1112 2729 ὑμῶν
1145 2689 1212 2731 ἅμα
1249 2690 1317 2735 ἐλᾷ.
1364 2691 1451 2724 Ibid.

814 2746 846 2778 p.
861 2735 945 2769 558.
971 2733 1032 2766 τὸι
1048 2734 1087 2768 δὲ
1106 2747 1209 2768 τοσου
1213 2749 1279 2770 τοις
1289 2727 1451 2779 αθρόοις
