1722 2964
102 96 236 142 ,190

797 100 985 141 INDEX

587 327 818 383 INDEX
856 329 1178 387 LATINUS.

473 570 515 607 A.

142 642 414 677 Abundantia
451 646 484 677 in
516 640 623 688 οἶμαι
655 643 787 679 δοκεῖν
815 652 847 679 et

117 690 120 694 ’
188 689 265 721 sim.
283 689 319 721 P.
337 690 400 723 341
419 689 459 721 Ι).

140 744 446 778 Accusativus:
464 739 627 788 ἑπταετῆ
637 753 669 779 et
683 739 845 789 ἕπταέτη

185 801 220 824 κ.
239 802 269 823 τ.
295 791 325 824 λ.
359 790 397 823 G.
413 791 479 823 471
498 789 532 822 C.
566 806 609 814 —
641 800 715 822 cum
748 790 843 825 infln.

184 835 406 878 praecedente
423 834 550 867 verbali
571 830 671 868 κατὰ
693 829 845 868 σύνεσιν

183 881 317 922 positus
341 879 380 912 G.
395 880 462 913 492
478 878 519 911 D.
546 896 590 903 —
620 885 700 922 post
722 873 843 921 ὑπάρ-

183 934 266 967 χειν
285 923 366 957 τινί
378 923 489 957 illatus
506 923 546 957 G.
561 924 628 957 492
646 922 684 956 Β.
702 941 743 947 -
762 934 840 966 par-

185 969 277 1011 ticip.
295 968 389 1011 apud.
403 968 551 1000 verbalia
565 968 599 999 in
613 962 715 1002 -τὲον
731 969 843 1003 termi-

182 1020 262 1045 nata
276 1018 357 1055 post
372 1012 523 1045 dativum
539 1011 651 1044 illatus
668 1011 708 1047 G.
723 1013 788 1045 513
802 1012 840 1043 E.

137 1056 380 1090 Adiectiva:
405 1067 467 1100 per
482 1056 657 1100 prolepsin
673 1057 786 1098 posita
803 1056 839 1088 P.

182 1103 249 1135 327
267 1100 302 1134 G.
334 1118 380 1125 —
406 1111 468 1144 per
489 1101 719 1134 attractionem
742 1110 842 1133 usur-

182 1154 264 1188 pata
281 1145 320 1179 G.
335 1147 404 1180 448
419 1145 459 1178 D.

136 1189 351 1223 Adimanti
367 1190 404 1222 P.
421 1191 486 1224 315
504 1190 541 1222 E.

74 1257 85 1268 .,
135 1233 379 1276 Aeschylus
395 1245 485 1278 resp.
503 1234 542 1268 G.
560 1235 626 1269 527
643 1233 682 1266 Β.

134 1279 167 1311 Α
181 1279 307 1322 gatho
324 1281 472 1322 tragicus
488 1278 525 1312 P.
542 1280 607 1312 315
624 1278 662 1310 Ε.

134 1323 394 1366 Agathocles
411 1324 560 1356 musicus
578 1323 613 1355 Ρ.
631 1324 696 1356 316
715 1323 753 1356 Ε.

134 1367 393 1411 Aglaophon
410 1368 450 1401 G.
465 1369 532 1402 448
547 1367 586 1400 Β.

136 1412 387 1446 Alcibiades
411 1411 654 1446 Scambonides
671 1412 781 1446 P.309
797 1412 839 1448 A.

180 1474 225 1481 —
255 1457 349 1500 apud
377 1456 540 1490 Periclem
572 1457 752 1509 educatus,
772 1458 841 1490 320

178 1501 839 1624 ...zanua

194 1599 236 1623 en
330 1613 340 1623 .
452 1614 459 1622 .
474 1600 492 1622 c
508 1616 516 1625 .
557 1614 564 1622 .
643 1615 650 1622 .
665 1617 677 1622 -
700 1614 707 1622 .
829 1615 836 1621 .

133 1634 438 1667 Anacoluthon
461 1634 500 1671 G.
517 1635 583 1668 503
600 1633 635 1667 C.
660 1636 726 1668 514
742 1634 782 1666 D.
799 1634 838 1669 P.

179 1679 246 1713 348
258 1678 300 1711 Β.
317 1680 384 1713 355
395 1678 434 1713 Β.

133 1722 307 1756 Andron
325 1723 364 1756 G.
379 1723 447 1756 487
464 1722 499 1755 C.
517 1723 554 1755 P.
572 1724 637 1757 315
654 1722 690 1756 C.

132 1768 273 1800 Animi
288 1774 430 1810 partes
447 1767 486 1801 G.
503 1769 570 1801 493
587 1768 629 1801 A.

131 1813 407 1845 Antimoerua
425 1812 461 1845 P.
480 1813 546 1846 315
562 1813 603 1844 A.

131 1857 351 1890 Aoristus:
369 1857 404 1889 in
421 1858 595 1890 sententiis
609 1856 836 1899 hypotheticis

204 1907 259 1934 ost
279 1901 326 1934 im
353 1901 510 1934 erfectum
542 1902 675 1944 positus
708 1901 746 1933 G.
770 1902 836 1934 447

175 1911 217 1978 B.
233 1947 301 1979 453
346 1969 353 1978 .
370 1945 407 1982 P.
433 1947 496 1979 311
515 1945 553 1977 Β.
577 1948 642 1979 313
658 1947 699 1977 A.
718 1945 760 1977 al.
792 1963 836 1968 —

175 1990 348 2034 participii
363 2000 439 2023 cum
455 1991 625 2033 praesenti
641 1997 674 2022 et
688 1990 835 2033 perfecto

175 2035 310 2067 iunctus
327 2034 364 2066 P.
382 2036 450 2068 310
464 2036 506 2066 A.

131 2078 220 2122 Apo
231 2079 420 2122 siopesis
438 2080 472 2111 in
489 2079 618 2122 protasi
635 2078 673 2112 G.
690 2079 757 2111 464
773 2079 812 2110 B.

131 2123 223 2200 '⁴¹³'
232 2133 251 2156 o
260 2124 363 2156 sitio
373 2124 649 2200 :denuntiatorum
664 2123 701 2154 P
716 2123 835 2198 34311).

174 2169 532 2246 ...50²¹·.‘³.2{;¹..5t‚‘21¹1;..
561 2177 835 2248 p¹f⁰22¹2²2¹¹¹25⁶2

174 2257 323 2289 nominis
346 2264 427 2300 post
455 2266 644 2301 pronomen
675 2255 764 2289 sacta
793 2255 833 2292 G,

173 2302 241 2335 476
260 2301 298 2334 Ε.
316 2302 380 2335 501
398 2304 440 2334 A.
464 2319 509 2325 —
532 2301 691 2339 nominis,
716 2301 751 2332 in
767 2311 834 2341 qua

175 2340 225 2384 ὡς
242 2346 405 2378 omissum
422 2346 459 2378 P.
475 2346 542 2380 326
558 2345 594 2379 c.
611 2363 654 2369 -
677 2345 833 2378 infinitivi

175 2399 251 2422 cum
266 2390 408 2423 articulo
425 2391 528 2423 iuncti
544 2389 582 2424 G.
598 2390 666 2423 474
682 2389 722 2423 Ε.

129 2433 364 2467 Archelaus
384 2434 423 2468 G.
439 2436 507 2468 470
522 2434 562 2466 D.
579 2441 612 2467 et
627 2435 693 2468 525
709 2433 750 2470 D.

128 2478 344 2522 Ariphron
360 2478 397 2511 P.
414 2480 480 2513 320
496 2479 537 2513 A.

129 2523 423 2556 Aristocraten
441 2522 479 2556 G.
495 2524 562 2556 472
579 2523 619 2555 A.

129 2566 277 2600 Aristo
315 2567 398 2600 hon
414 2568 524 2611 pictor
540 2567 578 2600 G.
595 2568 663 2601 448
679 2566 718 2601 Β.

129 2611 279 2645 Articu
306 2622 371 2645 us:
394 2611 487 2655 apud
504 2612 691 2655 genitivum
707 2611 763 2644 ubi
781 2621 833 2644 re-

173 2662 309 2699 petatur
321 2655 359 2689 G.
367 2657 436 2691 455
443 2656 483 2690 D.
500 2674 545 2680 —
561 2656 653 2699 apud
669 2655 834 2688 adiectiva

173 2701 336 2744 repetitus
354 2700 393 2733 G.
411 2702 477 2735 502
495 2700 532 2733 B.
565 2718 609 2724 -—-
642 2701 778 2733 iteratus
795 2701 830 2733 iu

173 2746 392 2790 appositione
413 2755 489 2778 cum
510 2745 668 2778 irrisione
683 2744 772 2778 facta
789 2744 831 2781 G.

173 2790 240 2826 513
259 2789 304 2825 A.
337 2807 381 2816 —
413 2791 447 2823 in
479 2789 625 2834 plurium
656 2790 831 2824 nominum

960 571 1210 603 enumeratione
1232 572 1342 614 primo
1365 580 1491 605 tantum
1514 583 1614 607 voca-

958 614 1036 647 bulo
1059 615 1270 658 praemissus
1295 616 1333 649 G.
1349 617 1416 650 459
1433 617 1470 649 Ε.
1494 617 1530 650 P.
1548 620 1614 652 357

959 660 1000 691 A.
1032 676 1076 682 —
1103 660 1138 691 in
1159 662 1408 694 enumeratione
1429 672 1539 694 rerum
1562 663 1614 695 di-

958 714 1130 736 versarum
1166 706 1313 738 omissus
1345 705 1382 737 G.
1405 706 1471 738 469
1499 706 1537 738 Ε.
1570 724 1613 731 -

957 749 1075 780 eodem
1098 759 1179 781 casu
1203 758 1270 782 non
1286 751 1475 792 geminatus
1493 750 1528 782 P.
1546 753 1613 784 310

957 792 994 823 Ε.
1012 794 1050 824 G.
1067 793 1131 825 481
1149 792 1189 824 D.
1221 811 1265 817 —
1297 795 1396 827 etiam
1419 794 1612 837 praedicato

955 837 1090 869 additus
1107 837 1143 869 P.
1161 838 1228 871 350
1239 837 1277 870 Β.
1295 839 1332 871 G.
1349 839 1415 872 491
1428 838 1466 871 E.
1483 857 1525 862 —
1543 849 1611 872 om.

954 882 989 913 in
1011 876 1227 923 κεφάλαιον
1250 892 1311 925 pro
1334 878 1376 916 τὸ
1398 878 1612 926 κεφάλαιον

954 926 993 958 G.
1010 927 1078 959 494
1094 926 1131 957 Ε.
1148 943 1191 949 -
1215 936 1294 968 post
1309 919 1421 966 οὗτος
1437 928 1494 960 ubi
1513 929 1609 960 omit·

953 977 1044 1003 tatur
1059 969 1099 1003 G.
1117 971 1181 1003 501
1198 969 1238 1002 D.
1254 988 1299 994 -—
1315 979 1392 1004 ante
1407 964 1612 1013 ἄνθρωπος

956 1024 1021 1046 om.
1038 1013 1074 1045 P.
1091 1014 1157 1047 355
1172 1013 1215 1049 Α.
1236 1031 1281 1038 -
1311 1022 1388 1048 ante
1410 1016 1532 1047 artium
1550 1025 1610 1047 no-

954 1056 1191 1136 3¹¹23223·
1198 1057 1609 1136 32⁵3.¹{.·1.T›.⁵31{{’'13¹3”2

954 1148 1098 1179 usitatus
1130 1147 1163 1178 in
1195 1146 1340 1179 formula
1376 1142 1547 1186 θάνατος
1584 1142 1610 1190 ἦ

955 1191 1068 1235 ζημία
1087 1190 1122 1223 Ρ.
1140 1191 1206 1224 325
1214 1190 1252 1224 Β.
1270 1208 1314 1215 -—-
1330 1191 1402 1223 eius
1420 1190 1608 1228 collocatio,

955 1237 1011 1268 ubi
1035 1236 1113 1267 bina
1137 1235 1274 1267 uomina
1291 1235 1475 1279 iunguntur
1490 1235 1529 1271 P.
1544 1237 1610 1269 343

954 1280 1044 1311 Β.-
1060 1286 1137 1312 aute
1149 1279 1351 1322 pronomina
1367 1280 1459 1312 relat.
1476 1280 1610 1323 positus

953 1325 989 1356 P.
1006 1326 1073 1358 320
1089 1323 1130 1357 D.

908 1370 936 1400 A
947 1368 1111 1401 rtii'ices
1146 1378 1261 1401 omnes
1294 1378 1314 1400 a
1346 1368 1480 1401 Graecis
1513 1369 1608 1411 parvi

953 1413 1033 1446 sacti
1049 1420 1127 1446 sunt
1142 1413 1179 1446 P.
1196 1414 1261 1446 311
1279 1412 1317 1444 Β.

907 1457 1071 1490 Artium
1089 1458 1289 1500 cognatio
1307 1456 1345 1489 G.
1361 1456 1429 1489 465
1445 1455 1484 1489 Β.

907 1502 1175 1544 Asyndeton:
1199 1502 1233 1533 in
1251 1501 1431 1544 epexegesi
1449 1501 1487 1535 G.
1501 1501 1607 1534 450A

951 1554 985 1578 et
1012 1548 1080 1579 459
1097 1545 1134 1577 Β.
1166 1563 1210 1568 -
1242 1546 1298 1577 ubi
1329 1555 1390 1588 per
1415 1541 1486 1587 μὲν
1501 1562 1543 1568 —-
1561 1541 1606 1577 δέ

950 1590 1126 1623 subiicitur
1142 1589 1276 1632 partitio
1295 1588 1334 1621 G.
1350 1590 1418 1622 464
1434 1588 1472 1620 Β.
1490 1606 1532 1611 -
1550 1589 1606 1620 ubi

950 1634 1115 1667 sententia
1152 1644 1212 1676 per
1243 1626 1367 1675 ὥσπερ
1399 1632 1533 1665 additur
1565 1632 1604 1664 G.

949 1680 1016 1713 448
1032 1678 1071 1710 E.
1095 1695 1138 1700 —
1159 1684 1239 1719 post
1266 1675 1379 1710 τοῦτο
1394 1670 1553 1719 πάσχειν
1569 1677 1607 1708 G.

949 1725 1016 1757 513
1032 1724 1073 1754 A.
1106 1738 1148 1744 —
1180 1722 1238 1753 ubi
1253 1713 1363 1759 οὗτος
1379 1729 1441 1763 per
1456 1719 1607 1763 anapho-

949 1778 1021 1800 ram
1037 1768 1175 1798 iteratur
1191 1766 1229 1799 G.
1247 1767 1313 1799 510
1330 1765 1364 1797 C.
1397 1782 1439 1787 ——
1471 1765 1527 1797 ubi
1551 1774 1606 1796 ea-

949 1812 1026 1844 dem
1042 1811 1206 1843 sententia
1228 1810 1375 1853 graviter
1395 1817 1607 1841 asseveratur

949 1857 987 1891 P.
1005 1857 1069 1890 317
1088 1854 1122 1886 e.
1140 1872 1183 1877 -
1197 1856 1230 1887 in
1248 1851 1287 1887 οῖ
1301 1847 1408 1886 ἄλλοι
1426 1853 1464 1885 G.
1482 1855 1548 1886 503
1566 1852 1603 1884 Ε.

948 1918 992 1924 -
1022 1902 1057 1932 in
1091 1899 1259 1942 oppositis
1290 1899 1326 1930 P.
1343 1899 1408 1931 319
1426 1897 1462 1929 C.
1494 1914 1537 1920 —-
1567 1898 1601 1928 in

948 1945 1140 1977 narratione
1162 1943 1254 1987 apud
1276 1937 1402 1976 ἐδόκει
1425 1948 1459 1974 et
1472 1943 1548 1974 sim.
1565 1941 1605 1992 G.

948 1991 1013 2023 52⁷
1026 1988 1062 2022 c.
1077 1988 1115 2020 P.
1133 1989 1199 2022 315
1214 1988 1254 2021 Ε.
1271 1988 1336 2021 317
1353 1986 1391 2018 Ε.
1411 2003 1452 2009 -
1469 1986 1503 2017 iu
1521 1980 1605 2019 ἐδο-

951 2030 1039 2075 ξατέ
1056 2042 1120 2075 μοι
1136 2033 1173 2065 P.
1190 2034 1258 2066 330
1272 2031 1311 2063 Ε.
1335 2049 1378 2054 -
1405 2032 1438 2062 in
1460 2031 1605 2062 interro-

948 2086 1016 2121 gat.
1039 2088 1100 2120 per
1114 2073 1166 2120 μὴ
1192 2075 1303 2110 δοκεῖ
1319 2075 1408 2108 facta
1424 2074 1462 2107 G.
1481 2075 1546 2107 512
1563 2073 1601 2105 Β.

947 2141 990 2146 —-
1007 2122 1073 2155 alia
1089 2121 1125 2154 P.
1143 2123 1210 2155 335
1227 2121 1267 2153 A.
1285 2121 1352 2154 340
1367 2118 1408 2155 D.
1425 2119 1490 2152 341
1500 2119 1541 2150 A.
1558 2118 1602 2150 al.

903 2167 930 2198 A
941 2167 1007 2199 the
1016 2167 1109 2199 nien
1119 2176 1135 2198 s
1144 2177 1161 2197 e
1172 2177 1187 2198 s
1205 2163 1448 2208 sapientissimi
1458 2162 1603 2195 Graeco-

947 2221 1021 2244 rum
1038 2211 1073 2243 P.
1084 2212 1149 2243 319
1157 2210 1194 2241 Β.
1207 2227 1252 2233 -—
1265 2216 1441 2251 poetarum
1457 2207 1604 2239 studiosi

946 2257 982 2288 P.
1000 2255 1065 2289 338
1082 2254 1122 2290 Ε.
1145 2272 1187 2278 -
1211 2254 1244 2286 in
1261 2253 1422 2285 concione
1445 2251 1601 2284 omnibus

946 2299 1078 2333 dicendi
1095 2305 1296 2342 potestatem
1311 2297 1439 2329 faciunt
1454 2294 1601 2328 P.319D.

901 2344 1131 2377 Attractio:
1151 2342 1359 2380 nominativi,
1379 2341 1435 2373 ubi
1449 2338 1533 2373 δεῖν
1550 2340 1603 2371 in-

946 2388 1050 2422 fertur
1066 2388 1103 2423 P.
1120 2390 1185 2422 316
1202 2387 1238 2419 G.
1270 2404 1314 2410 —
1345 2395 1458 2423 casus,
1483 2385 1540 2425 qui
1557 2390 1600 2415 ex

944 2432 1110 2466 infinitivo
1146 2431 1293 2475 pendere
1328 2429 1486 2467 debebat,
1524 2435 1599 2459 cnm

945 2478 1106 2521 primario
1125 2476 1226 2509 verbo
1242 2475 1346 2507 iuncti
1362 2474 1400 2506 G.
1419 2474 1485 2506 513
1499 2470 1538 2504 Β.
1555 2487 1599 2523 Τ

944 2522 1185 2555 adiectivorum
1202 2520 1242 2553 G.
1257 2520 1324 2552 448
1339 2517 1379 2553 D.
1411 2534 1455 2541 -
1484 2516 1518 2548 in
1535 2524 1600 2547 ov-

946 2564 1026 2605 6229
1049 2558 1154 2605 ὅστις
1170 2558 1220 2598 οὔ
1233 2564 1269 2596 P.
1287 2563 1351 2597 317
1369 2561 1405 2595 G.
1436 2577 1480 2584 —
1510 2559 1594 2611 rela-

945 2612 1021 2649 tivi,
1044 2619 1111 2651 qua
1133 2610 1176 2643 ad
1198 2608 1425 2652 praedicatum
1451 2606 1598 2637 nominis

945 2655 1087 2689 refertur
1104 2654 1143 2687 G.
1159 2654 1228 2687 460
1244 2653 1280 2685 Ε.

899 2700 1059 2733 Audire
1071 2698 1110 2731 G.
1128 2700 1193 2732 503
1210 2697 1250 2731 Ε.

898 2745 959 2778 Au
996 2751 1190 2777 mentum:
1237 2743 1272 2774 in
1309 2733 1528 2782 εὸρίσκομη
1566 2745 1599 2769 et

942 2788 1170 2833 ηυρίσκομεν
1186 2787 1224 2820 G.
1241 2785 1307 2821 514
1321 2783 1359 2818 D.

1587 0 1722 34 ’κᾞεςξᾷξ
