1682 2944
269 132 320 167 62
731 130 1122 172 PROLEGOKENA

266 240 416 289 publice
453 240 627 278 functum
665 254 747 280 esse
785 242 1000 283 clarissimis
1026 246 1153 284 verbis
1189 246 1424 286 testificetur.
1481 248 1589 287 Post-

266 308 380 346 quam
408 296 509 334 enim
536 297 650 334 Polus
677 297 894 338 iracundius
922 301 957 339 ei
985 301 1080 339 haec
1106 302 1222 340 dixit:
1247 299 1331 341 Οὐκ
1358 300 1426 341 οἷἐι
1454 301 1587 355 ἓξελη-

265 348 454 402 λέγχθαι,
494 342 527 390 ὦ
555 348 782 404 Σώκρατες,
819 350 916 394 ὅταν
952 359 1120 396 τοιαῦτα
1154 355 1286 410 λέγῃς,
1325 353 1350 395 ἃ
1377 355 1505 404 οὐδεὶς
1541 357 1590 397 ἄν

265 404 420 457 φήσειεν
448 403 694 459 ἀνθρώπων;
730 406 810 448 zm}
837 408 930 463 ἐροῦ
956 425 1044 450 τινα
1072 412 1248 451 τουτωνί
1255 428 1264 451 2
1301 413 1366 451 ille
1400 414 1522 453 facete
1550 419 1589 454 et

265 463 410 500 urbane
438 463 479 500 in
505 462 646 501 talibus
681 463 898 513 significans
933 479 1010 505 non
1047 468 1283 516 singulorum
1319 469 1591 518 suffragatione

266 530 361 567 opus
389 531 491 565 esse,
529 518 716 570 siquidem
743 520 886 559 veritas
912 523 1104 561 rationum
1130 525 1314 574 pondere,
1352 538 1429 562 non
1456 526 1591 564 suffra—

265 573 413 621 giorum
440 586 598 612 numero
626 579 889 624 cognoscatur,
927 578 1087 630 ideoque
1120 580 1237 618 talem
1263 580 1500 629 rogationem
1527 583 1590 619 de·

265 642 433 678 precans,
452 621 504 668 Ὦ
531 629 663 678 Πῶλε,
690 631 829 683 inquit,
857 629 927 671 οὐκ
953 632 1034 683 εἰμὶ
1062 634 1143 673 τῶν
1169 635 1391 683 πολιτικῶν,
1417 636 1480 674 καὶ
1508 635 1589 675 πέ-·

265 697 386 734 ρυσι
413 683 700 735 βουλεύων,
735 685 867 738 ἐπειδὴ
895 685 919 738 ἦ
946 687 1054 741 φυλὴ
1080 687 1315 742 ἐπρυτάνευε
1347 690 1412 730 καὶ
1440 688 1515 730 ἔδει
1541 706 1591 743 με

266 738 527 793 ἐπιψηφίζειν,
555 738 751 792 γέλωτα
779 746 1021 796 παρεῖχον
1046 744 1111 783 καὶ
1139 742 1208 784 οὐκ
1243 742 1472 798 ἠπιστάμην
1499 745 1588 786 ἔπι-

264 794 465 848 ψηφίζειν.
513 795 572 847 μὴ
607 788 678 835 οὖν
712 795 815 848 μηδὲ
853 801 923 837 νῦν
957 812 1007 850 με
1041 797 1167 839 κέλευε
1208 799 1457 854 ἐπιψηφίζειν
1498 801 1592 848 τούς

265 848 477 904 παρόντας.
506 850 591 893 Quo
618 852 772 904 quidem
798 857 1011 904 temporum
1036 855 1176 894 indicio
1203 857 1301 896 nihil
1327 857 1483 897 videtur
1508 871 1590 897 esse

263 920 373 956 posse
401 908 627 947 evidentius.
683 908 843 948 Frustra
869 910 972 948 enim
1010 924 1133 962 nuper
1159 912 1391 952 exstiterunt
1418 914 1484 965 qui
1513 927 1589 952 non

264 963 483 1012 epistasiam
510 963 616 1001 illam
644 963 809 1003 Socratis
837 964 1038 1014 significari
1074 972 1256 1017 putarent
1283 981 1307 1006 a
1334 969 1589 1019 Xenophonte

263 1018 458 1057 luculente
484 1019 711 1068 descriptam
739 1024 779 1059 et
806 1021 854 1058 ab
874 1021 955 1071 ipso
974 1022 1128 1062 Socrate
1155 1023 1196 1061 in
1215 1024 1402 1073 Apologia
1419 1025 1589 1063 Platonis

263 1077 475 1121 narratam,
513 1075 580 1113 sed
618 1075 746 1124 potius
773 1075 887 1114 aliam
923 1089 1080 1130 eamque
1117 1079 1299 1118 incertam
1335 1084 1376 1118 et
1412 1093 1436 1118 a
1460 1091 1587 1118 rerum

263 1129 509 1179 scriptoribus
555 1129 708 1169 silentio
742 1132 1022 1180 transmissam,
1071 1147 1186 1185 quam
1229 1135 1457 1174 sententiam
1494 1136 1589 1174 mira

262 1198 380 1235 prope
424 1185 650 1223 iudiciorum
688 1187 932 1226 consensione
966 1189 1132 1239 amplexi
1167 1194 1259 1229 sunt
1294 1192 1589 1243 Sybrandus

263 1253 308 1278 ac
336 1240 648 1289 Voegelinus
676 1242 715 1279 11.
744 1254 795 1280 cc.
824 1247 864 1282 et
890 1256 1012 1293 nuper
1037 1245 1276 1283 Munkius
1304 1246 1328 1284 l.
1357 1258 1389 1284 o.
1416 1259 1452 1296 p.
1485 1249 1586 1293 125„

262 1296 335 1334 hoc
361 1297 422 1334 usi
449 1299 691 1345 argumento,
730 1299 831 1348 quod
868 1299 969 1348 apud
997 1299 1196 1339 Platonem
1231 1301 1271 1338 in
1300 1301 1440 1350 Gorgia
1465 1314 1586 1340 sermo

262 1352 314 1390 sit
340 1353 387 1390 de
415 1365 456 1390 re
483 1365 667 1403 perquam
699 1353 860 1391 ridicula
887 1358 926 1393 et
951 1356 1150 1404 probrosa,
1188 1369 1306 1407 quum
1333 1357 1387 1395 ibi
1415 1358 1587 1396 Socrates

263 1410 384 1446 semet
411 1408 537 1458 ipsum
564 1408 739 1447 ostendat
764 1408 805 1446 in
824 1409 1119 1449 administrando
1146 1424 1303 1450 munere
1326 1413 1477 1462 publico
1495 1414 1588 1451 adeo

261 1463 441 1501 stolidum
469 1467 509 1502 et
537 1463 710 1512 ineptum
726 1464 855 1511 fuisse,
883 1469 928 1504 ut
955 1466 1046 1504 adeo
1064 1467 1194 1516 populi
1211 1468 1447 1506 multitudini
1466 1469 1585 1506 risum

262 1519 454 1565 debuerit,
483 1520 584 1568 apud
602 1519 896 1569 Xenophontem
926 1525 1054 1560 autem
1081 1526 1121 1561 et
1146 1522 1187 1559 in
1214 1523 1400 1573 Apologia
1417 1524 1587 1563 Platonis

261 1577 398 1623 agatur
424 1575 471 1612 de
499 1574 662 1624 sapienti
697 1575 866 1614 eiusdem
902 1577 1070 1615 muneris
1106 1578 1450 1626 administratione,
1488 1591 1586 1630 quae

261 1630 465 1678 singularis
494 1630 690 1667 cuiusdam
727 1632 961 1670 constantiae
998 1637 1038 1671 et
1063 1633 1299 1672 fortitudinis
1327 1634 1586 1673 testimonium

261 1685 491 1732 exhibuerit,
519 1686 824 1737 quandoquidem
851 1700 971 1734 unus,
1001 1689 1135 1727 ceteris
1164 1689 1338 1728 omnibus
1365 1691 1429 1728 vel
1455 1690 1585 1740 populi

262 1741 461 1791 cupiditati
499 1742 562 1780 vel
599 1742 815 1781 necessitati
854 1743 1094 1790 cedentibus,
1130 1745 1318 1793 gravitate
1354 1758 1424 1783 sua
1459 1746 1585 1796 prohi-

261 1797 407 1844 buerit,
445 1796 647 1848 quominus
674 1797 722 1836 de
749 1798 908 1836 ducibus
935 1800 1120 1838 accusatis
1147 1799 1316 1852 iniquius
1342 1805 1584 1840 statueretur.

261 1853 451 1891 Nimirum
477 1852 553 1891 ista
579 1852 726 1891 ratione
761 1853 819 1891 illi
854 1854 987 1893 tollere
1024 1868 1068 1893 ac
1103 1867 1297 1895 removere
1335 1857 1459 1895 conati
1494 1862 1586 1897 sunt

260 1910 362 1959 quod
389 1920 466 1945 non
493 1908 648 1959 quidem
675 1909 845 1947 Platonis
872 1909 1171 1958 narrationibus,
1208 1912 1273 1950 sed
1310 1912 1390 1950 suis
1416 1912 1583 1962 ipsorum

259 1963 500 2014 opinionibus
545 1976 753 2014 sanequam
789 1965 994 2014 plurimum
1031 1966 1180 2005 officere
1217 1967 1583 2006 animadvertissent.

262 2021 318 2058 At
345 2019 447 2058 enim
473 2031 564 2058 vero
590 2031 659 2057 nos
686 2019 839 2070 quidem
866 2020 898 2058 si
926 2020 1018 2071 quid
1044 2021 1208 2060 iudicare
1235 2034 1450 2072 possumus,
1478 2036 1582 2061 mero

260 2075 317 2113 illi
346 2074 533 2113 arbitratu
558 2075 755 2113 finxerunt
789 2076 890 2126 quod
916 2088 1040 2126 neque
1076 2089 1145 2126 per
1175 2089 1216 2115 se
1252 2077 1331 2115 ullo
1366 2078 1477 2116 modo
1503 2091 1581 2117 cre·

257 2131 374 2169 dibile
402 2134 471 2177 est,
498 2130 722 2180 praesertim
739 2130 921 2169 historiae
939 2131 1167 2170 testimoniis
1193 2132 1430 2182 destitutum,
1457 2146 1582 2185 neque

258 2191 303 2225 ut
340 2186 619 2234 confingerem
656 2198 929 2237 usquequaque
967 2187 1219 2225 necessarium
1252 2188 1340 2227 fuit.
1404 2189 1504 2227 Nam
1538 2194 1583 2229 ut

258 2242 357 2280 nihil
385 2243 431 2280 de
459 2253 504 2280 eo
521 2240 699 2288 dicamus,
728 2240 828 2292 quod
845 2254 923 2279 non
946 2241 1058 2280 facile
1077 2242 1315 2292 intelligitur,
1341 2256 1418 2295 qua
1433 2244 1581 2283 ratione

258 2298 433 2336 Socrates
459 2309 500 2335 se
527 2297 569 2334 in
597 2296 896 2336 administrando
923 2297 1106 2347 epistatae
1132 2309 1290 2337 munere
1307 2299 1397 2337 dare
1414 2300 1582 2349 potuerit

258 2356 337 2392 tam
365 2353 547 2403 turpiter,
587 2352 672 2403 quis
700 2364 842 2403 quaeso
878 2352 951 2391 sibi
977 2353 1238 2402 persuadebit,
1277 2354 1309 2392 si
1337 2355 1403 2393 ille
1428 2353 1469 2392 in
1505 2355 1579 2393 isto

256 2409 408 2457 negotio
436 2420 519 2446 sese
546 2412 625 2446 tam
659 2407 810 2446 fatuum
837 2410 878 2446 et
912 2408 1074 2446 inertem
1100 2409 1370 2458 praestitisset,
1407 2410 1579 2448 sunu-um

256 2464 394 2511 misse,
434 2468 478 2502 ut
504 2463 544 2501 id
570 2463 686 2501 semel
722 2465 872 2502 tantum
899 2469 1171 2502 memoraretur
1202 2476 1328 2515 neque
1360 2465 1579 2503 idemtidem

257 2521 306 2557 ab
334 2518 576 2570 antiquitatis
612 2518 858 2567 scriptoribus
893 2519 1135 2557 narraretur?
1171 2519 1359 2558 Nimirum
1386 2520 1462 2558 fuit
1487 2532 1578 2558 sane

257 2575 350 2613 haec
377 2575 419 2612 in
444 2574 610 2623 gerenda
635 2573 828 2623 republica
855 2573 1019 2612 Socratis
1055 2574 1207 2613 inscitia
1242 2575 1335 2613 adeo
1361 2575 1577 2623 singularis,

257 2634 302 2669 ut
328 2630 369 2668 in
397 2633 548 2680 promtu
575 2628 626 2668 sit
652 2641 728 2667 non
755 2629 864 2667 modo
893 2629 1057 2668 Socratis
1082 2630 1221 2680 ipsius,
1254 2630 1321 2668 sed
1348 2630 1463 2669 etiam
1492 2642 1577 2668 aean

1671 72 1673 80 ι

1680 237 1682 244 ⁴

1681 277 1682 285 η
