1696 2976
199 181 255 223 54
626 156 631 160 α
745 185 1044 222 PLTAONIS

201 291 281 345 οὖν
310 295 397 357 ἤδη
426 298 482 345 σὺ
513 297 685 356 σκόπει,
717 297 903 357 πότερον
930 300 1030 358 περὶ
1061 298 1207 346 αὐτῶν
1237 298 1367 358 μόνος
1390 309 1472 348 οἴει
1496 306 1592 348 δεῖν

202 366 485 423 διαλέγεσθαι
524 365 631 423 πρὸς
661 364 837 424 μόνους,
883 363 910 425 ἢ
943 366 1033 425 μετ’
1070 365 1227 412 ἄλλων.
1271 365 1459 426 Ὀρθῶς,
1491 373 1591 427 ἔφη,

202 440 423 491 προμηθεῖ
432 467 444 490 ,
470 426 503 477 ὦ
528 431 782 491 Σώκρατες,
813 431 922 491 ὑπὲρ
949 436 1064 492 ἐμοῦ.
1099 436 1224 488 ξένον
1250 433 1332 493 γὰρ
1356 433 1497 493 ἄνδρα
1520 436 1592 481 καὶ

191 498 323 554 ,ἰόντα
356 503 417 552 εἰς
449 497 595 553 πόλεις
625 499 835 559 μεγάλας,
875 501 948 545 καὶ
979 503 1027 547 ἐν
1057 499 1231 554 ταύταις
1262 506 1475 549 πείθοντα
1505 505 1594 548 τῶν

202 569 316 612 νέων
338 565 438 620 τούς
457 571 708 624 βελτίστους
726 566 1042 621 ἀπολείποντας
1065 567 1140 622 τὰς
1157 570 1246 613 τῶν
1263 566 1409 615 ἄλλων
1431 583 1595 615 συνου-

203 638 315 691 σίας,
340 634 414 678 καὶ
439 638 615 680 οἰκείων
638 635 710 679 καὶ
734 632 940 691 ὀθνείων,
966 637 1037 680 καὶ
1062 637 1372 694 πρεσβυτέρων
1390 637 1463 681 καὶ
1486 654 1595 682 νεω-

204 701 363 758 τέρων,
411 701 550 761 ἑαυτῷ
583 712 783 747 συνεῖναι
823 700 879 755 ὡς
912 707 1110 758 βελτίους
1143 704 1374 760 ἐσομένους
1413 702 1484 748 διὰ
1516 702 1597 760 τὴν

148 779 182 812 D
208 769 366 813 ἑαυτοῦ
389 772 647 825 συνουσίαν,
672 767 753 827 χρὴ
773 766 1057 826 εὐλαβεῖσθαι
1082 768 1157 815 τὸν
1179 772 1314 815 ταῦτα
1332 768 1594 828 πράττοντα·

203 832 256 881 οὗ
283 833 365 893 γὰρ
390 836 563 894 σμικροὶ
587 837 688 894 περὶ
711 833 820 881 αὐτὰ
853 835 1015 894 φθόνοι
1045 855 1090 882 τε
1115 841 1339 894 γίγνονται
1362 838 1436 882 καὶ
1469 835 1595 883 ἄλλαι

203 903 463 960 δυσμένειαί
481 920 527 947 τε
544 903 616 947 καὶ
633 904 873 959 ἐπιβουλαί.
902 902 985 960 ἐγώ
1010 904 1058 948 δὲ
1073 902 1153 961 τὴν
1169 903 1428 962 σοφιστικὴν
1442 906 1598 963 τέχνην

201 970 314 1028 φημὶ
336 969 418 1027 μὲν
441 968 554 1014 εἶναι
578 967 791 1027 παλαιάν,
815 968 914 1022 τοὺς
940 970 988 1015 δὲ
1013 973 1436 1029 μεταχειριζομένους
1460 969 1597 1028 αὐτὴν

202 1038 290 1082 τῶν
334 1038 533 1082 παλαιῶν
578 1034 755 1095 ἀνδρῶν
801 1038 1104 1094 φοβουμένους
1142 1035 1190 1082 τὸ
1231 1038 1417 1096 ἐπαχθὲς
1464 1036 1596 1095 αὐτῆς

203 1101 431 1161 πρόσχημα
455 1111 680 1149 ποιεῖσθαι
711 1104 783 1148 καὶ
818 1102 1203 1162 προκαλύπτεσθαι
1233 1103 1333 1157 τοὺς
1364 1105 1445 1163 μὲν
1468 1110 1595 1163 ποίη-

202 1184 288 1228 σιν,
313 1167 408 1216 οἷον
419 1168 610 1229 Ὅμηρόν
640 1189 686 1216 τε
711 1171 783 1215 καὶ
801 1168 1007 1216 ‘Hotodov
1030 1172 1103 1216 καὶ
1127 1175 1401 1229 Σιμωνίδην,
1424 1171 1523 1225 τοὺς
1548 1172 1596 1217 δὲ

291 1302 329 1334 C.
354 1300 431 1335 καὶ
449 1296 579 1336 ἰόντα
596 1298 663 1340 εἰς
690 1300 746 1345 π.]
773 1301 834 1334 Sic
850 1301 952 1335 Bodl.
970 1302 1050 1335 Vat.
1064 1301 1170 1335 vind.
1184 1302 1311 1335 Venet.
1326 1303 1372 1339 Ξ.
1396 1302 1516 1338 Ambr.
1532 1313 1596 1346 pro

199 1345 371 1390 vulguuocl
385 1342 576 1389 κατιόντα,
596 1346 690 1388 quod
706 1347 948 1380 Stallbaumio
965 1347 1081 1390 magis
1094 1347 1244 1389 placuit,
1260 1347 1322 1380 sed
1339 1358 1373 1382 v.
1388 1348 1492 1390 Apol.
1504 1349 1595 1381 1913.

198 1392 335 1436 Theag.
347 1393 411 1425 128
419 1393 635 1426 etThemist.
644 1390 757 1433 or.]29.
767 1403 801 1434 p.
810 1394 874 1425 347
883 1393 923 1434 Β,
934 1393 1042 1434 quiin
1049 1393 1219 1435 proximis
1230 1386 1484 1432 ἀπολιπόντας
1494 1393 1594 1435 legit.

199 1505 332 1539 aoristo
349 1498 702 1538 certaadolescentis
717 1513 800 1546 spes
817 1514 862 1536 ac
930 1503 1055 1537 addita
1071 1507 1167 1539 sunt.
1184 1505 1299 1537 Staub.
1323 1504 1402 1539 vid.
1420 1505 1595 1538 Themist.

198 1550 332 1583 fiducia
348 1550 549 1590 indicatur,
575 1552 614 1581 ut
636 1549 728 1581 haec
746 1550 860 1582 verba

200 1596 254 1628 ita
272 1595 385 1627 liceat
398 1594 512 1627 latine
527 1593 694 1626 reddere:
711 1594 781 1626 hoc
797 1603 860 1625 au-

198 1643 272 1673 tem
289 1640 358 1672 sibi
373 1642 479 1682 putat
494 1639 618 1681 utique
636 1639 858 1680 contingere,

198 1685 230 1717 si
246 1688 310 1717 tua
331 1687 453 1717 utatur
480 1683 676 1726 disciplina
699 1686 735 1715 et
756 1683 859 1715 insti-

199 1730 350 1762 tutione.

244 1769 380 1817 μόνος
432 1771 521 1805 οἴει
575 1771 678 1806 δῗεῖν
724 1770 860 1815 διαλ.]

199 1818 364 1851 Subiecti
394 1828 500 1850 casus
532 1817 644 1850 verbo
671 1816 771 1849 finito
799 1827 865 1859 per

198 1865 451 1897 attractionem
469 1861 650 1904 quandam
665 1872 862 1894 accommo-

199 1909 316 1942 datus.
362 1907 530 1940 Debebat
558 1907 652 1939 enim
681 1917 700 1939 e
722 1906 865 1949 vulgari

198 1953 340 1986 ratione
363 1946 480 1994 μόνον
502 1951 628 1991 scribi3
652 1951 696 1983 de
720 1961 789 1994 quo
812 1951 864 1984 lo-

198 1998 334 2039 quendi
349 2007 481 2040 genere
498 1997 652 2029 diximus
669 1995 713 2029 ad
728 1995 863 2029 Criton.

198 2053 231 2085 p.
250 2044 294 2075 50
310 2042 352 2076 Ε.
370 2042 488 2074 Stallb.

244 2083 376 2128 ξένον
393 2081 475 2129 γὰρ
499 2079 646 2127 ἄνδρα
670 2083 747 2117 καὶ
765 2079 862 2118 ἰόν-

198 2143 250 2164 τα
268 2128 325 2174 -]
360 2131 640 2173 peregrinum
666 2130 778 2162 enim
794 2130 861 2162 vi—

198 2187 304 2218 rum,
339 2175 411 2217 qui
443 2175 486 2206 in
518 2184 699 2216 magnas
731 2175 862 2206 urbes

199 2220 438 2253 descendit
471 2219 515 2251 in
556 2219 701 2261 iisque
738 2219 862 2250 iuve-

198 2275 295 2297 num
319 2265 511 2308 optimos
535 2266 790 2303 commovet,
816 2265 862 2295 ut

198 2310 365 2343 relicta
397 2308 583 2342 aliorum
621 2310 860 2341 consuetu-

199 2355 317 2395 dine,
336 2357 379 2387 et
396 2354 610 2386 affinium
635 2355 678 2385 et
694 2352 858 2384 alieno-

198 2409 299 2440 rum,
324 2401 366 2431 et
394 2399 614 2431 seniorum
644 2400 685 2430 et
712 2396 860 2429 iunio·

198 2454 297 2481 rum,
316 2444 457 2486 ipsius
480 2446 661 2475 utantur
678 2451 860 2474 consue-

198 2488 378 2529 tudine,
433 2487 641 2520 meliores
694 2497 737 2519 se
784 2496 862 2527 per

200 2532 860 2571 eamevasurosexistimanpes‚

199 2580 379 2620 oportet
401 2576 488 2609 sibi
508 2587 666 2609 cavere
684 2576 776 2607 ista
791 2575 858 2607 fa-

200 2623 403 2655 cientem.
420 2620 509 2653 Nam
527 2621 637 2653 haec:
656 2615 723 2653 τὸν
740 2618 859 2652 ταῦτα

197 2662 425 2709 πράττοντα,
458 2665 732 2708 perspicuitatis
750 2673 861 2697 causa

929 1559 981 1583 or.
997 1550 1050 1582 29.
1068 1560 1102 1591 p.
1121 1550 1197 1582 347.

972 1592 1049 1626 καὶ
1066 1591 1250 1626 οἰκείων
1271 1591 1347 1625 καὶ
1372 1588 1590 1636 ὀθνείων]

927 1638 1031 1671 Infra
1052 1649 1086 1680 p.
1105 1639 1169 1671 320
1188 1638 1214 1669 Β
1239 1649 1261 1670 a
1290 1637 1440 1670 Socrate
1460 1635 1594 1671 οἰκεῖοι

929 1685 966 1715 ct
981 1677 1169 1724 ἀλλότριοι
1184 1683 1278 1714 inter
1299 1693 1337 1715 se
1354 1686 1594 1725 opponuntur,

931 1727 995 1760 sed
1007 1728 1227 1770 Protagoras
1241 1727 1273 1759 h.
1289 1727 1311 1760 l.
1330 1721 1496 1760 ὀθνείων
1504 1727 1596 1759 dixit

933 1775 970 1804 et
977 1774 1124 1815 propter
1131 1766 1171 1804 τὸ
1181 1767 1474 1814 ὁμοιοτέλευτον,
1488 1781 1595 1814 quam

933 1816 1148 1849 elocutionis
1171 1816 1320 1859 figuram
1341 1816 1497 1849 omnium
1519 1826 1594 1849 ma-

931 1862 1025 1894 xime
1041 1861 1225 1904 sophistae
1233 1871 1406 1903 usurpare
1415 1861 1594 1902 solebant,

933 1909 970 1939 et
992 1906 1087 1948 quod
1116 1906 1207 1939 haec
1230 1916 1299 1939 vox
1322 1905 1595 1938 Atheniensium

931 1951 1078 1994 propria
1106 1953 1216 1989 esset,
1245 1961 1278 1983 v.
1308 1949 1424 1982 Bekk.
1457 1950 1592 1984 Anecd.

932 1996 993 2028 Gr.
1011 1995 1078 2031 111.
1094 2005 1127 2038 p.
1147 1996 1244 2028 1095.

1019 2041 1064 2072 D.
1090 2037 1410 2084 φοβουμένους
1427 2033 1473 2071 τὸ
1491 2032 1593 2072 ἔπα-

931 2082 1041 2128 χθὲς
1070 2078 1231 2127 αὐτῆς]
1262 2087 1512 2116 metuentes
1534 2084 1593 2115 in-

929 2129 1096 2162 vidiam
1114 2128 1212 2161 inde
1231 2127 1472 2163 oriundam.
1505 2128 1595 2160 Erat

930 2174 1023 2206 enim
1049 2174 1130 2215 ipsa
1156 2173 1397 2205 institutionis
1413 2172 1593 2215 professio

929 2218 1120 2251 invidiosa.
1131 2217 1243 2250 Lach.
1254 2228 1288 2260 p.
1297 2218 1360 2250 184
1369 2217 1397 2249 Β
1407 2229 1418 2249 .·
1428 2211 1591 2259 ε’πίφθο-

928 2257 1037 2340 ἕοςσὴ
1051 2261 1304 2314 ,προσποίησις
1327 2260 1393 2305 τῆς
1417 2256 1593 2304 τοιαύτης

948 2318 989 2340 πι
1015 2319 1034 2339 τ
1061 2318 1085 2349 μ
1115 2318 1144 2345 ς.
1515 2322 1517 2329 v

973 2319 1073 2384 οἴοην
1091 2317 1262 2394 nomme
1275 2363 1296 2384 ν
1311 2349 1370 2393 —]
1405 2351 1484 2391 Quo
1514 2351 1591 2382 iure

928 2398 1150 2439 Protagoras
1173 2396 1233 2428 hic
1263 2398 1300 2428 et
1321 2398 1448 2438 poetas
1471 2397 1509 2427 et
1531 2405 1591 2426 eos

929 2451 1071 2481 omnes,
1098 2451 1119 2473 a
1137 2441 1269 2483 quibus
1292 2439 1424 2472 Graeci
1447 2438 1591 2481 politio-

929 2497 1003 2518 rem
1019 2485 1282 2519 humanitatem
1304 2483 1508 2523 habebant,
1535 2494 1591 2516 so—

928 2530 1069 2572 phistas
1093 2528 1355 2573 appellaverit,
1379 2529 1416 2560 in
1433 2527 1592 2571 praefat.

926 2586 961 2617 p.
979 2576 999 2607 2
1012 2585 1065 2616 sq.
1107 2574 1306 2621 expositum
1341 2575 1409 2605 est.
1454 2573 1592 2605 Aristo·

927 2619 1064 2659 phanes
1082 2619 1185 2661 (Rau.
1201 2629 1235 2653 v.
1256 2618 1354 2657 1031)
1372 2617 1591 2659 Aeschylum

927 2663 970 2696 ‹le
978 2663 1035 2696 his
1042 2664 1160 2706 poetis
1167 2663 1220 2696 sic
1226 2662 1471 2704 disputantem
1480 2662 1589 2693 facit:

261 2715 423 2765 Ὀρφεὺς
438 2717 508 2764 μὲν
523 2716 594 2764 γὰρ
611 2714 761 2758 τελετάς
777 2712 822 2752 θ’
838 2712 930 2761 ἡμῖν
945 2716 1138 2760 κατέδειξε
1155 2711 1283 2761 φόνων
1300 2711 1334 2749 τ’
1353 2711 1425 2750 ἀπέ
1451 2716 1576 2759 εσθαι,

265 2768 463 2804 Μουσαῖος
480 2759 519 2798 δ’
536 2759 723 2806 ἐξακέσεις
733 2774 778 2815 „ts
795 2758 917 2815 νόσων
929 2761 994 2796 καὶ
1011 2758 1210 2841 χρησμούς,
1223 2757 1397 2812 Ἴξσίοδος
1414 2728 1456 2794 (ἦ

265 2811 337 2863 γ’ῆς
350 2805 537 2861 ἐργασίας,
554 2809 707 2851 καρπῶν
722 2819 831 2850 ωρας,
848 2817 1021 2859 aputque·
1042 2803 1061 2840 ὁ
1079 2807 1102 2841 δ

1138 2808 1244 2845 θεῖος
1264 2806 1414 2861 ῼμηρος

265 2866 340 2888 απο
359 2865 425 2888 του
443 2866 555 2897 τιμην
570 2852 634 2887 καὶ
652 2851 757 2892 κλέος
775 2849 881 2895 ἔσχεν
895 2853 994 2895 πλην
1011 2847 1118 2886 τοῦδ’
1142 2845 1200 2885 ὅτι
1219 2860 1330 2898 χρηστ
1367 2844 1533 2893 ἐδίδαξε,

265 2894 402 2942 τάξεις,
420 2893 567 2941 ἀρετάς,
590 2894 756 2937 ὁπλίσεις
777 2892 947 2940 ἅνδρῶνς
