1722 2964
486 135 901 175 PROTAGORAS.
931 136 976 176 P.
998 137 1078 174 356.
1109 134 1198 171 ST.
1475 129 1558 174 161

126 265 218 309 τοῖς
241 252 434 312 τούτοις,
465 252 540 299 καὶ
563 248 841 333 Ze'ympsv-,‘'
814 269 883 296 οτι
904 247 1146 310 ανθρωπος
1167 245 1350 308 πράττει
1377 274 1437 280 —-
1463 245 1562 296 τότε

128 343 211 383 μεν
235 323 445 381 ἐλέγομεν
467 318 522 367 τὰ
545 316 680 378 κακά,
718 321 805 366 νῦν
829 317 879 364 δὲ
903 318 1103 377 λέγωμεν
1123 315 1178 362 τὰ
1209 313 1374 376 ἀνιαρὰ
1396 314 1562 375 γιγνώ-

129 407 267 447 σκων,
290 408 358 435 οτι
381 385 544 449 ἀνιαρά
567 389 703 445 ἐστιν,
726 384 977 446 ἡττωμενος
997 383 1087 432 υπὸ
1109 386 1202 431 τῶν
1223 382 1394 444 ἡδέων,
1420 386 1558 443 δῆλον
1573 399 1641 434 356

128 457 196 506 ὅτι
231 456 427 512 ἀναξίων
464 454 608 503 ὄντων
637 457 782 501 νικᾶν.
853 455 930 500 καὶ
957 457 1025 508 τίς
1066 450 1179 511 ἄλλη
1218 450 1378 508 ἀναξία
1418 450 1558 513 ἡδονῇ

128 523 238 586 πρὸς
262 523 409 584 λύπην
432 524 554 570 ἐστὶν
577 520 673 569 ἀλλ’
701 518 730 581 ἢ
752 520 981 583 ὑπερβολὴ
1012 518 1219 580 ἀλλήλων
1241 521 1317 567 καὶ
1340 524 1560 578 ἔλλειψις;

126 596 266 640 ταῦτα
291 591 330 638 δ’
361 593 454 639 ἐστὶ
476 596 607 651 μείζω
630 608 678 637 τε
700 591 776 637 καὶ
799 588 1064 650 σμικρότερα
1085 587 1328 648 γιγνόμενα
1352 586 1559 647 ἀλλήλων

127 663 205 708 καὶ
235 664 374 707 πλείω
407 660 482 706 καὶ
514 658 676 706 ἐλάττω
707 659 783 704 καὶ
815 660 1006 738 μᾶλλονῗ
1015 657 1091 703 καὶ
1120 651 1265 716 ἦττον.
1322 660 1365 704 εἰ
1385 654 1470 717 γάρ
1492 673 1560 711 τις

128 730 271 787 λέγοι,
307 747 374 774 οτι
398 726 531 774 Ἀλλὰ
565 724 679 773 πολὺ
704 726 939 785 διαφέρει,
972 726 1007 771 ὠ
1039 723 1301 785 Σώκρατες,
1333 723 1382 771 τὸ
1413 742 1560 785 παρα-

129 800 276 856 χρῆμα
299 794 389 855 ἡδὺ
411 798 490 842 τοῦ
516 799 579 849 εἰς
602 793 680 841 τὸν
710 791 900 854 ὕστερον
923 791 1088 854 χρόνον
1117 794 1193 839 καὶ
1223 791 1355 851 ἡδέος
1377 793 1454 838 καὶ
1477 798 1560 839 λυ-

129 866 290 924 πηροῦ,
314 865 412 923 μῶν
435 861 556 925 ἄλλῳ
572 881 651 924 τῳ,
674 866 816 922 φαίην
839 859 896 908 ἂν
920 866 1075 920 ἔγωγε,
1099 857 1128 919 ἢ
1151 858 1296 921 ἡδονῇ
1320 861 1396 906 καὶ
1414 858 1556 921 λύπῃ;

128 931 184 979 οὐ
215 931 299 991 γὰρ
329 928 430 978 ἔσθ’
458 929 545 976 ὅτω
569 928 703 992 ἄλλῳ.
751 928 850 976 ἀλλ’
880 927 1029 989 ὥσπερ
1061 926 1232 988 ἀγαθὸς
1266 926 1442 975 ἱστάναι
1473 926 1557 975 ἅν-
1583 943 1614 975 Β

217 1063 259 1098 P.
277 1063 356 1097 356.
389 1061 460 1101 τίς
485 1054 603 1105 ἄλλη
628 1055 826 1114 ἀναξία]
852 1060 916 1094 Sic
938 1060 1026 1094 libri
1049 1071 1186 1094 omnes.
1225 1060 1558 1096 Schleiermacher.

126 1120 192 1152 pro
210 1103 354 1149 άναξιά
372 1108 487 1140 scribi
502 1107 622 1140 voluit
637 1101 798 1148 άπαξία.
838 1106 911 1139 Sed
931 1117 1043 1149 quum
1063 1106 1314 1140 intellexisset
1333 1105 1434 1139 istud
1456 1101 1559 1140 άπα-

130 1153 195 1195 ξιά
212 1154 421 1186 Stoicorum
437 1152 603 1185 scholam
617 1151 768 1193 decere,
791 1162 866 1184 non
880 1151 1134 1192 Platonicam,
1163 1154 1296 1195 postea
1313 1154 1457 1184 mutata
1474 1161 1558 1184 sen-

127 1199 248 1232 tentia
265 1192 358 1239 άξία
371 1197 606 1231 scribendum
620 1197 817 1239 iudicavit,
833 1197 944 1240 idque
959 1201 995 1230 et
1008 1197 1254 1230 Stallbaumio
1273 1199 1310 1229 et
1326 1198 1462 1230 ceteris
1481 1196 1557 1230 edi-

130 1244 272 1276 toribus
294 1243 459 1276 omnibus
482 1246 630 1285 praeter
645 1242 896 1275 Heindorfium
919 1246 958 1275 et
980 1242 1125 1275 Astium
1147 1243 1341 1296 probatum
1358 1244 1427 1275 est.
1461 1242 1559 1275 Ante

128 1289 342 1322 Bekkerum
355 1288 552 1331 legebatur
568 1286 626 1326 τίς
641 1281 738 1331 αλλη
755 1282 898 1329 άναξία
914 1282 1059 1330 ἡδονὴ,
1087 1288 1154 1321 sed
1175 1282 1299 1331 ἡδονῇ
1324 1286 1560 1321 scribendum

131 1344 234 1414 εεῗίεῗί
236 1334 450 1367 coniectura
471 1336 714 1377 perspexerat
738 1333 931 1368 Heindorf.
955 1336 993 1367 et
1012 1333 1153 1377 reperit
1167 1333 1330 1366 Bekker.
1352 1333 1392 1366 in
1415 1332 1560 1376 aliquot

129 1390 173 1413 co

130 1463 266 1512 βάνειν
297 1464 344 1501 τά
377 1462 569 1525 ὀνόματα
573 1462 636 1502 ἐπὶ
659 1464 811 1507 τούτοις
878 1468 1054 1511 potuerit.
1114 1467 1250 1510 Itaque
1291 1470 1329 1501 et
1368 1467 1560 1502 Ciceronis

129 1514 269 1546 dictum
306 1517 349 1546 ut
386 1508 455 1546 ἐπί
487 1512 569 1546 τινί
595 1524 632 1546 τι
672 1510 809 1556 εἰπεῖν,

127 1569 290 1592 nomen
327 1558 372 1590 in
404 1558 561 1600 aliqua
593 1568 641 1590 re
681 1558 810 1590 adhi-

127 1604 151 1636 b
163 1614 247 1642 ere,
266 1603 309 1635 de
328 1613 400 1645 qua
416 1603 579 1636 dictione
596 1602 667 1636 vid.
675 1603 810 1635 Hein-

128 1647 244 1680 dorf.
269 1647 316 1680 ad
334 1647 549 1700 Sophistmnp
567 1649 632 1681 237
649 1648 695 1699 D.
722 1647 811 1680 Mox

128 1693 206 1726 dici
220 1696 386 1745 poterat3
402 1691 469 1726 noc).
486 1702 610 1736 ωσπερ
629 1688 714 1726 τότε
732 1687 811 1726 ἕλε’-

127 1748 265 1789 γομεν,
284 1731 344 1770 ὅτι
361 1731 567 1791 ανθρωπος
583 1733 770 1789 πράττει
758 1733 806 1770 τοὶ

127 1778 249 1835 κακά,
282 1777 384 1816 οὕτω
417 1782 489 1816 νῦν
520 1780 707 1834 λέγωμεν,
747 1793 809 1815 οτι

128 1808 288 1870 πράττει
319 1839 367 1860 τα
400 1822 553 1870 άνιαρά.
603 1828 676 1860 Sed
698 1837 810 1869 quum

131 1873 288 1915 abrupto
306 1873 484 1905 sermonis
501 1872 562 1906 filo
567 1873 810 1927 interposue-

129 1918 180 1950 rit
202 1917 311 1950 haec:
351 1913 436 1950 τότε
460 1914 531 1961 μὲν
560 1912 738 1961 ἐλέγομεν
760 1912 809 1950 τοὶ

128 1958 244 2004 κακά,
258 1963 403 1995 ratione
417 1973 542 1995 eorum
553 1963 696 2004 habita,
714 1972 810 2004 quae

130 2017 196 2049 per
217 2007 458 2050 parenthesin
487 2009 684 2040 interiecta
711 2010 809 2046 sunt,

130 2052 264 2085 deinde
297 2053 459 2107 repetito
488 2053 603 2086 verbo
633 2053 810 2095 primario

129 2098 252 2140 pergit
268 2096 340 2131 νῦν
357 2094 401 2131 δὲ
420 2095 598 2149 λέγωμεν.
616 2097 737 2131 Stallb.

176 2142 218 2174 P.
251 2144 330 2175 356.
378 2142 448 2181 τίς
479 2136 595 2186 αλλη
635 2137 810 2184 ἀναξία

129 2181 306 2230 ἡδονῇ]
336 2187 467 2220 Cicero
486 2199 545 2230 ap.
563 2188 746 2221 Priscian.
764 2188 808 2220 V.

132 2233 190 2273 12,
205 2233 250 2264 64
266 2236 305 2265 et
319 2233 382 2265 VI.
401 2234 433 2274 7,
442 2234 485 2266 35
502 2233 598 2265 hunc
615 2233 737 2266 locum
753 2233 809 2266 sic

131 2277 416 2319 interpretatur:
435 2278 541 2318 Quae
557 2278 671 2321 igitur
687 2280 812 2321 potest

132 2331 215 2354 esse
231 2321 434 2375 indignitas
449 2323 656 2365 voluptatis
671 2323 719 2356 ad
735 2333 810 2356 mo-

130 2366 300 2406 lestiam,
334 2367 408 2399 nisi
423 2368 462 2399 in
476 2367 728 2411 magnitudine
746 2370 813 2400 aut

130 2391 364 2454 longitudine
403 2411 558 2445 alterius
595 2413 714 2445 utrius
746 2423 810 2455 po·

129 2457 230 2489 sita?
255 2456 394 2489 Similis
410 2458 669 2500 interpretatio
685 2458 813 2490 Ficini

133 2505 209 2534 est.
243 2502 348 2542 Quae
372 2501 450 2534 alia
470 2502 570 2535 inest
585 2502 634 2536 ad
649 2502 812 2536 dolorem

134 2545 336 2589 indignitas
364 2546 566 2590 voluptati,
598 2557 710 2590 quam
741 2550 812 2582 ete.

133 2590 216 2623 Hoc
242 2592 357 2634 igitur
379 2592 619 2625 manifestum
644 2595 717 2634 est,
750 2593 812 2626 ci-

133 2644 305 2669 ceronem
321 2638 359 2668 in
376 2636 563 2670 codicibus
579 2637 657 2670 suis
673 2637 812 2681 legisse

135 2673 278 2721 ἀναξία
310 2692 466 2724 eamque
488 2693 617 2715 vocem
638 2693 703 2726 pro
726 2683 812 2716 sub·

137 2726 297 2759 stantivo
313 2727 508 2769 habuisse,
525 2737 644 2770 neque
659 2729 738 2761 veri
755 2732 814 2761 est

136 2769 277 2811 simile,
306 2771 410 2805 illius
433 2773 628 2805 scientiam
653 2772 691 2805 id
713 2783 815 2815 pror-

139 2823 202 2846 sus
231 2815 388 2858 fugisse,
420 2828 506 2850 num
532 2812 556 2860 ἡ
582 2812 726 2859 ἀναξία
747 2828 815 2860 per

134 2868 297 2901 graecae
317 2861 466 2905 linguae
483 2863 588 2906 leges
615 2866 716 2896 recte
740 2863 814 2896 dici

203 2924 309 2952 PLAT.
333 2926 440 2953 Pnor.

879 1514 1106 1546 auctoritate
1127 1514 1220 1546 moti
1243 1515 1280 1546 et
1302 1517 1455 1556 propter
1477 1524 1562 1546 sen-

877 1559 1080 1591 tentiarum
1111 1559 1245 1591 seriem
1276 1559 1438 1591 omnium
1461 1558 1561 1591 codi-

878 1613 961 1636 cum
982 1603 1183 1636 lectionem
1206 1603 1429 1637 servandam
1457 1603 1562 1636 duxi-

877 1659 973 1681 mus.
1022 1648 1141 1681 Recte
1181 1649 1279 1681 enim
1310 1649 1414 1682 Astio
1454 1659 1563 1693 prae·

878 1704 1008 1745 gressa
1023 1693 1092 1726 illa
1110 1687 1182 1726 οὐκ
1196 1688 1354 1748 άξίων”
1333 1704 1467 1736 οντων,
1485 1697 1564 1727 tum

877 1733 976 1771 κατὰ
995 1738 1036 1771 τί
1050 1734 1192 1779 ἀνάξια
1209 1734 1369 1782 wycam}
1393 1738 1469 1773 τῶν
1492 1750 1563 1772 κα-

877 1782 970 1826 κῶν,
987 1783 1145 1835 denique
1157 1784 1322 1835 proxime
1338 1784 1564 1827 praeceden-

878 1829 934 1860 tia
973 1822 1144 1881 ἀναξίων
1180 1822 1305 1862 ὄντων
1336 1828 1451 1863 νικᾶν
1489 1840 1565 1863 non

878 1868 991 1916 ἀξία,
1010 1873 1076 1906 sed
1091 1868 1236 1915 άναξία
1252 1874 1444 1916 postulare
1459 1874 1566 1908 vide-

877 1918 1027 1959 bantur,
1061 1929 1175 1961 quam
1204 1929 1336 1952 vocem
1366 1919 1497 1962 Plato,
1530 1921 1566 1953 si

878 1974 952 1996 non
984 1964 1150 2005 exstitit,
1182 1974 1343 1998 novasse
1376 1964 1564 2007 putandus

881 2013 955 2047 e‚st
987 2012 1029 2041 ut
1059 2019 1134 2042 non
1154 2019 1297 2052 paucas
1320 2010 1431 2052 fecit,
1465 2021 1562 2053 quae

877 2053 1027 2096 vulgari
1044 2064 1113 2086 usu
1130 2064 1206 2087 non
1220 2065 1306 2088 rece
1335 2058 1399 2088 tae
1417 2059 1517 2089 sunt.

924 2098 1078 2131 ταῦτα
1096 2094 1136 2132 δ’
1154 2094 1309 2133 ἐστὶ-
1351 2099 1477 2134 ταῦτα
1494 2102 1519 2137 i.
1530 2112 1564 2134 e.

878 2138 1169 2198 ὑπερβάλλοντα
1213 2143 1282 2179 καὶ
1324 2140 1563 2179 ἐλλείποντα.

878 2183 959 2222 ἐστὶ
981 2189 1048 2221 int.
1073 2185 1120 2222 τὰ
1141 2185 1237 2233 ἡδέα
1256 2200 1297 2223 τε
1319 2189 1387 2223 καὶ
1405 2185 1560 2234 άνιαρά.

877 2233 1064 2267 Adverbia
1077 2234 1223 2278 μᾶλλον
1236 2233 1303 2268 καὶ
1316 2227 1432 2278 ἦττον
1445 2237 1565 2279 signi-

877 2278 992 2312 ficant
1028 2280 1079 2312 im
1116 2280 1259 2312 h'dhern
1295 2280 1372 2313 und
1408 2281 1565 2316 niedern

879 2324 1020 2357 Grade.
1046 2324 1251 2366 eademque
1269 2326 1414 2360 ratione
1433 2328 1563 2362 crebro

877 2379 961 2402 cum
1000 2369 1197 2402 adiectivis
1236 2371 1479 2413 copulantur,
1525 2384 1562 2407 v.

875 2414 989 2456 Hipp.
1005 2415 1036 2447 I.
1055 2425 1090 2456 Ρ.
1108 2416 1175 2448 299
1191 2416 1238 2448 D.
1255 2415 1447 2453 Phaedon.
1463 2429 1500 2461 p.
1518 2421 1562 2453 93

877 2459 921 2494 Β.
942 2459 1090 2492 Phileb.
1108 2470 1143 2501 p.
1160 2461 1203 2492 41
1222 2459 1263 2494 O.

924 2498 973 2536 τὸ
1021 2504 1308 2549 παραχρῆμα
1344 2501 1436 2549 ἡδὺ
1480 2507 1566 2541 τοῦ

878 2547 947 2591 —J
974 2549 1209 2583 Heusdius
1226 2550 1335 2594 Spec.
1355 2551 1449 2585 crit.
1468 2563 1503 2595 p.
1522 2554 1566 2587 77

878 2597 962 2636 post
983 2589 1064 2636 ἡδύ
1082 2594 1168 2627 addi
1182 2595 1264 2629 vult
1288 2594 1356 2629 καὶ
1379 2593 1564 2641 λυπηρόν,

877 2649 951 2680 quo
991 2641 1184 2673 sententia
1214 2641 1330 2684 plena
1370 2642 1564 2685 efficiatur,

880 2683 946 2716 sed
960 2684 1081 2717 facile
1098 2684 1138 2717 id
1155 2687 1385 2728 cogitatione
1403 2688 1568 2731 suppleri

878 2731 1025 2780 potest,
1036 2739 1077 2762 v.
1096 2740 1181 2763 ann.
1201 2730 1248 2763 ad
1264 2742 1300 2774 Ρ.
1319 2733 1383 2764 331
1402 2732 1446 2766 E.

926 2774 968 2806 B.
993 2782 1146 2819 ωσπερ
1174 2770 1359 2819 άγαθός
1378 2773 1570 2812 ιστάναι

881 2816 947 2862 -]
980 2819 1058 2851 sed
1083 2820 1227 2853 sicuti
1250 2821 1377 2854 homo
1401 2822 1569 2866 ponde-

882 2863 1012 2897 randi
1043 2866 1246 2906 peritus,
1281 2866 1340 2900 iis
1364 2877 1476 2910 quae
1500 2870 1571 2902 iu-

1248 2921 1356 2962 11·
