1676 2938
457 187 703 230 GORGIAS.
732 188 777 228 P.
810 190 903 228 514.
935 190 1028 228 515.
1058 187 1119 228 ed.
1150 187 1208 228 St.
1430 190 1510 226 305

158 299 464 350 ίδιωτεύοντος,
500 297 605 353 πρὶν
630 298 899 353 δημοσιεύειν
927 297 1172 354 ἐπιχειρεῖν;
1214 297 1353 339 ΚΑΛ.
1388 297 1513 339 Φιλό-

156 381 297 415 νεικος
327 361 376 417 εἶ,
408 360 441 407 ὦ
469 365 703 419 Σώκρατες.

243 432 349 492 Cap.
379 431 548 475 LXXI.
608 432 706 472 ΣΩ.
750 425 852 471 Ἀλλ’
895 430 949 472 οὐ
993 429 1235 485 φιλονεικίᾳ
1270 442 1319 483 γε
1357 426 1512 482 ἐρωτῶ,

158 500 245 541 ἀλλ’
275 500 332 549 ὡς
359 499 535 552 άληθῶς
562 496 828 552 βουλόμενος
852 494 1021 545 εἰδέναι,
1052 492 1201 538 ὅντινά
1228 509 1330 537 ποτε
1350 494 1514 548 τρόπον

157 565 236 607 οἴει
263 565 355 607 δεῖν
381 566 683 607 πολιτεύεσθαι
722 561 768 605 ἐν
795 562 911 617 ἡμῖν.
951 557 978 615 ἧ
1017 563 1152 603 ἄλλον
1188 576 1268 603 του
1305 563 1390 614 α”ρα
1429 558 1514 602 ἐπι-

156 632 324 686 μελήσει
359 630 464 685 ἡμῖν
514 629 656 672 ἐλθὼν
703 627 770 670 ἐπὶ
810 628 860 669 τὰ
899 633 974 682 τῆς
1019 627 1182 677 πόλεως
1218 627 1447 681 πράγματα
1485 622 1514 680 ἢ
1546 622 1582 666 C

158 693 275 746 ὅπως
313 694 337 738 ὅ
375 711 415 737 τι
454 693 662 750 βέλτιστοι
701 694 774 748 [οἱ]
802 695 972 735 πολῖται
1002 688 1115 747 ὦμεν
1125 711 1136 743 ,·
1173 691 1203 747 ἦ
1231 690 1285 734 οὐ
1311 693 1516 741 πολλάκις

156 762 238 817 ἤδη
279 762 614 816 ὡμολογήκαμεν
650 765 781 803 τοῦτο
819 759 910 801 δεῖν
937 759 1138 813 πράττειν
1178 760 1256 800 τὸν
1295 756 1516 801 πολιτικὸν

156 828 318 881 ἄνδρας
348 827 694 883 ὡμολογήκαμεν,
723 822 751 879 ἢ
773 829 847 876 οὕς
871 824 1123 878 ἀποκρίνου.
1140 819 1514 879 “Ωμολογήκαμεν’

158 892 240 947 ἐγὼ
268 892 375 947 ὑπὲρ
403 898 485 936 σοῦ
514 894 842 947 ἀποκρινοῦμαι.
900 891 956 932 Εἰ
982 891 1133 932 τοίνυν
1169 897 1298 932 τοῦτο
1337 890 1404 932 δεῖ
1438 890 1516 931 τὸν

157 959 328 1012 ἀγαθὸν
357 959 494 1013 ἄνδρα
520 959 857 1012 παρασκευάζειν
884 963 935 1012 τῇ
965 955 1124 999 ἑαυτοῦ
1153 957 1292 1006 πόλει,
1330 962 1415 998 νῦν
1443 971 1516 1010 μοι

156 1025 447 1079 ἀναμνησθεὶς
486 1024 574 1067 εἰπὲ
611 1024 706 1078 περὶ
744 1023 919 1066 ἐκείνων
956 1025 1042 1065 τῶν
1079 1023 1252 1077 ἀνδρῶν
1292 1014 1354 1064 ὧν
1383 1021 1516 1079 ὀλίγῳ

156 1090 367 1144 πρότερον
404 1088 561 1144 ἔλεγες,
610 1090 646 1131 εί
686 1087 746 1131 ἔτι
784 1101 853 1131 σοι
897 1089 1105 1131 δοκοῦσιν
1149 1086 1312 1142 ἀγαθοὶ
1348 1091 1517 1130 πολῖται

157 1153 403 1210 γεγονέναι,
459 1158 670 1210 Περικλῆς
719 1155 792 1197 καὶ
847 1155 1001 1209 Κίμων
1049 1153 1120 1196 καὶ
1160 1154 1401 1208 Μιλτιάδης
1445 1153 1517 1196 καὶ
1546 1159 1589 1201 D

165 1223 461 1276 Θεμιστοκλῆς.
522 1223 658 1263 ΚΑΛ.
682 1216 868 1276 ’Έμοιγε
926 1221 1029 1262 Σῼ.
1063 1220 1240 1262 Οὐκοῦν
1267 1220 1385 1272 εἴπερ
1414 1220 1516 1274 α’γα-

157 1288 247 1338 θοί,
269 1288 400 1342 δῆλον
424 1283 489 1328 ὅτι
508 1284 684 1336 ἕκαστος
704 1286 850 1328 αὐτῶν
869 1286 1062 1340 βελτίους
1078 1284 1210 1327 ἐποίει
1224 1285 1327 1335 τοὺς
1342 1286 1517 1335 πολίτας

157 1352 252 1394 ἀντὶ
283 1353 500 1407 χειρόνων.
536 1350 678 1403 ἐποίει,
709 1349 738 1406 ἢ
768 1354 841 1402 οὕς
885 1353 1021 1393 ΚΑΛ.
1058 1351 1160 1393 Ναί.
1203 1353 1307 1393 ΣΩ.
1341 1347 1517 1394 Οὐκοῦν

157 1543 248 1586 quod
281 1555 347 1577 om.
377 1544 496 1577 Clark.
526 1544 603 1576 Vat.
635 1543 742 1576 Coisl.
775 1543 878 1575 Vind.
912 1541 942 1575 1.
970 1541 1002 1576 6.
1035 1544 1112 1575 Par.
1145 1543 1382 1577 CEFIVW.
1421 1543 1515 1577 Flor.

157 1600 187 1622 a.
212 1591 244 1622 b.
269 1599 299 1622 c.
323 1589 355 1622 d.
378 1590 402 1622 f.
426 1601 461 1624 x.
486 1589 631 1622 Videtur
653 1594 764 1621 ortum
790 1600 834 1621 ex
858 1588 1077 1643 glossemate.

224 1629 246 1677 ἦ
271 1632 398 1668 ἄλλου
430 1646 501 1667 του
533 1632 638 1678 ἄρα]
672 1634 770 1667 Libri
793 1645 911 1667 omnes
945 1631 965 1678 ἦ
988 1631 1091 1666 ἄλλου
1117 1645 1178 1666 του
1203 1631 1292 1676 ἄρα,
1325 1634 1417 1676 quod
1446 1644 1515 1667 ser-

157 1681 253 1712 vavit
275 1681 392 1713 Herm.
402 1679 639 1736 '’Heindorfius
662 1680 817 1723 scripsit:
844 1679 885 1712 ἐν
910 1677 1004 1723 ἡμῖν.
1029 1672 1050 1722 ἦ
1075 1676 1178 1712 ἄλλου
1205 1691 1264 1712 του
1289 1676 1359 1721 ἄρα
1383 1699 1427 1704 -
1451 1692 1515 1712 πο-

156 1726 240 1758 λῖται
258 1719 370 1765 ὦμεν·
397 1723 417 1768 ἢ
434 1723 478 1758 οὐ
495 1724 652 1759 πολλάκις
668 1738 696 1758 κ.
714 1738 738 1757 τ.
756 1726 782 1758 λ.
831 1725 1170 1758 Schleiermacherus
1196 1729 1230 1757 et
1246 1725 1428 1758 Bekkerus
1453 1736 1514 1769 pro

156 1768 178 1815 ἢ
200 1772 423 1805 restituerunt
454 1770 488 1804 εἰ
516 1771 558 1804 de
588 1772 809 1811 coniectura,
840 1771 960 1803 invitis
993 1770 1091 1803 codd.
1116 1770 1317 1804 Articulum
1348 1774 1429 1804 ante
1454 1783 1516 1803 πο-

158 1817 243 1848 λῖται
267 1827 344 1849 cum
369 1817 569 1860 Hirschigio
594 1821 632 1850 ut
654 1820 855 1860 suspectum
878 1816 1087 1849 notavimus.

227 1884 270 1916 D.
318 1882 478 1922 ἐποίει,
518 1881 539 1927 ἢ
575 1881 642 1923 οὔ,·
686 1884 814 1918 ΚΑΛ.
851 1883 964 1927 Ναί.]
1013 1885 1079 1916 Pro
1119 1882 1195 1916 Ναί
1221 1883 1327 1928 vulgo
1351 1883 1518 1927 repetitur

161 2065 204 2096 D.
266 2062 493 2097 Proverbium
532 2063 573 2096 ἐν
614 2068 658 2108 τῷ
704 2066 801 2107 πίθῳ

160 2106 222 2151 τὴν
245 2111 434 2150 κεραμειάν
463 2121 543 2149 μαι
525 2098 662 2142 θάνειν
693 2109 735 2142 de
758 2111 802 2142 iis

160 2144 229 2187 dici
257 2155 415 2195 solitum,
454 2155 512 2197 qui
549 2166 617 2198 neg
618 2155 717 2188 lectis
750 2165 802 2188 ar-

161 2200 247 2231 tium
289 2199 485 2242 primordiis
522 2167 638 2234 statigm
678 2201 801 2233 diffici-

871 2065 1057 2097 curabis
1103 2068 1144 2097 et
1185 2064 1422 2108 spectabis
1466 2064 1515 2098 ad

870 2109 1205 2152 rempublicam
1275 2121 1515 2154 aggressus

870 2155 958 2187 nisi
982 2155 1062 2188 hoc
1086 2157 1177 2189 etc.‘?
1202 2156 1357 2188 Annon
1382 2166 1515 2199 saepe

869 2201 989 2233 inter
1027 2212 1106 2234 nos
1143 2202 1362 2235 convenit
1394 2201 1515 2234 istud

160 2245 248 2277 Iiora
279 2245 544 2289 aggrediuntur,
581 2248 696 2290 attigit
734 2247 800 2279 Ze·

161 2289 321 2323 nobius
351 2290 448 2323 Ceut.
479 2291 549 2332 ΙΙΙ,
577 2291 632 2325 63.
678 2293 800 2324 Eras-

161 2346 253 2368 mus
276 2336 410 2379 Adagg.
442 2346 474 2378 p.
498 2335 575 2369 227.
601 2337 652 2370 ed.
676 2338 801 2370 Franc.

161 2381 304 2424 Legitur
342 2383 446 2413 etiam
484 2381 625 2416 Lachet.
658 2394 690 2426 p.
725 2382 799 2416 187.

161 2427 213 2468 Β.,
237 2426 298 2459 ubi
321 2437 353 2459 v,
379 2426 488 2459 schol.

207 2516 291 2559 Cap.
315 2516 439 2549 LXXI.
464 2517 503 2549 P.
527 2515 603 2550 515.
628 2517 667 2548 Β.
701 2516 802 2550 δεῖν

162 2561 480 2595 πολιτεύεσθαι
505 2560 552 2593 ἐν
576 2559 691 2605 ἡμῖν]
709 2574 802 2605 quo-

161 2607 287 2640 modo
323 2606 500 2640 tandem
540 2617 722 2640 censeas
763 2613 802 2640 te

161 2652 477 2695 rempublicam
498 2652 611 2695 apud
633 2664 711 2686 nos
736 2654 802 2686 ad-

161 2698 413 2731 ministrare
445 2701 658 2741 oportere.
697 2699 802 2731 Num

161 2743 304 2786 igitur
349 2743 471 2776 aliud
527 2743 630 2786 quid
674 2744 803 2778 nobis

199 2810 270 2837 Plat.
287 2810 360 2844 opp.
378 2811 446 2838 Vol.
459 2811 497 2837 Π.
515 2809 589 2837 Sect.
606 2811 629 2838 Ι.

869 2257 997 2289 agere
1036 2253 1242 2290 oportere
1285 2248 1424 2280 virum
1464 2248 1516 2279 ci-

869 2292 1029 2324 vilem?

916 2382 954 2414 C.
1002 2376 1062 2415 ὦν
1106 2379 1240 2426 ὀλίγῳ
1288 2380 1515 2424 πρότερον

871 2427 1034 2472 ἔλεγες]
1059 2429 1098 2462 Ρ.
1124 2426 1200 2462 503.
1227 2427 1264 2460 C.

917 2517 1136 2561 Περικλῆς
1159 2518 1229 2550 καὶ
1247 2515 1413 2561 Κίμων]
1430 2517 1516 2550 Sub-

870 2564 1000 2596 iectum
1022 2574 1093 2596 non
1117 2564 1302 2605 primariae
1326 2562 1516 2595 sententiae

870 2609 960 2652 parti
995 2608 1291 2642 accommodatum
1304 2633 1312 2648 ,
1360 2608 1420 2640 sed
1466 2619 1516 2639 se-

871 2654 1069 2687 cundariae.
1093 2654 1161 2686 vid.
1182 2654 1226 2687 ad
1250 2653 1397 2696 Apolog.
1422 2653 1515 2685 Socr.

870 2710 902 2742 p.
931 2698 987 2732 41.
1017 2700 1059 2732 A.
1096 2700 1329 2733 Matthiae.
1364 2698 1515 2731 Gramm.

871 2746 903 2786 ᾖ.
927 2742 1004 2778 474.
1029 2745 1068 2777 Β.

1201 2810 1246 2845 20
