1722 2964
525 45 946 84 PROTAGORAS.
978 46 1020 84 P.
1043 49 1112 83 358
1140 46 1223 82 ετ.
1516 40 1598 84 167

169 170 273 212 τίω·
306 163 412 211 οὐδὲ
434 162 482 210 τὸ
506 161 620 222 ἥττω
646 161 760 209 εἶναι
784 159 920 208 αὑτοῦ
944 158 1052 207 ἄλλο
1075 179 1116 206 τι
1139 157 1256 206 τοῦτ’
1288 160 1408 206 ἐστὶν
1431 156 1458 218 ἢ
1483 157 1600 218 ἀμα-

170 239 276 289 θία,
309 231 415 279 οὐδὲ
447 236 629 289 κρείττω
660 231 821 277 ἑαυτοῦ
853 227 962 275 ἄλλο
992 247 1033 275 τι
1064 226 1092 287 ἢ
1125 232 1272 286 σοφία.
1347 225 1598 274 Συνεδόκει

172 303 291 347 πᾶσι.
369 306 424 348 Τί
462 300 512 345 δὲ
551 297 630 358 δή;
677 294 880 357 ἀμαθίαν
911 290 997 357 ἆρα
1027 295 1076 342 τὸ
1117 293 1291 342 τοιόνδε
1329 295 1500 353 λέγετε,
1549 294 1597 341 τὸ

171 371 316 427 ψευδῆ
341 372 459 427 ἔχειν
483 365 616 422 δόξαν
639 366 714 412 καὶ
738 367 958 420 ἐψεῦσθαι
981 366 1191 424 περὶτῶν
1214 361 1485 423 πραγμάτων
1508 366 1600 408 τῶν

171 438 337 483 πολλοῦ
370 434 528 491 ἀξίων;
560 435 650 481 Καὶ
673 436 802 480 τοῦτο
834 435 942 479 πᾶσι
966 430 1211 479 συνεδόκει.
1257 429 1392 478 ’Ἄλλο
1423 450 1466 477 τι
1497 424 1597 488 οὖν,

171 509 285 562 ἔφην
310 502 417 562 ἐγώ,
454 505 530 549 ἐπί
549 521 598 561 γε
629 500 681 548 τὰ
705 500 818 551 κακὰ
842 499 989 554 οὐδεὶς
1015 499 1129 547 έκων
1161 505 1357 559 ἔρχεται,
1392 497 1498 546 οὐδὲ
1523 499 1597 544 ἐπὶ

172 569 198 616 ὁὶ
223 579 360 618 οἰέται
384 570 497 617 κακὰ
523 570 660 627 εἶναι,
702 566 798 616 οὐδ’
829 573 922 615 ἔστι
952 571 1103 626 τοῦτο,
1147 566 1205 622 ὥς
1231 573 1397 625 ἔοικεν,
1441 569 1490 613 ἐν
1514 564 1597 612 ἆν-

170 638 358 697 θρώπου
381 637 538 698 φύσει,
573 639 645 684 ἐπὶ
668 635 695 683 ἃ
719 644 857 684 οἴεται
881 635 994 682 κακοὶ
1019 637 1133 683 εἶναι
1158 637 1332 682 ἐθέλειν
1357 636 1472 681 ἰέναι
1495 632 1596 680 ἀντὶ

168 710 256 752 τῶν
280 706 487 765 ἀγαθῶν·
520 705 627 752 ὅταν
658 725 706 752 τε
729 703 994 764 ἀναγκασθῇ
1028 708 1158 751 δυοῖν
1181 708 1339 750 κακοῖν
1361 701 1409 749 τὸ
1443 705 1596 762 ἕτερον

169 778 419 834 αἱρεῖσθαι,
452 773 601 827 οὐδεὶς
633 772 681 819 τὸ
714 778 862 832 μεῖζον
893 771 1143 832 αἱρήσεται,
1187 771 1286 826 ἐξὸν
1316 769 1365 817 τὸ
1398 774 1594 817 ἔλαττον.

157 841 356 889 ε’Ἀπαντα
394 845 532 888 ταῦτα
563 839 796 888 συνεδόκει
837 839 1004 886 ἅπασιν
1042 838 1169 899 ἡμῖν,
1240 844 1298 886 Τί
1325 832 1429 895 οὗνς
1478 843 1595 897 ἔφην

171 908 279 968 ἐγώ,
311 911 487 956 καλεῖτέ
507 929 546 955 τι
580 911 678 963 δέος
702 910 776 954 καὶ
800 907 966 967 φόβον;
999 910 1074 954 καὶ
1100 901 1184 968 ἆρα
1209 905 1318 967 ὅπερ
1345 904 1431 966 ε’γιό
1465 905 1596 966 (πρὸς

261 1065 301 1096 C.
335 1064 420 1098 τῶν
452 1075 506 1097 πο
519 1063 622 1097 nos,
655 1058 679 1096 οἳ
692 1063 768 1104 ξίω
778 1061 819 1107 ν]
856 1062 982 1105 Steph.
1016 1062 1083 1096 τοῦ
1116 1061 1259 1095 πολλοῦ
1292 1056 1429 1104 ἀξίων,
1463 1064 1598 1095 contra

169 1110 274 1142 fidem
294 1110 472 1142 codicum.
505 1109 598 1142 Nam
615 1109 685 1142 soli
701 1109 798 1142 Flor.
817 1110 853 1143 b.
869 1119 900 1141 ο.
918 1108 1037 1141 Paris.
1055 1109 1085 1140 E
1103 1108 1170 1141 τοῦ
1188 1108 1365 1150 seriptum
1383 1107 1568 1140 exhibent.

261 1167 306 1198 D.
337 1159 534 1198 Ἀπαντα
557 1163 707 1198 ταῦτα
731 1159 1005 1208 συνεδόκει]
1039 1164 1160 1206 Vulgo
1186 1163 1272 1196 olim
1297 1162 1495 1205 συνδοκεῖ,
1526 1161 1593 1196 sed

171 1205 366 1244 συνεδόκει
383 1211 525 1252 recepit
540 1210 733 1243 Heindorf.
751 1221 769 1242 e
787 1210 913 1242 Bas 2.
933 1212 970 1242 et
986 1209 1168 1252 praebent
1185 1208 1404 1242 codd.Vind.
1423 1209 1592 1242 etVat.t.

261 1263 444 1300 καλεῖτέ
475 1277 518 1299 τι
539 1263 666 1310 δέος]
701 1266 807 1299 Libri
837 1266 990 1300 καλεῖτε
1023 1263 1129 1307 δέος,
1164 1264 1229 1298 sed
1251 1276 1287 1298 τι
1311 1264 1355 1298 de
1381 1266 1598 1299 coniectura.

170 1311 360 1345 Heindorfi
377 1311 515 1344 addunt
532 1311 688 1345 editores
705 1315 788 1355 post
804 1311 1016 1344 Bekkerum
1033 1320 1169 1344 omnes.

918 1420 982 1465 δέ;
1006 1418 1191 1476 ε’πτίπεδον
1207 1424 1337 1462 καλεῖς
1355 1434 1410 1466 τι,
1429 1420 1504 1456 ’καὶ
1522 1418 1605 1456 ἕτε-

917 1480 984 1512 ρον
1009 1480 1059 1502 αυ
1083 1463 1263 1511 στερεόν;
1302 1468 1395 1502 Ibid.
1420 1479 1456 1511 p.
1481 1468 1524 1501 ⁷5
1548 1468 1604 1500 E:

219 1424 258 1456 C.
291 1417 390 1456 οὐδ’
426 1420 522 1457 ἔστι
555 1424 692 1457 τοῦτο
722 1441 768 1448 —-
801 1418 847 1457 έν

173 1463 428 1512 ἀνθρώπου
480 1464 649 1513 φύσει]
703 1479 847 1512 neque

171 1514 252 1546 hoc
282 1517 475 1547 naturae
507 1514 699 1547 hominis
732 1515 847 1547 insi-

171 1561 259 1591 tum
283 1562 368 1592 est:
401 1559 487 1591 und
511 1569 557 1591 es
580 1559 698 1602 liegt
721 1559 847 1592 nieht

170 1604 214 1635 in
259 1603 335 1636 der
375 1604 722 1637 menschliehen
760 1605 847 1638 Na-

170 1651 254 1682 tur.
647 1662 649 1664 ·

216 1694 261 1727 D.
304 1688 425 1727 εἶναι
465 1688 655 1727 ἐθέλειν
697 1691 845 1736 ἰέναι]

170 1737 379 1771 Infinitivos
398 1738 507 1771 Plato
533 1739 703 1771 similiter
726 1750 849 1772 cumu-

171 1783 264 1816 lavit
287 1782 331 1815 de
355 1784 445 1826 Leg.
470 1794 505 1826 p.
523 1785 589 1817 693
612 1785 665 1816 D:
699 1780 850 1827 ἔμελλες

173 1825 298 1872 λέγειν
321 1826 405 1861 δεῖν
430 1825 683 1872 στοχάζεσθαι
703 1823 770 1862 τὸν
787 1839 847 1862 νο-

170 1870 359 1916 μοθέτην.

219 1912 329 1951 ἀντὶ
358 1917 444 1951 τῶν
476 1912 688 1962 ἀγαθῶν]
722 1919 849 1952 Brevi-

172 1966 230 1996 ter
253 1963 322 1995 hoe
345 1962 482 1995 dictum
505 1975 570 2006 pro
593 1958 680 1997 ἀντὶ
702 1963 770 1997 τοῦ
796 1960 848 1998 ἰέ-

172 2019 238 2041 ναι
262 2002 324 2040 έπὶ
348 2003 394 2041 τὰ
420 2003 567 2051 ἀγαθοὶ.
600 2009 645 2042 of.
670 2021 703 2052 p.
722 2010 787 2042 317
805 2009 845 2042 Β.

172 2055 240 2086 330
258 2052 297 2085 C.
344 2053 489 2086 Phileb.
515 2065 549 2097 p.
566 2054 611 2087 34
628 2054 675 2086 C:
708 2053 773 2087 ἵνα
795 2065 848 2098 πῃ

174 2093 395 2150 τῆν’-ψυχῆς
417 2092 564 2142 ἡδονὴν
587 2097 698 2154 χ’ωρὶς
725 2093 850 2141 σώμα-

173 2153 238 2194 τος
254 2153 274 2175 ο
288 2153 324 2175 τι
334 2144 498 2186 μαλιστα
515 2142 582 2177 καὶ
594 2141 852 2188 εναργέστατα

176 2186 374 2230 λαβοιμεν,
394 2187 418 2222 i.
432 2199 463 2223 e.
482 2187 594 2232 χωρὶς
611 2188 678 2232 τῆς
697 2188 763 2222 τοῦ
782 2185 852 2222 σώ-

176 2242 306 2274 ματος.
340 2233 434 2265 Ibid.
453 2244 489 2275 p.
506 2237 548 2266 41
568 2234 613 2267 C:
639 2229 783 2268 οὐκοῦν
807 2229 849 2267 τὸ

174 2273 245 2320 μὲν
273 2271 492 2328 ἐπιθυμοῦν
515 2270 564 2322 ἦν
590 2274 614 2323 ἡ
643 2275 748 2335 ψυχῇ
779 2278 854 2313 τῶν

176 2321 244 2355 τοῦ
286 2331 456 2365 σωματος
501 2318 683 2358 ἐναντίων
723 2323 851 2367 εξεων,

176 2368 200 2401 i.
220 2377 250 2398 e.
283 2366 358 2400 τῶν
381 2362 567 2402 ἐναντίων
590 2369 666 2403 τῶν
689 2369 757 2403 τοῦ
783 2365 852 2403 σιό·

175 2422 294 2454 ματος
326 2408 452 2453 ἕξεων.
506 2413 628 2457 Symp.
661 2425 695 2457 p.
719 2416 786 2448 218
807 2415 851 2450 E.

175 2458 233 2489 De
246 2457 336 2498 Rep.
356 2457 453 2490 VIII.
472 2469 507 2500 p.
521 2460 588 2492 554
600 2460 645 2491 D.
663 2460 849 2495 Lucian.

176 2501 290 2535 Diall.
303 2503 414 2535 Deor.
432 2502 550 2545 XXII,
571 2505 608 2536 1:
628 2499 709 2537 εἶτα
727 2504 767 2538 τί
778 2515 852 2538 πα-

176 2546 306 2599 θοῦθσα
335 2541 462 2591 ἐκείνη
491 2542 579 2582 ἄντ’
604 2544 696 2592 ἐμοῦ
727 2544 851 2594 τράγῳ

176 2600 219 2625 σε
241 2602 376 2641 ομριον
400 2589 548 2635 ἔτεκεν;
570 2594 595 2625 i.
615 2605 645 2628 e.
671 2588 757 2628 α’ντὶ
781 2594 849 2628 τοῦ

179 2631 262 2679 ἐμοὶ
278 2631 413 2679 ὅμοιόν
431 2647 472 2671 σε
489 2638 644 2673 τίκτειν.
663 2639 782 2673 Stanb.

223 2679 410 2716 καλεῖτέ
444 2695 487 2716 τι
519 2680 626 2723 δέος
657 2682 736 2718 καὶ
769 2680 852 2727 φό-

179 2723 303 2770 βους]
329 2728 391 2760 Sic
413 2739 447 2771 p.
466 2729 532 2762 332
555 2729 604 2761 A:
626 2723 852 2773 ἀφροσύνην

179 2779 217 2802 τι
243 2773 391 2815 καλεῑςς
431 2773 577 2806 Menon.
604 2785 638 2817 p.
664 2777 707 2808 76
730 2774 781 2807 A:
815 2774 854 2809 τί

918 1509 1016 1547 ἀλλὰ
1034 1508 1081 1547 σύ
1106 1511 1147 1557 γέ
1164 1524 1239 1547 που
1256 1515 1387 1552 καλεῖς
1409 1507 1602 1556 πεπεράν-

916 1559 991 1593 θαι
1009 1570 1044 1592 τι
1062 1557 1128 1592 καὶ
1145 1556 1478 1611 τετελευτηκέναις
1503 1557 1602 1593 Ibid.

916 1604 1602 1693 Ξξκῗῗὴῖοὲιοῖῗῗηρῖῗὲἶηεέἔέῃῗὲἦῗὲ

920 1695 959 1728 C.
994 1694 1134 1737 Cratyl.
1163 1706 1197 1737 p.
1223 1696 1288 1728 399
1311 1695 1358 1728 D.
1396 1696 1462 1727 421
1486 1694 1528 1727 A.
1564 1696 1604 1727 et

918 1739 1044 1772 multis
1077 1740 1163 1772 aliis
1194 1739 1300 1772 locis.
1357 1739 1502 1772 Deinde
1537 1749 1601 1772 ex-

918 1787 1083 1827 spectes:
1124 1783 1362 1827 προσδοκίαν
1402 1780 1474 1828 γάρ
1507 1795 1597 1818 τινα

921 1827 1028 1873 λέγω.
1077 1829 1149 1862 Sed
1172 1824 1382 1863 ἀσύνδετον
1410 1830 1480 1862 hoe
1504 1828 1598 1862 nihil

918 1875 1034 1908 habet
1050 1874 1276 1909 offensionis,

967 1919 1061 1953 εἴτε
1093 1914 1239 1963 φόβον
1272 1919 1366 1954 εἴτε
1399 1917 1508 1959 δέος
1539 1917 1602 1998 ιι]

917 1965 1171 1998 Ammonius
1186 1963 1385 2004 ε.ν.Δεός’
1404 1962 1519 2004 Δέος
1532 1976 1584 1998 κα

960 2004 1066 2054 όβος
1089 2007 1283 2053 διαφέρει.
1323 2007 1419 2049 Δέος
1442 2007 1512 2053 μὲν
1529 2005 1602 2054 γάρ

941 2065 1000 2088 στι
1039 2050 1294 2099 πολυχρόνιος
1333 2055 1456 2089 κακοῦ
1505 2049 1604 2088 ὑπό-

921 2108 1026 2134 νοια·
1069 2094 1189 2144 φόβος
1229 2098 1272 2134 δὲ
1311 2097 1335 2144 ἡ
1376 2100 1602 2144 παραυτίκα

919 2140 1090 2198 πτόῃσις.
1126 2142 1261 2189 διόπερ
1272 2140 1477 2188 εΗρόδοτος
1495 2140 1535 2179 ἐν
1553 2144 1600 2198 τῇ

921 2201 1079 2235 τεταρτῃ
1097 2190 1143 2232 (c.
1164 2191 1260 2233 115),
1272 2186 1414 2234 “Ημέας
1433 2187 1510 2234 ἔχει
1528 2201 1604 2233 φο·

921 2235 986 2279 βος
1003 2246 1043 2269 τε
1059 2234 1126 2268 καὶ
1145 2233 1243 2274 δέος.
1287 2236 1359 2269 Sed
1375 2235 1445 2269 hoe
1468 2235 1604 2269 discri-

919 2292 1004 2314 men
1027 2291 1139 2323 saepe
1162 2281 1375 2336 negligitur.
1415 2281 1533 2324 Legg.
1554 2282 1598 2315 V.

919 2338 954 2369 p.
979 2327 1044 2359 746
1062 2326 1110 2358 E:
1141 2320 1214 2359 οὐδ
1256 2328 1386 2359 εκεῖνα
1410 2323 1598 2369 φοβητέα,

920 2370 1105 2404 δείσαντα
1137 2366 1209 2414 τὴν
1241 2366 1412 2412 δόξασαν
1440 2389 1488 2395 -
1515 2380 1600 2414 σμι-

919 2415 1135 2458 κρολογίαν.
1183 2417 1239 2450 Ib.
1273 2417 1355 2450 V11.
1387 2428 1422 2459 p.
1452 2418 1519 2450 819
1548 2416 1599 2448 A:

921 2459 1117 2515 φοβοῦμαι
1134 2457 1204 2504 μὲν
1215 2459 1282 2495 καὶ
1295 2460 1418 2495 ταῦτα
1431 2479 1487 2503 -,
1505 2459 1601 2504 μᾶλ-

921 2507 987 2539 λον
1019 2504 1042 2538 δ
1090 2502 1146 2539 ἔτι
1172 2505 1333 2540 δέδοικα
1363 2502 1452 2545 τούς
1481 2500 1601 2549 ἡμμέ-

921 2561 1011 2588 νους
1028 2562 1063 2584 κ.
1082 2562 1114 2583 τ.
1134 2552 1165 2584 7..
1190 2551 1387 2594 Xenoph.
1405 2552 1512 2584 Mem.
1530 2550 1598 2583 111.

921 2598 959 2636 5,
994 2596 1026 2630 6.
1060 2595 1108 2628 al.
1149 2596 1268 2629 Stallb.
1334 2596 1439 2628 conf.
1479 2596 1596 2629 Lach.

919 2652 953 2683 p.
975 2641 1039 2674 198
1055 2641 1105 2673 Bt
1138 2639 1225 2680 δέος
1257 2635 1328 2685 γὰρ
1363 2636 1465 2674 εἶναι
1488 2650 1602 2683 προσ-

922 2685 1060 2719 δοκίαν
1091 2684 1295 2730 μέλλοντος
1327 2685 1462 2719 κακοῦ.
1517 2686 1599 2718 Ari-

922 2733 1006 2763 stot.
1025 2731 1108 2766 Eth.
1127 2732 1204 2765 Nic.
1222 2731 1289 2773 ΠΙ,
1308 2733 1348 2763 9:
1367 2726 1431 2764 διὸ
1448 2729 1517 2764 καὶ
1533 2726 1609 2765 τὸν

921 2786 950 2817 φ
959 2771 979 2808 o'
989 2774 1038 2819 βο
1047 2788 1068 2809 ν
1078 2771 1271 2819 ὁρίζονται
1285 2775 1521 2820 προσδοκίαν
1534 2787 1605 2810 κα·
