1702 2924
475 139 716 182 GORGIAS.
746 141 790 181 P.
821 141 916 181 447.
946 140 1004 181 ed.
1035 139 1090 181 St.
1400 140 1450 180 81

98 251 161 301 τίς
199 250 229 306 ἦ
255 251 437 306 δύναμις
470 258 545 307 τῆς
581 250 729 306 τέχνης
767 254 848 294 τοῦ
878 251 1060 304 ἀνδρός,
1100 248 1170 292 καὶ
1207 250 1248 292 τί
1275 249 1390 293 ἐστιν
1428 247 1452 293 ὃ

98 316 397 372 ἐπαγγέλλεταί
433 331 478 358 τε
516 316 584 358 καὶ
623 317 823 360 διδάσκει.
870 316 950 371 τὴν
1001 316 1047 358 δὲ
1084 318 1217 371 ἄλλην
1255 313 1453 367 ἐπίδειξιν

93 383 306 432 εἰςαῦθις,
350 382 486 436 ὥςπερ
531 381 586 423 σὺ
614 382 767 436 λέγεις,
805 383 1070 436 ποιησάσθω.
1130 383 1268 423 ΚΑΛ.
1314 382 1454 424 Οὐδὲν

95 443 191 490 οἷον
219 450 267 490 τὸ
295 448 428 490 αὐτὸν
463 446 649 500 ἐρωτᾶν,
691 443 724 489 ὦ
753 449 994 501 Σώκρατες.
1033 448 1105 489 καὶ
1142 446 1225 500 γὰρ
1263 448 1380 506 αὐτῷ
1404 448 1454 490 ἓν

94 510 207 555 τοῦτ’
235 509 291 567 ἦν
318 519 393 568 τῆς
420 510 672 564 ἐπιδείξεως·
712 511 875 555 ἐκέλευε
902 519 1014 567 γοῦν
1040 520 1124 555 νῦν
1151 512 1205 568 δὴ
1235 511 1399 565 ἐρωτᾶν
1429 509 1453 554 ὅ

94 594 134 619 τι
162 594 224 627 τις
252 579 452 632 βούλοιτο
480 580 568 619 τῶν
594 575 722 620 ἔνδον
750 581 903 628 ὄντων,
942 579 1011 620 καὶ
1040 580 1148 631 πρὸς
1174 578 1342 620 ἅπαντα
1370 576 1453 634 ἔφη

98 644 437 697 αποκρινεῖσθαι.
507 645 610 684 ΣΩ.
644 635 706 684 ’H
726 645 866 692 καλῶς
903 642 1048 697 λέγεις.
1109 636 1164 684 Ὦ
1207 647 1450 698 Χαιρεφῶν,

97 708 201 761 ἐροῦ
228 709 374 750 αὐτόν.
433 710 551 750 ΧΑΙ.
590 709 641 750 Τί
668 706 847 762 ἔρωμαις
877 710 979 750 ΣΩ.
998 705 1140 758 ogas
1169 708 1266 751 ἐστί.
1326 712 1444 751 ΧΑΙ.
1477 713 1520 754 D

98 776 200 823 Πῶς
227 773 385 827 λέγεις,·
429 775 532 816 ΣΩ.
551 770 713 826 ’Ώςπερ
741 773 796 815 ἂν
825 774 860 815 εἰ
887 772 1118 828 ἐτύγχανεν
1146 773 1208 816 ὢν
1235 775 1453 830 ὑποδημά-

92 899 209 930 λεσθε.
234 898 312 931 Par.
337 898 419 930 EF.
442 897 533 930 Flor.
558 897 580 929 f.
605 908 630 929 s.
657 895 713 929 ὅτε
737 895 972 939 βουλήσεσθε.
1011 897 1124 930 Ceteri
1147 901 1238 931 recte
1261 896 1453 942 βούλησθε.

93 944 183 976 Dein
207 947 286 985 post
307 940 387 984 παρ’
415 942 490 983 ἐμοὶ
515 943 684 976 insertum
709 947 760 975 est
783 940 849 985 γὰρ
876 952 920 975 ex
945 943 1063 976 Clark.
1082 943 1162 976 vat.
1180 944 1282 976 vind.
1308 943 1339 977 1.
1363 944 1394 978 2.
1420 944 1453 978 6.

93 989 170 1021 Par.
195 989 235 1021 E.
259 988 352 1020 Flor.
376 988 399 1020 f.
423 999 460 1021 x.

161 1032 444 1075 ἐπιδείξεται
476 1030 596 1076 ὑμῖν]
629 1033 672 1066 V.
703 1030 802 1076 ἡμῖν,
844 1032 935 1074 quod
966 1037 1136 1066 mutatum
1172 1044 1190 1065 e
1224 1034 1341 1067 Clark.
1373 1035 1452 1068 Vat.

93 1078 198 1113 Coisl.
222 1080 300 1111 Par.
324 1079 524 1113 BCIVW.
549 1077 652 1111 vind.
678 1077 708 1110 1.
733 1077 766 1111 2.
790 1078 879 1121 Aug.
904 1082 938 1111 et
961 1082 1091 1121 septem
1115 1079 1338 1112 Florentinis.

161 1124 199 1156 C.
256 1122 483 1166 ἐπίδειξιν
516 1122 745 1167 εἰς-αὖθις]
791 1124 878 1156 Ven.
913 1123 995 1156 ΞΣ.
1041 1124 1144 1157 vind.
1175 1123 1207 1158 2.
1238 1123 1268 1158 7.
1316 1126 1394 1158 Par.
1425 1126 1452 1158 Ι.

92 1169 217 1202 Routh.
241 1168 396 1204 ἐςαῦθις.

161 1212 212 1247 αὐ
229 1217 283 1258 τῷ
307 1214 355 1246 ἓν
380 1212 506 1257 τοῦτ’]
545 1214 587 1247 V.
612 1211 717 1252 αὐτό,
743 1212 835 1255 quod
857 1214 945 1249 libri.
962 1213 1094 1247 habent
1115 1215 1317 1258 paucissimi
1340 1226 1452 1258 neque

93 1259 119 1291 ii
142 1260 228 1292 satis
251 1260 344 1292 boni.
391 1261 521 1292 Verum
545 1264 679 1302 praeter
703 1258 791 1292 alios
818 1259 937 1292 Clark.
962 1263 1087 1292 tuetur.

90 1375 259 1414 pretatur:
285 1369 303 1404 ὁ
327 1371 515 1415 Καλλικλῆς
541 1382 651 1414 φησιν
676 1369 735 1410 ὅτι,

92 1416 176 1449 ὅταν
225 1415 364 1459 θέλητε,
415 1417 534 1449 ἔλθετε
576 1416 628 1450 εἰς
676 1415 737 1449 τὸν

93 1458 205 1502 οἶκοι,
237 1463 293 1495 καὶ
319 1466 406 1495 ποιῶ
429 1459 539 1494 αὐτὸν
563 1460 735 1503 ἐπιδείξα-

95 1508 190 1540 σθαι.

139 1553 178 1585 G.
216 1554 278 1587 tls·
315 1550 336 1595 ἡ
369 1550 555 1592 δύναμις
594 1555 665 1595 τῆς
697 1551 735 1596 τ.]

93 1598 216 1630 Latine
248 1598 390 1630 dixeris:
426 1598 470 1631 in
494 1608 574 1640 quo
606 1598 672 1630 vis
697 1603 738 1630 et

92 1647 253 1676 natura
327 1644 441 1676 artis
509 1647 736 1684 cernatur,

92 1698 217 1731 quam
255 1688 508 1730 profitetur.
561 1689 679 1744 Legg.
709 1689 735 1723 I.

157 1731 235 1766 643.
259 1734 309 1765 A:
345 1737 486 1775 πρῶτον
516 1732 560 1777 δὴ
582 1752 624 1757 -
660 1731 736 1776 ὁρι-

96 1776 240 1818 σωμεθα
271 1778 451 1817 παιδεῖαι,
497 1781 530 1811 τί
557 1776 629 1811 ποτ’
663 1777 734 1811 ἐστὶ

92 1824 148 1856 καὶ
181 1825 258 1856 τίνα
289 1822 436 1864 δύναμιν
466 1824 540 1866 ἔχει.
583 1825 672 1856 Tim.
704 1835 737 1867 p.

92 1867 148 1902 28.
187 1869 229 1901 A.
261 1869 403 1902 Phaedr.
444 1879 477 1911 p.
508 1867 586 1902 246.
618 1870 660 1901 A.
692 1869 736 1901 al.

92 1914 262 1956 Intelligit
300 1918 415 1946 autem
452 1918 560 1946 artem
595 1914 738 1947 rhetori-

93 1970 188 1999 cam,
213 1969 317 2001 quam
342 1959 490 2015 Gorgias
513 1960 692 1992 tractabat.

146 2001 292 2037 Ου’δὲν
336 2001 437 2036 οἷον
468 2023 513 2028 -
551 2003 736 2047 ἐρωτᾶν]

95 2049 318 2092 Optimum
343 2053 409 2082 est
439 2050 580 2092 ipsum
606 2050 739 2082 inter-

92 2105 256 2150 rogare.
281 2095 318 2128 P.
342 2093 418 2127 481.
443 2096 487 2127 B:
524 2093 632 2127 οὐδὲν
655 2094 736 2134 μεί-

95 2151 146 2171 τοι
168 2136 246 2172 οἷον
268 2137 304 2172 τὸ
329 2138 439 2172 αὐτὸν
462 2139 606 2182 ἐρωτᾶν.
649 2141 737 2172 Ari-

95 2184 235 2240 atoph.
266 2185 410 2227 Lysistr.
443 2196 474 2217 v.
510 2184 592 2218 135:
627 2182 736 2217 οὐδὲν

93 2226 159 2272 γὰρ
186 2226 275 2262 οἷον.
299 2230 388 2262 Avv.
410 2241 444 2263 v.
471 2228 555 2264 966:
579 2227 650 2263 ἀλλ’
675 2228 736 2263 οὐ·

96 2273 159 2306 &ev
183 2271 264 2307 οἶόν
282 2271 350 2307 ἐστ’
366 2272 511 2308 ἀκοῦσαι
535 2279 596 2309 τοῦ
616 2273 735 2315 ιόμου.

94 2320 315 2352 Demosth.
353 2320 430 2352 adv.
465 2321 547 2353 Mid.
586 2332 619 2364 p.
650 2320 735 2354 529:

95 2362 204 2397 οὐδὲν
234 2363 300 2407 γὰρ
333 2360 415 2397 οἷον
450 2362 593 2399 ἀκούειν
630 2363 738 2398 αὐτοῦ

95 2412 155 2441 τοῦ
186 2408 304 2449 νόμου.
363 2411 562 2444 Formulam
592 2422 662 2444 non
685 2413 737 2443 in-

92 2454 253 2508 telligens
306 2455 417 2488 Corn
430 2466 551 2489 arius
610 2460 737 2489 temere

93 2500 243 2532 coniecit
278 2498 385 2533 οὐδὲν
417 2499 543 2534 δεινόν.
602 2502 737 2535 Deinde

93 2548 186 2578 recte
225 2545 322 2578 codd.
369 2546 529 2579 meliores
569 2547 623 2579 καὶ
669 2546 735 2590 γὰρ

95 2586 188 2633 αὐτῷ
212 2590 255 2622 ἒν
273 2587 359 2623 τοῦτ’
386 2585 432 2634 ἦν
456 2595 513 2635 τῆς
527 2590 739 2634 ἐπιδείξεως.

93 2635 181 2668 Nam
195 2636 372 2678 genitivus
391 2635 591 2678 ἐπιδείξεως
614 2638 739 2680 pendet

95 2678 139 2713 ab
164 2680 214 2712 ἕν.
261 2681 368 2714 Recte
392 2681 738 2725 Olympiodorus

160 2749 233 2774 Plat.
252 2748 326 2782 Opp.
345 2750 407 2777 Vol.
425 2750 463 2775 Π.
482 2749 558 2776 sect.
577 2750 602 2776 1.

806 1372 991 1404 verborum
1023 1373 1230 1405 sententiam
1265 1373 1454 1406 declaravit

806 1418 874 1449 sic:
907 1417 962 1449 καὶ
988 1415 1073 1473 γὰρ
1089 1422 1190 1451 τοῦτο
1222 1418 1263 1450 ἕν
1288 1417 1359 1451 ἐστι
1394 1422 1452 1461 τῆς

807 1461 1007 1504 ἐπιδείξεως
1031 1460 1149 1496 αὐτοῦ.
1181 1464 1234 1496 De
1260 1463 1369 1496 dativi
1386 1474 1452 1496 usu

805 1512 889 1541 nota
904 1509 1035 1541 suntin
1047 1509 1173 1552 vulgus
1183 1510 1309 1541 omnia.
1326 1509 1452 1542 Hein-

806 1553 923 1585 dors
914 1564 980 1586 lus
1026 1554 1122 1598 vulg.
1167 1555 1353 1587 lectionem
1393 1554 1449 1586 κα)

805 1596 871 1642 γὰρ
898 1596 982 1631 αὐτὸ
1008 1599 1049 1631 ἓν
1074 1597 1161 1631 τοῦτ’
1189 1594 1234 1643 ἧι
1260 1612 1285 1631 τ.
1310 1599 1362 1632 ἐπ.
1395 1600 1451 1632 de-

805 1644 915 1677 fendit
938 1645 1008 1685 sic,
1040 1648 1078 1676 ut
1109 1641 1192 1677 αὐτὸ
1218 1648 1316 1677 τοῦτο
1346 1646 1452 1677 inter-

805 1693 956 1732 pretetur
988 1689 1031 1721 id
1054 1690 1215 1732 ipsum,
1247 1691 1362 1746 quod
1395 1690 1450 1722 di-

805 1735 871 1775 xi,
904 1745 952 1769 se.
978 1732 1014 1767 τὸ
1049 1734 1186 1777 ἐρωτᾶν
1215 1733 1333 1767 αὐτόν.
1384 1735 1452 1768 Sed

804 1780 854 1812 ita
876 1790 947 1812 non
970 1781 1082 1822 potuit
1106 1780 1146 1812 ἓν
1177 1781 1268 1813 inter
1292 1777 1378 1813 αὐτό
1403 1784 1453 1812 at-

806 1836 871 1867 que
896 1828 994 1857 τοῦτο
1018 1826 1200 1867 interponi.
1243 1826 1297 1858 De
1322 1826 1452 1868 Gorgia

806 1869 850 1902 ad
891 1881 1170 1913 unamquamque
1216 1872 1452 1912 quaestionem

806 1926 843 1947 se
873 1926 1118 1957 responsurum
1158 1916 1309 1958 profiteri
1348 1916 1450 1949 solito

806 1971 838 1992 v.
871 1961 963 1993 Men.
996 1972 1028 2003 p.
1063 1960 1116 1994 70.
1151 1961 1189 1995 C.
1223 1961 1362 1996 Cicer.
1397 1963 1449 1993 De

805 2007 882 2039 Fin.
909 2006 951 2045 11,
978 2005 1006 2040 1.
1032 2007 1084 2038 De
1100 2007 1234 2041 Invent.
1255 2007 1282 2047 Ι,
1297 2006 1329 2040 5.
1355 2007 1450 2039 Orat.

805 2051 832 2090 Ι,
856 2049 911 2083 22.
937 2051 1007 2091 ΙΙΙ,
1030 2050 1083 2086 32,
1110 2052 1299 2092 Quintil.
1324 2052 1369 2092 11,
1394 2051 1449 2087 21.

807 2094 907 2136 §.212
935 2097 1124 2139 Gorgias
1149 2097 1318 2139 quidem
1344 2097 1450 2130 adeo

805 2142 976 2174 rhetori
1014 2142 1064 2174 de
1097 2143 1297 2175 omnibus
1335 2147 1450 2185 puta—

803 2187 871 2219 vit
901 2197 996 2219 esse
1034 2187 1287 2228 dicendum,
1326 2192 1372 2220 ut
1404 2199 1449 2220 se

803 2233 849 2264 in
881 2232 1127 2265 auditoriis
1166 2234 1450 2276 interrogari

804 2281 1050 2320 pateretur,
1084 2289 1166 2320 qua
1190 2278 1375 2320 quisque
1399 2278 1448 2312 de

804 2333 847 2355 re
870 2322 1022 2357 vellet.

850 2368 892 2402 D.
918 2366 1074 2409 Ὥςπερ
1110 2365 1162 2399 ἂν
1200 2367 1243 2400 εί
1279 2366 1448 2422 ἐτύγχα-

809 2423 884 2444 νεν
913 2430 957 2437 -
989 2411 1262 2454 ἀπεκρίνατο
1293 2410 1358 2456 ἂν]
1396 2415 1448 2445 De

806 2459 926 2490 aoristi
943 2462 977 2491 et
993 2459 1185 2500 imperfecti
1203 2459 1448 2492 coniunctione

805 2514 838 2535 v.
879 2503 923 2535 ad
959 2503 1199 2546 Euthyphron.
1238 2514 1271 2546 p.
1313 2502 1366 2536 12.
1403 2505 1447 2536 D.

807 2548 964 2591 Sympos,
994 2559 1026 2591 p.
1058 2547 1135 2581 199.
1165 2549 1208 2583 D.
1245 2550 1385 2581 Menon.
1414 2560 1447 2591 p.

807 2592 861 2626 72.
893 2595 932 2625 Β.
991 2594 1044 2626 De
1077 2591 1123 2626 ἄν
1152 2597 1230 2636 post
1259 2592 1372 2632 ὥςπερ
1405 2593 1450 2625 ἄν

806 2639 1021 2717 τερὶιιῖιῐουν
1067 2639 1110 2672 ad
1139 2639 1286 2682 Apolog.
1318 2640 1449 2672 Socrat.

806 2693 828 2727 P

1162 2751 1183 2785 6
