1696 2976
146 161 198 202 14
670 161 1009 198 PRAEFATIO

143 272 353 313 maioribus
373 272 483 313 bonis
504 272 648 312 maiora
668 271 767 312 mala
786 283 958 317 sumere,
991 277 1029 311 et
1056 271 1211 323 quidem
1231 271 1435 324 deceptum
1455 271 1538 324 opi-

141 330 267 370 nionis
288 341 434 369 errore.
485 328 633 380 Quippe
667 329 706 367 in
733 327 917 380 eligendis
944 328 1055 367 bonis
1082 327 1290 379 plurimum
1324 327 1461 372 refert,
1497 333 1539 367 ut

140 397 273 426 rerum
294 386 522 425 iucudarum
552 389 590 424 et
616 384 911 424 iniucundarum
939 385 1127 424 rationem
1155 383 1268 435 plane
1294 388 1536 435 perspectam

140 441 372 485 habeamus;
396 453 469 493 qua
491 441 712 491 cognitione
731 442 798 493 qui
819 445 969 486 carent,
992 441 1018 479 ii
1038 441 1122 480 fieri
1142 451 1219 480 non
1239 444 1367 491 potest
1387 441 1479 491 quin
1499 441 1537 478 in

139 498 314 538 fraudem
350 502 388 537 et
422 508 597 537 errorem
630 498 841 538 incurrant.
916 497 1104 543 Quocirca
1145 497 1343 535 scientiam
1378 500 1539 546 apparet

139 553 331 605 voluptate
367 565 451 593 esse
484 552 603 592 multo
637 555 851 604 potiorem,
887 554 1030 604 quippe
1064 564 1162 603 quae
1198 564 1332 591 omnes
1367 552 1538 591 actiones

70 598 75 612 ³
138 615 289 649 nostras
309 610 605 660 universamque
626 610 740 648 vitam
769 620 905 660 regere
934 621 978 647 ac
999 608 1195 648 moderari
1223 607 1379 653 debeat,
1411 618 1535 659 neque

137 666 221 705 fieri
250 678 421 717 unquam
448 670 587 717 potest,
615 670 657 704 ut
685 666 769 717 quis
790 677 810 704 a
840 664 1095 715 voluptatibus
1124 665 1266 710 victus,
1295 675 1413 716 quum
1433 663 1534 703 bona

137 727 357 772 cognoscat,
380 726 508 761 tamen
530 722 722 761 contraria
744 720 1014 773 amplectatur:
1044 733 1171 773 neque
1200 721 1303 760 enim
1332 721 1534 771 quisquam

136 779 262 818 sciens
288 777 432 823 malus;
462 778 530 817 sed
559 778 623 829 qui
650 777 834 829 voluptati
860 776 1157 816 succumbentes
1184 775 1283 815 mala
1310 780 1534 827 sequuntur,

135 834 162 872 ii
182 840 343 886 propter
363 833 680 885 imprudentiam,
716 839 754 873 et
787 834 874 885 quia
904 845 1038 872 errore
1067 833 1218 885 decepti
1248 837 1356 877 sunt,
1386 832 1534 871 minora

135 889 238 930 hona
273 902 345 942 pro
372 889 582 929 maioribus
609 888 789 940 amplecti
815 889 1002 928 videntur.
1052 889 1158 936 Quae
1193 889 1223 928 si
1256 900 1346 927 vere
1367 888 1534 938 disputa·

136 947 269 992 vimus,
291 947 347 985 vir
369 947 520 997 sapiens
539 957 736 998 nunquam
757 958 824 986 sua
845 950 982 997 sponte
1012 944 1110 984 mala
1132 949 1288 996 appetet
1315 949 1380 984 aut
1408 944 1532 984 saciet.

133 1001 175 1042 P.
197 1005 278 1046 354
299 1002 329 1041 E
353 1025 398 1030 —
424 1006 503 1046 357
524 1001 566 1041 E.

247 1058 314 1098 His
335 1058 517 1110 expositis
539 1058 718 1098 Socrates
738 1058 941 1097 revertitur
963 1057 1010 1096 ad
1036 1055 1149 1102 illud,
1172 1056 1273 1108 quod
1301 1056 1533 1107 Protagoras

132 1114 173 1153 in
184 1113 449 1166 superioribus
465 1113 624 1160 dixerat,
646 1114 910 1153 fortitudinem
931 1125 951 1152 a
972 1114 1110 1152 ceteris
1130 1112 1334 1152 virtutibus
1354 1118 1532 1164 propter-

134 1182 178 1209 ea
211 1170 421 1221 plurimum
453 1169 608 1210 differre
628 1170 767 1214 videri,
799 1169 902 1221 quod
930 1180 1210 1220 saepenumero
1240 1168 1416 1207 homines
1440 1169 1532 1207 insi·

132 1226 381 1276 pientissimi,
417 1226 798 1278 intemperantissimi
833 1231 871 1264 et
904 1226 1143 1264 iniustissimi
1176 1223 1270 1263 alios
1304 1224 1462 1263 audacia
1496 1228 1534 1263 et

132 1281 359 1322 fortitudine
379 1294 449 1322 sua
478 1281 699 1333 longissime
730 1280 1016 1321 antecellerent.
1067 1281 1274 1332 Postquam
1312 1281 1415 1320 enim
1443 1291 1533 1319 con·

132 1350 284 1379 cessum
305 1343 363 1378 est
382 1339 579 1378 neminem
588 1337 779 1378 volentem
799 1350 862 1376 res
877 1336 1113 1389 periculosas
1135 1348 1304 1389 unquam
1316 1337 1530 1387 suscipere;

130 1406 180 1434 ne
215 1395 356 1435 sortem
391 1394 546 1445 quidem
573 1395 696 1433 virum
738 1395 884 1433 temere
926 1405 967 1433 se
1002 1394 1038 1432 in
1081 1392 1179 1432 mala
1220 1397 1257 1432 et
1299 1391 1531 1432 calamitates

131 1462 215 1491 esse
245 1451 510 1490 coniecturum
541 1455 745 1490 asseverat.
801 1449 897 1489 Nam
933 1461 1031 1500 quae
1059 1451 1142 1500 quis
1170 1450 1288 1494 timet,
1310 1449 1449 1500 inquit,
1486 1460 1530 1487 ea

129 1506 229 1546 mala
250 1507 460 1547 existimat:
496 1518 610 1546 nemo
644 1511 772 1546 autem
809 1517 876 1545 sua
911 1510 1047 1557 sponte
1067 1505 1226 1556 suscipit
1247 1517 1303 1550 ea,
1339 1516 1437 1555 quae
1457 1503 1530 1544 sibi

128 1562 274 1602 malum
295 1562 446 1614 aliquod
464 1563 604 1601 afferre
623 1562 843 1602 arbitratur.
892 1561 1024 1613 Itaque
1045 1562 1101 1600 vir
1114 1561 1225 1599 fortis
1245 1572 1300 1606 ea,
1323 1572 1421 1611 quae
1441 1565 1530 1599 sunt

128 1618 308 1664 honesta,
343 1618 382 1657 id
414 1622 490 1663 est,
512 1618 679 1658 iucunda
706 1640 751 1646 —
781 1629 871 1656 nam
898 1617 1103 1656 honestum
1131 1622 1167 1655 et
1193 1615 1405 1656 iucundum
1425 1615 1528 1654 idem

128 1687 213 1715 esse
232 1675 395 1715 vidimus
419 1696 467 1703 —
489 1686 645 1726 semper
667 1679 702 1714 et
718 1673 862 1725 ubique
878 1673 1062 1725 sequitur,
1083 1672 1249 1723 ideoque
1269 1683 1341 1711 nec
1363 1672 1528 1723 turpiter

126 1732 263 1771 metuit
282 1742 356 1771 nec
377 1731 540 1781 turpiter
569 1730 693 1770 audax
721 1735 795 1774 est,
828 1741 946 1782 quum
975 1728 1130 1769 timidus
1158 1740 1202 1768 ac
1228 1734 1376 1767 temere
1403 1727 1525 1767 audax

127 1786 187 1827 vel
206 1792 313 1827 metu
331 1786 392 1826 vel
413 1786 572 1826 audacia
592 1786 695 1837 turpi
716 1786 960 1836 corripiatur.
1020 1784 1089 1824 Est
1108 1790 1236 1824 autem
1264 1784 1431 1835 turpiter
1459 1795 1525 1823 au-

127 1843 220 1883 dere
239 1842 299 1883 vel
318 1843 456 1883 timere
476 1841 570 1881 nihil
599 1841 722 1887 aliud,
758 1842 831 1881 nisi
850 1845 1011 1893 propter
1047 1841 1143 1881 recti
1162 1840 1416 1891 ignorantiam
1437 1851 1526 1890 pec-

127 1911 229 1945 care,
251 1898 566 1950 quandoquidem
586 1910 700 1938 nemo
714 1897 896 1949 prudens,
933 1902 974 1936 ut
993 1897 1167 1942 vidimus,
1190 1908 1288 1948 quae
1304 1895 1377 1935 sibi
1397 1896 1526 1946 perni-

126 1956 231 1995 ciosa
250 1956 335 1995 fore
355 1954 564 2007 praevidet,
586 1966 758 2005 unquam
784 1954 978 2005 suscipiet.
1028 1953 1137 1993 Unde
1165 1952 1346 1997 efficitur,
1379 1956 1421 1991 ut
1447 1952 1526 1991 sor·

125 2011 327 2051 titudinem
361 2010 518 2050 scientia
553 2015 773 2050 contentam
802 2021 887 2050 esse
921 2009 1080 2048 iudicari
1115 2013 1309 2059 oporteat:
1346 2012 1404 2047 est
1423 2008 1523 2047 enim

123 2066 218 2107 nihil
239 2066 341 2107 aliud
360 2067 434 2106 nisi
448 2078 581 2106 rerum
596 2066 891 2106 metuendarum
914 2071 1072 2105 autnon
1088 2063 1382 2104 metuendarum
1398 2064 1523 2103 scien-

122 2123 174 2162 tia
195 2135 284 2163 cum
303 2128 411 2163 recto
432 2134 504 2162 usu
526 2123 741 2162 coniuncta.
770 2144 814 2151 —-
853 2121 920 2161 His
946 2120 1125 2160 omnibus
1151 2131 1289 2172 magna
1317 2118 1523 2160 subtilitate

123 2178 340 2231 explicatis,
379 2179 559 2219 Socrates
598 2177 792 2218 concludit
818 2176 952 2217 falsam
987 2188 1073 2216 esse
1099 2177 1334 2226 Protagorae
1368 2180 1522 2215 senten·

122 2236 234 2281 tiam,
272 2236 451 2275 homines
478 2234 854 2285 imprudentissimos
881 2244 1161 2284 saepenumero
1182 2232 1409 2271 fortissimos
1437 2242 1520 2271 esse

122 2292 336 2338 statuentis,
359 2297 397 2331 et
415 2290 585 2342 sophista
594 2291 691 2342 ipse,
715 2289 784 2330 etsi
800 2290 1014 2341 perinvitus
1027 2288 1167 2328 fatetur
1176 2300 1260 2328 eam
1282 2300 1328 2327 ex
1348 2288 1405 2332 iis,
1423 2298 1520 2339 quae

122 2359 307 2388 concessa
327 2348 414 2392 sint,
436 2346 564 2387 locum
578 2345 723 2387 habere
743 2357 822 2385 non
841 2356 967 2396 posse.
1008 2344 1050 2384 P.
1074 2348 1154 2389 357
1174 2344 1205 2384 Ε
1227 2366 1275 2373 -
1300 2347 1381 2388 360
1400 2342 1444 2383 Ι).

233 2404 467 2453 Protagorae
488 2403 658 2442 animum
684 2413 819 2441 rursus
846 2401 1067 2452 placaturus
1087 2402 1285 2441 Socrates:
1313 2400 1399 2448 Eoo
1416 2409 1517 2446 vero,

121 2459 266 2512 inquit,
307 2470 383 2498 non
422 2460 541 2498 aliam
571 2460 617 2499 ob
642 2469 803 2499 causam
831 2458 931 2498 haec
958 2459 1089 2497 omnia
1114 2468 1168 2497 ex
1191 2462 1228 2497 te
1254 2466 1414 2506 quaero,
1443 2456 1522 2494 nisi

121 2520 223 2566 quod
241 2517 469 2566 perspicere
496 2517 622 2565 cupio,
649 2514 836 2565 quomodo
861 2526 902 2553 se
930 2514 1100 2553 habeant
1130 2524 1232 2563 quae
1260 2512 1317 2551 ad
1342 2513 1519 2550 virtutem

120 2572 364 2622 referuntur,
401 2575 439 2610 et
466 2572 563 2619 quid
589 2573 638 2611 sit
665 2573 753 2621 ipsa
779 2572 912 2610 virtus.
957 2570 1058 2609 Nam
1081 2570 1203 2620 probe
1230 2569 1330 2616 novi,
1360 2568 1433 2607 hoc
1454 2567 1522 2607 ubi

116 2629 365 2678 patefactum
390 2627 529 2676 suerit,
559 2629 674 2666 etiam
692 2627 793 2667 illud
809 2626 1059 2674 manifestum
1080 2626 1184 2675 sore,
1214 2625 1263 2663 de
1283 2634 1359 2673 quo
1378 2624 1517 2674 dispu-

121 2687 303 2730 tavimus,
345 2688 476 2723 utrum
515 2685 635 2723 virtus
671 2684 807 2723 doceri
836 2687 972 2733 possit,
1012 2693 1145 2723 necne.
1210 2680 1251 2720 P.
1283 2682 1363 2723 360
1391 2679 1422 2719 D
1465 2702 1515 2708 —

231 2798 278 2836 At
297 2797 438 2836 mirum
458 2795 639 2848 quiddam
660 2795 773 2836 nobis
799 2795 840 2834 in
859 2794 932 2834 bac
952 2794 1208 2846 disputatione
1228 2792 1377 2832 accidit.
1435 2791 1516 2842 Ego

122 2853 235 2898 enim,
258 2853 322 2905 qui
342 2857 452 2892 antea
474 2853 651 2892 virtutem
673 2852 804 2892 doceri
824 2862 936 2902 posse
958 2850 1159 2902 negabam,
1181 2861 1284 2889 nunc
1301 2849 1375 2888 hoc
1388 2849 1514 2899 ipsum
