1716 2886
272 179 351 215 244
816 177 1072 219 PLATONIS

273 281 419 337 ἑτέραν
456 283 634 338 ἡδονῆς-ς
685 285 820 326 ΚΑΛ.
861 287 962 336 Πῶς
997 286 1079 340 γὰρ
1118 289 1194 336 οὒς
1243 288 1344 329 ΣΩ.
1385 286 1492 341 Φέρε
1530 289 1598 343 δή,

273 347 386 396 ὅπως
411 348 710 401 μεμνησόμεθα
736 355 890 400 ταῦτα,
931 350 995 392 ὅτι
1024 352 1261 405 Καλλικλῆς
1288 349 1369 406 ἔφη
1396 352 1421 394 ὀ
1448 354 1597 406 Ἀχαρ-

273 412 370 460 νεὺς
406 411 487 465 ἡδὺ
523 410 600 465 μὲν
636 411 704 454 καὶ
745 414 912 467 άγαθὸν
946 416 1103 458 ταύτὸν
1130 411 1260 467 εἶναι,
1298 414 1528 471 ἐπιστήμην
1553 416 1598 458 δὲ

272 475 342 517 καὶ
389 476 588 527 άνδρείαν
635 476 706 518 καὶ
752 478 944 533 ἀλλήλων
990 479 1060 522 καὶ
1107 487 1184 522 τοῦ
1233 480 1404 533 ἀγαθοῦ
1442 479 1599 534 ἕτερον.

276 542 410 582 ΚΑΛ.
450 541 680 595 Σωκράτης
711 541 755 584 δέ
793 557 839 596 γε
874 543 976 598 ἡμῖν
1012 544 1037 586 ὁ
1070 542 1373 599 Ἀλωπεκῆθεν
1399 546 1477 599 οὐχ
1502 546 1599 599 ‹5510-

272 607 390 658 λογεῐ
413 611 564 647 ταῦτα’
604 605 631 659 ἢ
660 606 879 661 ὁμολογεῖς
908 611 1005 650 ΣΩ.
1038 609 1126 663 Οὐχ
1153 609 1369 663 ὁμολογεῖ·
1412 605 1528 663 οἶμαι
1554 608 1599 651 δέ

207 671 244 715 Ε
274 683 320 722 γε
348 668 446 711 οὐδὲ
475 672 733 724 Καλλικλῆς,
769 672 871 714 ὅταν
907 673 1034 722 αὐτὸς
1061 674 1195 716 αὑτὸν
1221 675 1421 729 θεάσηται
1447 674 1600 728 ὀρθῶς.

273 733 360 774 εἰπὲ
383 734 463 788 γάρ
482 750 567 788 μοι,
595 735 694 785 τοὺς
712 732 759 778 εὖ
779 737 1040 789 πράττοντας
1066 742 1154 788 τοῖς
1180 742 1319 788 κακῶς
1346 739 1602 793 πράττουσιν

274 798 326 839 ού
363 799 615 840 τούναντίον
641 799 735 854 ήγεῖ
760 802 900 851 πάθος
926 801 1208 854 πεπονθέναι;
1262 805 1398 845 ΚΑΛ.
1423 799 1598 857 Ἔγωγε.

275 864 370 904 Σῼ.
391 855 482 916 τΑρ’
505 860 597 915 οὖν,
621 864 735 917 εἴπερ
756 864 926 908 ἐναντία
944 865 1029 908 ἐστὶ
1052 874 1183 909 ταῦτα
1205 868 1412 923 ἀλλήλοις,
1436 869 1599 923 ἀνάγκη

274 926 368 979 περὶ
407 928 548 970 αὐτῶν
583 926 689 983 ἔχειν
725 927 860 984 ὥςπερ
896 932 991 983 περὶ
1029 932 1188 985 ὑγιείας
1223 929 1303 986 ἔχει
1340 932 1411 975 καὶ
1440 933 1598 982 νόσους

276 992 330 1032 οὐ
367 991 449 1045 γὰρ
487 992 573 1046 ἅμα
611 994 750 1047 δήπου
788 995 967 1048 ὑγιαίνει
993 1010 1037 1037 τε
1062 996 1134 1038 καὶ
1159 1000 1278 1038 νοσεῖ
1301 996 1326 1039 ὁ
1352 1000 1599 1049 ἄνθρωπος,

276 1056 374 1098 οὐδὲ
411 1056 497 1111 ἅμα
535 1057 835 1100 ἀπαλλάττεται
873 1060 1032 1114 ὑγιείας
1069 1075 1111 1102 τε
1147 1060 1217 1102 καὶ
1252 1062 1396 1104 νόσου.
1465 1063 1600 1104 ΚΑΛ.

277 1123 377 1169 Πῶς
411 1120 560 1175 λέγεις,·
611 1124 710 1164 Σῼ.
754 1119 866 1166 Οἶον·
885 1124 975 1176 περὶ
1007 1124 1109 1167 ὅτου
1136 1126 1280 1178 βούλει
1305 1133 1383 1168 τοῦ
1410 1123 1603 1181 σώματος

166 1188 247 1230 496
277 1185 507 1239 άπολαβὼν
545 1188 703 1230 σκόπει.
740 1191 859 1229 νοσεῖ
883 1203 969 1230 που
997 1188 1226 1244 ἄνθρωπος
1252 1189 1527 1245 ὀφθαλμούς,
1568 1184 1602 1245 ᾧ

277 1252 412 1304 ὄνομα
439 1251 680 1320 ὀφθαλμίας
722 1254 857 1293 ΚΑΛ.
888 1255 988 1302 Πῶς
1015 1253 1096 1307 γὰρ
1124 1256 1200 1304 οὕς
1240 1256 1338 1296 ΣΩ..
1371 1256 1435 1297 Οὐ
1462 1256 1602 1310 δήπου

276 1314 346 1355 καὶ
367 1315 546 1367 ὑγιαίνει
566 1330 612 1369 γε
632 1315 718 1369 ἅμα
736 1316 836 1366 τοὺς
855 1318 1030 1367 admotis-5
1061 1320 1196 1359 KAA.
1230 1315 1331 1361 Οὐδ’
1357 1319 1601 1369 ὁπωςτιοῦν.

278 1380 374 1420 ΣΩ.
426 1380 476 1420 Τί
511 1379 578 1430 δέ;
621 1380 724 1422 ὅταν
760 1387 834 1435 τῆς
871 1381 1114 1437 ὀφθαλμίας
1151 1384 1482 1438 ἀπαλλάττηται,
1520 1377 1603 1438 ἆρα

344 1500 388 1532 D.
442 1500 524 1543 ἔφη
559 1498 578 1533 ὁ
612 1498 861 1545 Ἀχαρνεύς]
903 1500 921 1535 ὁ
955 1514 1020 1536 om.
1052 1503 1167 1537 Clark.
1200 1505 1276 1538 Vat.
1310 1505 1415 1539 Coisl.
1446 1505 1548 1539 vind.
1570 1505 1602 1539 6.

278 1545 354 1579 Par.
378 1544 644 1578 BCEFIVW.
676 1546 766 1579 Flor.
783 1558 813 1580 a.
828 1548 860 1580 b.
879 1548 940 1581 c.f.
964 1558 1007 1580 m.
1032 1559 1059 1580 s.
1082 1549 1189 1590 Bodl„
1213 1549 1303 1592 quod
1326 1550 1441 1583 Herm.
1464 1551 1603 1594 reecpit,

278 1589 359 1631 quia
380 1590 542 1623 articulus
566 1594 644 1623 ante
667 1601 831 1634 pagorum
853 1593 991 1625 nomina
1013 1594 1140 1635 passim
1164 1596 1347 1629 omittatur.

346 1657 472 1734 KAtA.
511 1657 750 1701 Σωκράτης
785 1657 832 1691 δέ
862 1671 909 1702 γε
937 1658 1006 1703 -]
1051 1661 1184 1693 Mutavi
1219 1671 1440 1704 personarum
1479 1667 1600 1705 partes.

278 1712 310 1735 v.
333 1713 447 1735 anno.

344 1769 383 1801 P.
405 1767 483 1802 496.
530 1773 656 1801 νοσεῖ
677 1780 756 1801 που
781 1768 1039 1815 ἅνθρωπος]
1064 1772 1105 1805 V.
1126 1769 1317 1815 ἄνθρωπος
1340 1773 1475 1817 legitur.
1497 1771 1516 1807 ὁ
1541 1771 1603 1806 ἄν·

278 1814 424 1856 θρωπος
446 1814 524 1846 Par.
548 1814 589 1847 V,
625 1814 754 1857 Scripsi
775 1813 977 1857 ἄνθρωπος.

319 1924 366 1957 D.
412 1922 474 1957 ὅτι
503 1924 743 1970 Καλλικλῆς
776 1926 857 1970 ἔφη
887 1923 906 1958 ὁ

279 1966 506 2011 Ἀχαρνεὺς
530 1982 559 2003 κ.
584 1982 609 2003 τ.
633 1969 681 2013 λ.]
713 1971 827 2004 Ioeose
851 1971 907 2004 ad—

280 2014 330 2046 dit
358 2024 482 2047 nomen
505 2015 600 2058 pagi,
633 2015 722 2048 unde
747 2016 907 2048 Callicles

280 2058 442 2091 oriundus
458 2063 547 2092 erat:
572 2060 662 2102 quod
680 2059 755 2092 fieri
777 2060 910 2093 solebat

281 2104 315 2136 in
346 2103 538 2138 foederibus
565 2104 762 2147 iungendis,
800 2106 908 2147 pactis

280 2148 456 2190 faciendis,
474 2149 644 2192 suffragiis
659 2148 817 2190 ferendis,
836 2160 909 2192 pse-

281 2193 469 2235 phismatis,
492 2194 570 2227 aliis
593 2193 739 2236 publicis
762 2195 908 2237 negotiis

281 2238 318 2270 in
340 2238 465 2271 iudicio
481 2243 540 2271 aut
555 2239 778 2272 concionibus
800 2244 908 2272 trans-

281 2282 424 2324 igcndis.
457 2283 554 2316 Conf.
571 2284 725 2326 Sympos.
750 2284 796 2317 in.
818 2284 909 2316 Thu—

282 2326 357 2369 cyd.
380 2327 462 2368 vn,
486 2327 547 2361 10:
581 2326 759 2369 πατρόθεν
787 2327 909 2361 ἐπονο-

282 2369 402 2412 μάζων
428 2372 482 2404 καὶ
509 2372 625 2417 φυλὴν
647 2385 675 2406 κ.
700 2385 725 2405 τ.
750 2374 775 2406 λ.

330 2415 563 2459 Σωκράτης
588 2417 632 2450 δέ
653 2429 699 2461 γε
717 2416 773 2461 -]
797 2417 909 2461 Vulgo

282 2460 368 2493 haec
398 2460 440 2493 ad
463 2461 610 2494 Socratis
639 2464 824 2496 orationem
845 2467 911 2494 tra-

283 2504 426 2546 huntur,
460 2507 614 2548 proxima
647 2511 760 2540 autom
793 2507 911 2539 distin-

282 2554 434 2592 guuntur
475 2551 540 2583 sic:
584 2570 627 2576 —
674 2550 694 2594 ἢ
737 2550 909 2595 ὁμολογεῖς

286 2594 402 2628 ΚΑΛ.
437 2593 504 2637 Οὐχ
524 2592 692 2638 ὁμολογεῖ.
740 2595 812 2629 ΣΩ.
850 2591 910 2630 Οἶ-

283 2648 340 2678 μαι
365 2638 403 2672 δέ
424 2650 462 2682 γε
479 2637 562 2672 οὐδὲ
580 2640 620 2672 Κ.
646 2652 673 2672 κ.
701 2653 724 2673 τ.
749 2643 775 2674 λ.
806 2642 911 2674 Recte

283 2684 350 2717 iam
373 2683 572 2717 scholiastes
585 2685 627 2716 ad
641 2685 741 2718 haee:
768 2684 911 2727 Σωκρά-

976 1939 1032 1970 της
1047 1926 1085 1959 δέ
1097 1939 1135 1971 γε
1149 1940 1177 1961 κ.
1191 1941 1215 1961 τ.
1229 1930 1267 1967 λ.,
1286 1930 1481 1962 annotavit:
1506 1927 1605 1963 τοῦτο’

977 1982 1063 2015 φησι
1102 1973 1286 2017 Καλλικλῆς
1322 1971 1390 2006 κατ’
1428 1972 1606 2016 ὁμοιότητα

978 2015 1206 2058 Σωκράτους-ι
1232 2029 1335 2060 quam
1356 2020 1520 2054 rationem
1544 2030 1605 2052 cur

974 2072 1166 2104 perversam
1227 2062 1429 2096 iudicaverit
1479 2065 1605 2097 Hein-

975 2105 1142 2139 dorfius
1153 2131 1162 2147 ‚
1181 2108 1336 2149 equidem
1352 2119 1421 2141 non
1434 2119 1604 2151 assequor.

975 2161 1007 2183 v.
1028 2151 1419 2229 {gohleiermachon
1451 2153 1495 2186 ad
1523 2154 1556 2186 h.
1580 2154 1603 2186 l.

974 2206 996 2238 P
1019 2240 1058 2272 E.
1104 2238 1207 2273 ὅταν
1236 2238 1365 2276 αὑτὸς
1388 2239 1523 2275 αὑτὸν
1546 2241 1603 2286 θ.]

975 2285 1020 2317 Η.
1040 2295 1068 2317 o.
1092 2285 1128 2317 si
1152 2285 1319 2327 quidem
1342 2287 1603 2319 sententiam

976 2339 1094 2362 suam
1138 2330 1406 2374 diligentius
1451 2332 1605 2364 exami-

976 2374 1160 2407 noverit.

1021 2419 1059 2451 Ρ.
1081 2417 1157 2452 496.
1190 2420 1230 2453 Β.
1269 2416 1365 2452 Ἀλλ’
1396 2419 1444 2451 ἐι·
1472 2418 1605 2461 μέρει,

977 2458 1115 2507 οἶμαι]
1146 2462 1187 2496 ἐν
1208 2463 1303 2505 μέρει
1325 2467 1394 2496 est:
1417 2463 1605 2497 alternis

976 2507 1174 2549 vicibus,
1197 2513 1236 2541 ut
1256 2519 1366 2551 saepe.

1021 2550 1102 2592 ἅμα
1124 2564 1162 2585 τε
1181 2550 1381 2586 ‹im—nal
1406 2550 1487 2592 ἅμα
1507 2552 1605 2596 ἔχει]

978 2597 1036 2630 Sic
1050 2595 1117 2636 ἅμα
1132 2598 1308 2640 repetitum
1323 2608 1402 2630 mox
1422 2608 1454 2640 p.
1470 2596 1547 2631 497.
1563 2599 1603 2630 A.

1023 2642 1104 2684 Cap.
1127 2642 1183 2676 LI.
1221 2642 1260 2677 C.
1300 2639 1404 2675 αὐτὸ
1428 2641 1536 2685 λέγω
1561 2642 1603 2675 τὸ

979 2687 1154 2729 πεινῆν]
1179 2688 1223 2720 Η.
1243 2699 1272 2720 e.
1296 2687 1445 2719 famem
1469 2687 1603 2730 ipsam
