1696 2976
434 116 848 156 Pno'rAeonAS.
876 117 919 153 P.
941 110 1022 154 317'.
1055 117 1138 154 s'r.
1434 111 1487 156 57

83 240 246 294 εἰπεῖν,
277 235 418 295 μηδὲν
450 231 599 281 δεινὰν
627 230 815 292 πάσχειν
846 231 920 278 διὰ
950 231 1000 279 τὸ
1023 229 1256 292 ὁμολογεῖν
1280 230 1490 290 σοφιστὴς
1516 245 1543 278 C

82 304 207 352 εἶναι.
242 310 383 350 καίτοι
407 300 547 349 πολλά
569 319 619 360 γε
646 306 720 360 ἔτη
744 299 831 360 ἤδη
856 302 945 360 εἰμὶ
969 303 1019 347 ἐν
1040 303 1093 361 τῇ
1116 302 1259 360 τέχνῃ.
1309 301 1383 344 καὶ
1408 298 1489 358 γὰρ

81 374 154 419 καὶ
186 374 238 418 τὰ
263 371 490 431 ξύμπαντα
521 368 662 416 πολλοὶ
691 374 771 428 μοι’
801 371 939 415 ἐστιν·
965 367 1147 422 οὐδενὸς
1178 366 1282 414 ὅτου
1305 366 1358 414 οὐ
1377 366 1492 413 πάν-

80 461 170 487 των
200 438 256 487 ἂν
285 439 412 500 ὑμῶν
442 437 546 486 καθ’
582 437 759 497 ἡλικίαν
792 436 934 496 πατὴρ
967 445 1076 496 εἴην.
1126 435 1237 484 ὥστε
1268 435 1382 482 πολύ
1418 455 1492 495 μοι

82 508 262 567 ἥδιστόν
286 511 420 565 ἐστιν,
446 515 490 554 εἴ
502 526 545 554 τι
567 504 804 565 βούλεσθε,
830 507 931 565 περὶ
948 503 1118 552 τούτων
1135 503 1346 551 ἁπάντων
1362 506 1492 551 ἐναν-

79 583 176 624 τίον
199 581 288 623 τῶν
311 581 443 623 ἔνδον
467 574 609 622 ὄντων
631 573 708 620 τὸν
739 573 872 632 λόγον
904 582 1142 620 ποιεῖσθαι.
1203 575 1292 619 Καὶ
1318 571 1403 631 ἐγώ
1431 599 1488 604 -

80 644 348 692 ὑπώπτευσα
372 643 455 703 γὰρ
486 641 730 702 βούλεσθαι
762 640 898 688 αὐτὸν
921 645 981 704 τῷ
1012 662 1060 689 τε
1083 645 1294 703 Προδίκῳ
1327 643 1408 724 καὶ,
1432 644 1493 702 τῷ

75 712 222 760 Ἱππία
248 716 531 768 ἐνδείξασθαι
555 713 629 758 καὶ
653 694 1036 768 καλλωπίσασθαι,
1062 709 1128 757 ότι
1153 711 1332 769 ἐρασταὶ
1356 707 1493 756 αὐτοῦ

80 780 316 841 ἀφιγμένοι
340 789 493 840 εἴημεν
519 807 577 813 -—
612 785 668 827 Τί
687 773 784 838 οὗν,
810 784 925 838 ἔφην
950 778 1057 838 ἐγώ,
1082 777 1135 826 οὐ
1168 780 1242 824 καὶ
1266 777 1492 837 Πρόδικον
1516 793 1547 824 D

170 937 209 972 C.
234 932 379 971 πολλοὶ
396 948 444 980 γε
462 933 538 980 ἔτη
556 929 614 980 ἥδ
626 934 662 980 η]
685 935 797 969 Coisl.
822 930 943 969 πολλοὶ
965 945 1008 978 γε
1030 927 1107 978 ἥδη
1133 931 1217 978 ἔτη,
1245 945 1351 978 quem
1374 935 1493 968 secuti

78 986 162 1016 sunt
179 983 336 1016 Bekker.
355 982 487 1016 Stallb.
504 982 584 1015 Ast.

169 1048 363 1099 εἴημεν]
366 1051 476 1084 Hanc
491 1051 646 1083 formam
665 1052 701 1083 et
717 1050 752 1083 h.
770 1049 794 1082 l.
814 1052 851 1082 et
874 1050 984 1092 Hipp.
1001 1050 1030 1082 Ι.
1055 1060 1089 1092 p.
1108 1051 1172 1082 301
1191 1050 1223 1081 D
1259 1049 1346 1082 libri
1368 1060 1494 1082 omnes

76 1096 228 1139 habent,
245 1096 309 1129 sed
326 1099 444 1139 εἰμεν,
462 1096 556 1138 quod
574 1106 634 1138 ap.
650 1095 796 1130 Platon.
813 1095 949 1136 ubique
971 1094 1218 1138 reponendum
1240 1095 1402 1138 videtur,
1420 1106 1495 1128 ser-

77 1234 172 1266 hanc
204 1233 399 1266 formulam
428 1242 508 1264 cum
545 1231 748 1265 modestiae

78 1278 236 1320 quadam
275 1277 543 1321 significatione
578 1278 748 1320 usurpari

78 1323 228 1356 solitam
251 1324 382 1358 Henr.
423 1323 682 1365 Stephanus
701 1322 748 1355 ad

77 1368 268 1402 Theaetet.
298 1379 334 1411 p,
359 1370 421 1401 151
440 1368 469 1400 B
505 1371 606 1401 recte
635 1369 747 1401 inter-

79 1417 263 1457 pretatur:
283 1414 398 1456 quod
414 1414 482 1446 ita
505 1413 621 1455 dico,
641 1414 748 1446 utin

78 1470 127 1492 eo
145 1470 268 1502 opem
281 1459 478 1493 divinam
503 1469 747 1501 agnoscam

76 1505 148 1544 vel,
167 1506 206 1536 in
230 1515 301 1546 quo
320 1504 466 1547 quidem
486 1515 508 1537 a
532 1505 598 1537 deo
621 1515 678 1537 me
695 1505 750 1536 iu-

76 1551 156 1583 vari
172 1560 310 1593 negare
331 1550 455 1583 nolim.
476 1550 612 1582 Latine
628 1550 750 1584 dicas:

74 1597 227 1629 iuvante
259 1606 286 1627 s.
320 1596 470 1628 favente
503 1595 582 1630 deo.
630 1594 749 1628 Stallb.

75 1641 303 1684 Protagorae
322 1642 434 1673 etiam
451 1641 551 1673 vitae
576 1641 678 1673 exitu
694 1642 749 1673 in—

76 1686 179 1718 felici
210 1686 302 1719 illud
335 1685 481 1719 Solonis
519 1679 561 1718 τὸ
628 1683 748 1729 ηδὲνα

77 1727 177 1764 εἶναι
194 1731 269 1764 τῶν
282 1724 590 1775 ζωόντωνὸλβιον
612 1732 747 1767 Herod

76 1778 104 1815 Ι,
122 1776 180 1818 86)
200 1777 475 1819 comprobatum
488 1779 562 1817 ‚est,
579 1777 748 1809 multum-

76 1831 147 1863 que
166 1832 247 1854 cum
264 1821 451 1864 sophistae
473 1822 596 1854 verbis
614 1822 748 1854 discre-

76 1870 140 1909 pat
156 1866 218 1899 hic
234 1867 396 1899 Timonis
414 1866 544 1905 Silius,
564 1877 636 1909 quo
660 1868 749 1900 Pro-

76 1916 225 1955 tagoras
243 1912 288 1944 de
306 1912 376 1945 diis
393 1913 586 1955 scripsisse
596 1913 748 1945 dicitur:

76 1979 205 2013 πᾶσαν
218 1976 314 2035 ἔχων
329 1974 542 2035 φυλακὴν’
525 1981 730 2024 επιεικείης
741 1989 749 1996 ·

166 2019 211 2058 τὰ
228 2022 299 2077 μὲν
314 2036 360 2058 ου
377 2021 416 2058 οἱ

75 2070 300 2122 χραίσμησ,
324 2065 420 2104 ἄλλα
444 2070 571 2122 φυγῆς
594 2065 748 2114 ἐπεμαί-

169 2126 241 2158 ετο,
260 2109 363 2167 ὄφρα
380 2110 431 2159 μὴ
450 2127 569 2155 ουτως

76 2156 338 2239 Σωκὲιαέικιίῗν
324 2161 463 2250 πίναξιν
467 2157 749 2242 ψὸυχῖὀνΕπότον

197 2218 210 2239 ι
240 2218 253 2239 ι
314 2218 334 2239 υ
429 2218 451 2240 v
515 2218 558 2240 ex
646 2219 678 2239 m
706 2219 738 2240 ιι·

165 2251 246 2285 adv.
264 2219 378 2284 Mat‘h.
397 2253 459 2286 IX.
477 2252 547 2294 57).
682 2219 703 2250 p

121 2320 160 2354 C.
194 2316 290 2363 εἰμὶ
328 2314 375 2353 ἔν
413 2319 463 2363 τῇ
497 2318 647 2364 τέχνῃ]
683 2331 744 2353 ar-

74 2365 360 2399 temfactito.
385 2375 418 2399 v.
442 2367 602 2417 praefat.
626 2377 661 2418 p.
678 2368 711 2398 4.

119 2409 198 2444 καὶ
246 2406 330 2453 γάρ
373 2408 450 2443 καὶ
495 2422 546 2444 τα
595 2406 743 2455 guum]

75 2457 241 2490 etenim
270 2455 402 2487 multi
437 2458 611 2489 omnino
641 2457 747 2489 mihi

75 2503 177 2534 anni
194 2504 311 2534 sunt.
343 2499 507 2533 Eandem
530 2502 748 2534 sententiam

76 2557 155 2579 cum
172 2548 209 2579 vi
227 2549 264 2580 et
281 2547 465 2588 gravitate
489 2546 645 2587 quadam
663 2557 747 2579 con-

74 2591 220 2624 firmans
244 2591 363 2624 addit:
392 2601 514 2623 nemo
545 2602 595 2624 ex
619 2592 747 2625 vobis

76 2638 274 2678 omnibus
301 2639 385 2673 est,
413 2637 540 2669 cuius
564 2647 644 2679 ego
662 2648 746 2670 non

76 2683 239 2724 possim
292 2692 366 2725 pro
417 2684 572 2714 aetate
616 2686 747 2725 pater

76 2736 186 2760 esse.
231 2727 275 2759 In
309 2727 367 2759 his
405 2721 564 2765 οὐδενός
595 2737 659 2770 per
691 2731 745 2760 at-

75 2771 292 2804 tractionem
324 2772 508 2824 quandam
540 2772 644 2804 casui
664 2783 746 2815 pro—

75 2817 163 2848 ximi
179 2818 399 2858 pronominis
416 2829 436 2850 o
447 2829 466 2850 τ
475 2828 494 2850 ο
504 2829 527 2850 υ
544 2827 744 2850 accommo-

75 2861 200 2894 datum
217 2865 286 2903 est,
302 2866 343 2895 ut
362 2863 459 2895 infra
477 2874 511 2905 p.
529 2865 593 2896 323
612 2858 744 2902 0159

817 1225 1031 1285 αναγκαῖον
1062 1226 1205 1265 οὐδένα
1244 1224 1368 1264 ὅντιν’
1408 1225 1494 1275 ουχὶ

816 1295 861 1300 —-
876 1275 1061 1320 μετέχειν,
1080 1280 1118 1309 et
1133 1271 1288 1310 πάντων
1300 1276 1493 1330 redundat,

816 1326 856 1354 ut
874 1333 932 1365 ap.
949 1322 1131 1355 Demosth.
1156 1333 1206 1356 or.
1226 1324 1281 1364 20,
1299 1325 1338 1355 3:
1356 1317 1405 1355 ου’
1421 1318 1494 1374 γὰρ

818 1364 922 1401 ἔστιν
945 1362 1011 1409 ἐφ’
1037 1361 1128 1401 ὅτου
1146 1367 1256 1401 τοῦτο
1280 1378 1329 1401 ου
1354 1363 1493 1403 πεπόν-

816 1413 917 1446 θατε
934 1413 1010 1447 τῶν
1025 1408 1190 1447 πάντων.

861 1453 971 1492 καθ’
990 1454 1182 1502 ἡλικίαν
1198 1453 1369 1503 πατὴρ]
1387 1459 1495 1511 Apud

819 1504 1017 1537 Homerum
1033 1504 1358 1538 NestorDiomedi:
1376 1517 1400 1548 η
1417 1500 1496 1557 μὴν

820 1548 887 1583 καὶ
905 1547 988 1588 νέος
999 1544 1090 1601 ἐσσί,
1110 1544 1198 1593 ἐμὸς
1217 1547 1310 1583 δέκε
1326 1546 1493 1590 καὶπάϊς

821 1594 902 1638 εἴης
921 1590 1132 1634 ὁπλότατος
1149 1595 1346 1639 γενεῇφιν.
1373 1597 1492 1637 Quum

815 1651 904 1674 vero
932 1641 1040 1673 multi
1064 1640 1199 1674 Graeci
1227 1643 1300 1674 iam
1323 1641 1496 1675 duodevi-

819 1687 955 1719 cesimo
973 1687 1112 1719 aetatis
1138 1698 1234 1719 anno
1251 1687 1434 1729 completo
1456 1688 1495 1719 in

817 1732 1084 1764 matrimonium
1102 1732 1208 1773 irent,
1235 1743 1279 1765 ex
1295 1733 1352 1764 his
1370 1733 1493 1765 verbis

817 1777 853 1808 id
884 1788 995 1809 unum
1028 1776 1206 1818 efficitur,
1253 1778 1494 1820 Protagoram

815 1823 1002 1855 minimum
1018 1823 1152 1865 viginti
1169 1823 1276 1855 annis
1290 1833 1399 1864 quum
1408 1824 1496 1856 Pro-

819 1868 901 1900 dico
921 1871 958 1900 et
973 1868 1147 1910 Hippiae,
1170 1870 1249 1900 tum
1267 1868 1413 1901 Socrati
1431 1879 1492 1902 ae-

819 1916 897 1945 tate
915 1914 1159 1964 praestitisse.

864 1956 969 2001 περὶ
1035 1953 1210 1992 τούτων
1269 1953 1493 1994 ἁπαντων

821 1998 1052 2047 ἐναντίον]
1073 2004 1118 2037 H.
1139 2015 1168 2037 e.
1181 2005 1490 2046 coramomnibus,

818 2050 881 2090 qui
904 2050 1003 2082 intus
1026 2053 1127 2090 sunt3
1152 2060 1224 2083 non
1247 2050 1352 2083 modo
1370 2061 1491 2083 coram

815 2095 861 2127 iis
891 2095 1104 2137 quibuscum
1132 2095 1193 2128 hic
1206 2106 1348 2138 versor,
1378 2096 1442 2128 sed
1457 2107 1491 2128 e-

816 2141 908 2172 tiam
941 2150 1063 2172 coram
1094 2141 1251 2174 Prodico
1284 2144 1322 2174 et
1352 2141 1492 2193 Hippia

819 2195 1014 2227 eorumque
1034 2186 1276 2221 auditoribus,
1296 2181 1490 2228 ἁπάντων,

818 2241 900 2263 cum
922 2232 960 2264 vi
982 2231 1141 2273 quadam
1164 2232 1421 2283 praemissum,
1447 2232 1493 2264 ad

816 2277 981 2318 proxima
990 2276 1064 2309 τῶν
1071 2270 1213 2310 ἕνδον”
1192 2288 1211 2309 ο
1218 2289 1314 2310 ντων
1321 2277 1492 2319 pertinet.

860 2319 940 2354 καὶ
985 2321 1040 2367 τῷ
1079 2317 1235 2365 Ιππίᾳ
1279 2317 1492 2364 ἐνδείξα-

817 2365 946 2422 σθαι]
979 2368 1035 2400 De
1063 2357 1272 2400 discrimine
1300 2368 1493 2400 verborum

817 2406 1115 2446 ἐπιδείκνυσθαι
1149 2415 1185 2444 et
1217 2407 1491 2446 ἐνδείκνυσθαι

816 2460 917 2490 recte
936 2457 1056 2491 Schol
1075 2457 1121 2489 ad
1137 2457 1492 2500 Aleibiad.1.p.105

816 2497 947 2535 Β.τό
981 2497 1294 2554 ἐνδείξασθαι
1327 2470 1404 2536 ἐπὶ
1423 2503 1490 2536 τοῦ

818 2547 998 2591 λογισμοῦ
1016 2558 1160 2602 ταττει,
1186 2543 1226 2581 τὸ
1250 2545 1293 2582 δὲ
1312 2543 1490 2581 ἐπιδεί-

818 2592 991 2634 ξασθαι
1022 2587 1085 2626 ε’πὶ
1112 2593 1180 2626 τοῦ
1204 2588 1353 2626 α’ποταδ
1359 2605 1404 2636 ην
1432 2593 1490 2634 (de

817 2650 878 2679 eo,
909 2637 1005 2679 quod
1029 2638 1231 2671 directe
1222 2651 1245 2673 1.
1264 2650 1294 2671 e.
1321 2650 1363 2671 re
1388 2640 1489 2681 ipsa

816 2664 1051 2735 ostenditur)
1067 2683 1185 2717 Stallb.

859 2729 904 2761 D.
927 2727 984 2761 Τί
997 2719 1105 2783 οὖν,
1119 2723 1346 2771 ἔφηνὲγώ,
1364 2723 1416 2761 ου’
1432 2726 1485 2772 m]

814 2774 1018 2806 Pronomen
1035 2768 1106 2817 ἐγώ
1123 2777 1271 2816 propter
1287 2773 1489 2816 longiorem

814 2819 1007 2851 verborum
1038 2819 1352 2861 intercapedinem
1385 2830 1489 2862 repe-

814 2864 932 2896 titum.
