1716 2886
524 186 767 227 GORGIAS.
797 187 841 225 P.
873 190 967 225 492.
997 186 1056 225 ed.
1087 186 1145 225 St.
1430 187 1511 222 229

162 296 387 339 ἐπαινοῦσι
414 295 494 351 τὴν
521 296 809 350 σωφροσύνην
837 294 906 336 καὶ
935 293 1014 349 τὴν
1034 294 1312 347 δικαιοσύνην
1338 292 1409 334 διὰ
1430 291 1510 346 τὴν
1540 293 1579 336 Β

159 362 302 403 αὐτῶν
330 362 579 414 ἀνανδρίαν.
609 360 699 403 ἐπεί
724 374 771 414 γε
800 355 864 409 οἷς
893 358 934 411 ἐξ
962 360 1092 413 ἀρχῆς
1117 358 1305 413 ὑπῆρξεν
1332 358 1358 412 ἢ
1389 359 1512 410 βασι-

159 427 267 468 λέων
297 426 433 469 υἱέσιν
472 423 581 468 εἶναι
617 426 644 480 ἢ
685 424 842 473 αὐτοὺς
879 432 930 479 τῇ
970 426 1098 478 φύσει.
1135 424 1310 472 ἱκανοὺς
1348 422 1514 474 ἐκπορί-

158 496 319 534 σασθαι
360 493 494 546 ἀρχήν
529 507 625 532 τινα
663 490 689 545 ἢ
728 491 966 542 τυραννίδα
1004 490 1029 543 ἢ
1070 489 1345 538 δυναστείαν,
1384 488 1425 528 τί
1462 494 1513 542 τῇ

159 558 338 613 ἀληθείᾳ
366 557 531 611 αἴσχιον
559 555 630 598 καὶ
657 556 808 597 κάκιον
835 556 897 610 εἴη
926 556 1211 608 σωφροσύνης
1230 554 1399 602 τούτοις
1424 556 1515 602 τοῖς

158 623 432 675 ἀνθρώποιςς
472 617 537 670 οἷς
565 619 660 672 ἐξὸν
688 621 922 663 ἀπολαύειν
960 622 1046 662 τῶν
1074 620 1256 673 ἀγαθῶν
1294 618 1365 660 καὶ
1392 620 1513 672 μηδε-

160 688 236 736 νὸς
263 685 462 740 ἐμποδὼν
490 689 628 735 ὄντος,
658 685 778 728 αὐτοὶ
809 684 977 735 ἑαυτοῖς
999 686 1210 739 δεσπότην
1229 683 1513 738 ἐπαγάγοιντο
1540 688 1544 690 ’

158 753 233 794 τὸν
260 754 347 793 τῶν
374 754 543 793 πολλῶν
572 753 820 804 ἀνθρώπων
848 752 986 804 νόμον
1014 766 1057 792 τε
1085 749 1155 792 καὶ
1180 751 1311 803 λόγον
1338 749 1408 791 καὶ
1436 750 1513 799 ψό-

226 895 276 930 ού
316 895 558 937 δυνάμενοι
601 896 708 939 ἐκπ.]
757 898 798 929 V.
836 896 910 929 ἑκπ.
942 894 984 929 ού
1018 895 1047 928 δ.
1085 896 1206 928 invitis
1244 894 1341 928 codd.
1381 900 1515 938 praeter

160 944 238 977 Par.
262 943 344 975 EF.
368 943 439 975 fere
463 943 632 975 omnibus.

227 989 266 1020 B.
312 987 464 1020 κάκιον
503 988 572 1031 εἴη
613 985 934 1031 σωφροσύνης]
982 987 1143 1019 F101.x.
1178 983 1417 1028 σωφροσύιης
1457 986 1512 1017 καὶ

159 1031 391 1087 δικαιοσύνης
437 1034 483 1065 Et
514 1034 563 1065 ita
594 1038 695 1066 antea
725 1037 908 1075 utrumque
940 1031 1175 1075 coniungebat
1200 1031 1381 1063 Callicles.
1417 1030 1513 1063 ἐπαι-

162 1082 260 1110 ιοῦσι
286 1075 346 1121 τὴν
373 1077 615 1120 σωφροσύιηι
645 1079 700 1110 καὶ
727 1076 788 1120 τὴι
813 1076 1044 1120 Btnazomimqr,
1081 1088 1120 1108 ac
1145 1076 1323 1119 deinceps:
1362 1074 1431 1108 ὑπὸ
1455 1080 1515 1108 τοῦ

160 1125 264 1156 καλοῦ
290 1127 346 1166 τῆς
372 1121 595 1166 δικαιοσύνης
619 1125 674 1156 καὶ
701 1127 758 1164 τῆς
785 1121 1034 1165 σωφροσύνης.
1070 1122 1161 1154 Edit.
1179 1123 1256 1154 Bas.
1272 1121 1310 1154 2:
1338 1124 1406 1154 τῶι
1429 1118 1512 1164 ἀγα-

161 1170 239 1201 θῶν
263 1170 318 1200 καὶ
344 1166 564 1210 δικαιοσύνης
588 1169 643 1200 καὶ
668 1167 820 1221 μηδειὸς
846 1166 1012 1207 ἑμποδώι
1034 1165 1146 1201 ὄντος.
1195 1167 1302 1199 Vides
1326 1166 1433 1199 verba
1457 1168 1512 1199 καὶ

159 1212 381 1256 δικαιοσύνης
404 1214 518 1245 alieno
549 1214 627 1246 loco
659 1225 734 1246 esse
766 1213 985 1255 interposita:
1018 1213 1142 1245 erroris
1171 1213 1301 1245 fontem
1333 1213 1402 1244 iam
1425 1213 1514 1244 Rou-

160 1259 252 1291 thius
276 1259 416 1291 detexit.
457 1258 563 1291 Nolui
587 1264 702 1291 tamen
726 1269 820 1291 nunc
845 1259 963 1290 invitis
987 1259 1113 1290 ceteris
1138 1257 1237 1292 codd.
1263 1257 1360 1302 istud*
1381 1258 1436 1289 καὶ
1464 1258 1513 1290 ὄι-

162 1302 350 1346 καιοσύνης
372 1304 533 1346 recipere.
1239 1333 1253 1344 ,

227 1350 295 1381 καὶ
321 1346 515 1391 μηδενὸς
539 1346 746 1388 ἐμποδών
772 1346 914 1392 ὄντος]
941 1350 1008 1386 καί,
1034 1347 1124 1390 quod
1139 1348 1236 1382 codd.
1255 1348 1358 1391 longe
1374 1348 1514 1390 plurimi

160 1405 238 1427 cum
264 1394 379 1427 Clark.
405 1394 484 1426 Vat.
509 1393 614 1426 Coisl.
648 1399 680 1426 ct
704 1394 790 1426 Vcn.
822 1393 862 1426 Σ.
887 1399 1039 1434 tuentur,
1065 1394 1101 1425 in
1126 1398 1208 1426 vett.
1232 1393 1326 1426 editt.
1350 1394 1514 1426 omissum

160 1505 343 1538 verborum
366 1505 535 1538 connexio
566 1516 634 1547 quo
665 1505 805 1538 facilius

159 1549 339 1594 appareret
348 1575 357 1591 ,
390 1555 470 1583 ante
493 1549 579 1591 ὅπερ
612 1551 690 1583 loco
715 1562 806 1583 com—

161 1597 263 1629 matis
286 1597 450 1628 maiorem
483 1596 583 1638 posui
618 1596 806 1629 distinctio·

162 1653 250 1674 nem.
298 1642 385 1674 Nam
420 1641 526 1684 vulgo
564 1641 649 1673 haec
685 1652 803 1684 perpe-

161 1698 234 1719 ram
265 1687 522 1729 distinguuntur
557 1687 625 1719 sic:
657 1705 700 1710 —
743 1685 805 1729 τὴν

163 1730 364 1770 ἀκολασίαν,
390 1729 475 1773 ὅπερ
496 1750 540 1755 -
557 1732 676 1775 ἔλεγον
689 1743 695 1750 ·
721 1731 803 1764 δου-

165 1775 324 1816 λούμενοι
363 1788 391 1808 κ.
433 1789 457 1808 τ.
493 1778 519 1809 i..
590 1777 721 1808 Vitium
761 1788 804 1809 ex

163 1828 259 1864 parte
312 1821 453 1853 sustulit
497 1822 532 1853 H
540 1822 610 1854 ein
619 1822 640 1853 d
649 1833 668 1854 o
676 1833 692 1853 ι·
702 1822 735 1853 fi
743 1832 766 1853 u
776 1832 803 1861 s,

163 1868 222 1909 qui
253 1870 331 1908 post
355 1866 474 1907 ἔλεγον
504 1872 672 1899 commate
702 1868 806 1899 inter-

162 1913 287 1954 punxit
297 1936 306 1951 ,
332 1916 412 1943 ante
437 1909 524 1951 ὅπερ
559 1913 726 1944 minorem
757 1912 804 1943 di-

163 1958 383 1989 stinctionem
406 1956 556 1998 reliquit.
608 1957 723 1997 Quum
745 1968 805 1989 au-

162 2010 229 2034 tem
265 2002 351 2033 haec
382 2001 573 2033 inserviant
602 2003 718 2034 verbis
751 2013 805 2034 su-

162 2046 354 2089 perioribus
367 2048 563 2079 accuratius
578 2047 806 2088 illustrandis,

163 2103 263 2124 nemo
287 2092 371 2131 erit,
400 2092 538 2133 opinor,
570 2093 629 2134 qui
654 2092 806 2125 scriben-

163 2138 243 2169 dum
269 2137 444 2190 opinetur.
479 2135 564 2177 ὅπερ
599 2149 619 2180 γ
629 2135 648 2169 ἀ
662 2149 679 2178 ρ
715 2136 756 2169 ἐν
780 2150 804 2169 τ.

166 2194 221 2223 πρ.
255 2179 322 2224 ἐγώ
353 2182 483 2224 ἔλεγον.
522 2183 724 2215 v.1ndic.
763 2182 806 2214 ad

164 2228 203 2259 Τ.
223 2227 249 2259 I.
266 2238 292 2259 s.
317 2237 350 2258 V.
374 2227 650 2269 Asyndeton.
682 2228 805 2260 Paullo

166 2279 245 2304 ante
269 2283 311 2303 αι
325 2281 428 2312 σχρο
443 2284 462 2303 ν
493 2270 544 2314 δή
577 2283 714 2313 φασιν
737 2279 805 2304 est:

165 2325 332 2359 turpem
395 2316 577 2350 scilicet
644 2318 806 2350 dicunt.

164 2362 279 2395 Habet
303 2362 395 2393 enim
420 2359 462 2404 δή
485 2361 616 2395 ironiae
635 2363 808 2405 significa-

165 2409 304 2447 tionem,
328 2412 367 2438 ut
390 2408 592 2440 sexcenties.

211 2451 547 2492 ἐκπορίζεσθαι
580 2457 672 2487 razs-
712 2450 807 2496 ἡδο-

167 2510 186 2528 1
197 2502 266 2531 αῖς
292 2494 533 2540 πλήρωσιν]
557 2497 602 2529 H.
621 2508 650 2530 c.
674 2466 807 2530 ul⁷lam

166 2543 386 2575 rationem
405 2542 569 2583 explen
583 2541 728 2575 darum
745 2553 808 2575 cu-

166 2588 236 2629 pid
247 2588 404 2619 itatum
443 2587 660 2620 invenire.
714 2589 809 2620 Infra

167 2643 198 2674 p.
237 2630 314 2664 494.
362 2631 406 2663 C:
452 2629 510 2665 τὰς
542 2650 585 2656 —
621 2632 809 2672 ἐπιθυμίας

168 2675 304 2711 ἁπάσας
327 2695 371 2700 -
397 2677 564 2719 πληροῦν.

211 2723 250 2754 Β.
268 2721 367 2754 ἐπεί
389 2733 438 2764 γε
463 2719 529 2756 οἷς
546 2721 591 2764 ἐξ
613 2719 808 2766 ἀρχῆς-]

874 1507 927 1538 De
952 1506 1150 1538 accusativo
1173 1509 1252 1548 post
1268 1505 1424 1537 dativum
1439 1505 1515 1537 illa-

874 1557 908 1583 to
932 1562 963 1583 v.
983 1556 1118 1593 praeter
1140 1551 1228 1583 alios
1250 1551 1444 1583 Elmslei.
1471 1551 1515 1583 ad

873 1597 992 1638 Eurip.
1017 1596 1191 1630 Heraclid.
1215 1607 1249 1628 v.
1265 1595 1342 1629 693.
1365 1596 1408 1628 ad
1422 1596 1514 1628 Med.

871 1653 903 1684 p.
938 1640 1012 1674 169.
1045 1648 1115 1674 not.
1148 1641 1179 1674 9.
1212 1642 1301 1674 Ast.
1334 1642 1377 1673 ad
1407 1643 1515 1685 Legg.

871 1698 903 1729 p.
939 1686 1013 1720 158.
1047 1691 1166 1719 nostra
1203 1687 1246 1719 ad
1287 1687 1444 1729 Sympos.
1483 1698 1514 1728 p.

874 1731 948 1765 176.
975 1733 1017 1764 D.
1041 1732 1269 1764 Matthiae.
1294 1733 1323 1771 §.
1345 1731 1422 1765 536.
1447 1733 1514 1764 Pro

874 1776 955 1809 ἐπεί
973 1789 1013 1819 γε
1037 1774 1091 1810 οἷς
1114 1787 1158 1808 ne
1182 1777 1259 1818 quis
1282 1787 1362 1809 cum
1385 1778 1514 1809 Hein-

873 1822 989 1854 dorsi
1000 1833 1019 1854 o
1052 1821 1272 1854 scribendum
1312 1826 1409 1864 putet.
1439 1821 1515 1854 ἐπεὶ

874 1864 928 1901 οἷς
958 1879 1013 1909 γε,
1046 1867 1193 1910 legenda
1226 1872 1278 1899 est
1305 1866 1422 1899 brevis
1453 1867 1516 1900 illa

874 1913 907 1944 H
917 1924 934 1945 e
944 1924 999 1944 rm
1011 1923 1062 1944 an
1071 1913 1116 1944 ni
1141 1913 1318 1944 annotatio
1343 1912 1387 1945 ad
1400 1913 1515 1955 Viger.

919 2005 960 2034 τί
987 2006 1033 2045 τῇ
1064 2000 1256 2046 ἀληθείᾳ
1286 2021 1331 2026 —
1361 2002 1484 2035 κάκιο
1499 2015 1517 2033 ι’

874 2047 956 2091 εἴη]
975 2048 1078 2090 quid
1101 2049 1198 2090 quis
1222 2052 1348 2090 putet
1364 2059 1517 2080 revera

874 2094 1050 2135 turpius
1073 2104 1168 2125 esse
1192 2099 1256 2127 etc.
1281 2093 1333 2126 Ne
1357 2094 1435 2135 quis
1458 2094 1516 2125 hic

875 2143 908 2170 et
931 2139 981 2170 in'
998 2139 1165 2180 proximis
1191 2136 1232 2170 ἄν
1261 2138 1448 2177 desideret,
1483 2149 1515 2170 v.

874 2194 963 2225 quae
993 2183 1029 2215 id
1058 2194 1168 2226 genus
1209 2183 1281 2215 alia
1314 2183 1517 2226 collegimus

875 2228 918 2261 ad
948 2227 1121 2261 Alcibiad.
1160 2229 1185 2260 I.
1226 2240 1259 2271 p.
1294 2227 1369 2261 132.
1402 2229 1440 2266 Β.
1484 2234 1517 2261 et

874 2274 1017 2306 Lachet.
1055 2285 1087 2316 p.
1129 2272 1204 2306 190.
1236 2274 1274 2306 B.
1333 2274 1517 2315 Optativus

875 2319 950 2351 sine
975 2317 1018 2350 ἄν
1057 2318 1228 2360 quomodo
1270 2318 1518 2362 intelligendus

875 2365 938 2404 sit,
970 2364 1131 2405 exposuit
1153 2364 1434 2396 Hermannus
1464 2365 1517 2396 De

875 2414 962 2451 part.
1000 2407 1045 2441 ἄν
1081 2419 1114 2450 p.
1153 2407 1228 2441 157.
1268 2409 1358 2441 conf.
1401 2410 1518 2442 Rost.

929 2456 992 2493 .§.
1019 2452 1095 2486 1220.
1121 2453 1393 2496 Bernhardy.
1419 2455 1516 2495 Synt.

876 2510 908 2541 p.
932 2498 1010 2531 411.
1056 2498 1176 2531 Facile
1198 2503 1314 2532 tamen
1341 2500 1518 2541 scripseris

876 2555 975 2575 —av
999 2543 1086 2586 δί’-ἠ

923 2585 992 2622 οἷς
1017 2586 1122 2629 ἐξὸν
1145 2586 1207 2620 ἀπ.
1227 2588 1283 2631 -]
1310 2589 1420 2620 Casus
1444 2599 1519 2630 pro-

877 2634 1028 2665 nominis
1045 2644 1139 2667 more
1163 2634 1234 2666 fere
1250 2634 1424 2666 constanti
1443 2644 1517 2675 par-

877 2679 994 2720 ticipio
1018 2679 1296 2711 accommodatus
1317 2684 1379 2718 est,
1413 2689 1519 2720 quum

877 2723 1015 2756 deberet
1054 2723 1160 2756 verbo
1191 2724 1288 2756 finito
1299 2748 1308 2764 ‚
1346 2724 1414 2756 hoc
1448 2724 1519 2757 fere
