1682 2944
411 213 484 251 AD
514 212 758 252 GORGIAM
786 211 996 252 PLATON
996 211 1058 250 IS.
1358 215 1409 250 55

59 330 168 367 tanto
196 328 323 366 minus
351 328 423 366 hoc
450 326 534 366 fieri
562 329 664 365 recte
693 325 854 375 poterit,
885 325 986 376 quod
1015 323 1176 372 Gorgias
1205 336 1292 361 cum
1320 324 1409 362 reli-

59 384 147 436 quis
173 384 336 432 dialogis
366 397 388 422 a
416 384 577 422 Platone
597 381 791 420 Socratica
819 384 946 419 aetate
975 394 1045 419 sua
1073 380 1307 429 consignatis
1335 382 1409 419 hoc

58 441 176 479 habet
203 453 412 487 commune,
441 440 544 491 quod
571 439 612 477 in
632 452 676 477 eo
706 438 815 476 nulla
838 438 932 475 dum
951 437 1196 487 reperiuntur
1213 437 1409 476 doctrinae

58 497 230 535 idearum
258 496 422 545 vestigia
450 499 566 547 atque
596 495 723 534 omnia
750 495 831 532 fere
861 494 1054 532 Socratico
1082 507 1188 532 more
1215 494 1409 532 disserun-

59 558 133 600 tur,
170 553 261 592 licet
288 553 365 591 iam
394 553 442 590 ad
469 552 680 602 pleniorem
708 550 921 589 illustrium
946 550 1211 600 philosophiae
1239 550 1409 589 locorum

59 609 352 660 explicationem
389 608 546 658 propius
583 608 634 647 sit
671 620 884 646 accessum:
924 606 962 644 id
993 607 1096 658 quod
1125 607 1265 645 clarius
1294 607 1409 646 intel-

56 666 198 715 ligetur
223 665 331 704 lectis
359 665 426 712 iis,
465 678 564 716 quae
600 666 647 703 de
686 664 794 702 libris
823 663 997 703 Platonis
1027 663 1223 702 Socratica
1258 664 1408 703 ratione

56 722 208 772 scriptis
243 722 285 760 in
322 722 495 772 Prolegg.
535 722 584 760 ad
623 721 718 771 Opp.
756 721 906 759 Platon.
946 720 1030 758 Vol.
1059 721 1092 758 Ι.
1121 720 1164 758 P.
1194 721 1226 758 Ι.
1266 734 1302 770 p.
1331 721 1408 759 XL

57 792 161 830 seqq.
191 779 248 817 ed.
280 781 316 817 4.
346 778 637 828 disputavimus.

141 836 285 874 Verum
313 835 408 873 satis
435 835 531 872 haec
558 835 606 872 de
633 839 814 883 tempore,
843 832 884 871 in
914 832 1016 883 quod
1045 832 1210 881 Gorgiae
1239 832 1407 881 origines

58 891 236 931 incidisse
263 891 470 930 verisimile
508 903 553 929 ac
591 903 708 940 prope
737 893 885 928 certum
921 888 1111 928 videatur.
1170 889 1229 927 De
1259 902 1337 940 qua
1365 902 1407 927 re

58 948 89 987 si
118 948 205 999 quis
233 948 345 997 plura
371 948 467 986 scire
497 950 620 995 aveat,
650 947 754 996 legat
779 946 813 984 is
841 945 959 985 etiam
987 958 1087 996 quae
1116 946 1164 983 de
1192 946 1266 983 hac
1294 959 1335 984 re
1364 945 1407 983 in

57 1005 184 1044 varias
211 1008 340 1055 partes
368 1004 615 1054 disputarunt
651 1004 753 1041 Car.
792 1003 866 1041 Fr.
905 1003 1228 1041 Hermannus
1257 1002 1406 1040 Histor.

57 1061 200 1100 Philos.
228 1061 378 1100 Platon.
408 1061 488 1099 Pol.
509 1061 541 1107 Ι,
565 1063 643 1097 636
666 1073 770 1111 seqq.
795 1060 899 1105 476„
931 1058 1202 1097 Steinhart
1229 1059 1405 1107 Prolegg.

58 1119 107 1156 ad
145 1118 258 1166 Gorg.
296 1131 332 1167 p.
374 1120 452 1156 384
483 1130 588 1168 seqq.
627 1117 711 1155 Vol.
751 1117 805 1153 H.
845 1116 1052 1164 Interpret.
1092 1115 1230 1162 Germ„
1270 1115 1404 1153 Hier.

58 1175 244 1212 Miiller
272 1178 312 1212 et
338 1174 410 1212 Fr.
441 1172 699 1212 Suscmihl
731 1173 856 1210 Genet.
885 1173 1010 1210 Entw.
1042 1173 1077 1210 d.
1106 1172 1211 1210 Plat.
1242 1173 1346 1210 Phil.
1369 1173 1401 1209 Ι.

56 1244 92 1280 p.
127 1233 204 1269 112
235 1243 358 1281 seqq„
395 1230 461 1281 qui
491 1230 538 1268 de
573 1229 630 1268 rei
659 1242 808 1267 summa
835 1228 1034 1267 nobiscum
1063 1227 1217 1267 omnino
1248 1241 1406 1267 consen-

58 1287 172 1325 tiunt.
230 1287 409 1324 Ceterum
447 1298 518 1324 nec
545 1285 775 1334 negligenda
812 1288 903 1323 sunt
940 1297 1040 1336 quae
1077 1284 1282 1322 memoriae
1320 1298 1406 1334 pro-

59 1343 158 1381 didit
185 1344 479 1381 Athenaeus
508 1342 582 1380 XI
602 1356 638 1392 p.
661 1346 737 1388 54.
759 1342 863 1379 hunc
882 1341 1055 1379 Platonis
1075 1340 1270 1390 dialogum
1288 1341 1406 1380 etiam

58 1399 132 1449 ipsi
160 1399 322 1448 Gorgiae
351 1398 584 1437 innotuisse.
625 1393 735 1436 ἄλλοι
773 1395 820 1436 δέ
852 1410 995 1449 φασιν,
1030 1397 1178 1448 inquit,
1219 1394 1274 1443 ὥς
1302 1394 1403 1435 ἀνα-

52 1452 175 1504 γνοὺς
203 1452 224 1494 ὁ
242 1455 281 1493 I
274 1453 414 1522 οργιάς
434 1452 506 1494 τὸν
521 1451 748 1500 Πλάτωνος
768 1450 953 1505 διάλογον
971 1451 1072 1503 πρὸς
1091 1451 1187 1499 τούς
1202 1450 1407 1506 παρόντας

60 1513 173 1550 εἶπεν·
203 1507 284 1550 ἀλλ’
307 1508 425 1550 οὐδὲν
443 1508 600 1550 τούτων
627 1506 718 1549 ου’τε
748 1506 851 1549 εἶπεν
869 1507 960 1550 ου’τε
977 1506 1133 1561 ἤκουσε.
1173 1509 1250 1551 Qui
1277 1523 1408 1549 rumor

61 1568 91 1606 si
121 1581 199 1606 non
226 1568 339 1618 plane
367 1568 494 1606 inanis
524 1571 603 1614 est,
642 1567 733 1606 hinc
760 1580 912 1618 quoque
942 1567 1209 1618 consequitur,
1245 1570 1291 1606 ut
1318 1568 1406 1605 Pla-

60 1625 162 1663 tonis
191 1624 363 1673 dialogus
402 1637 480 1662 non
514 1623 683 1673 potuerit
719 1627 806 1673 post
833 1623 1002 1673 primum
1030 1623 1113 1662 eius
1141 1623 1215 1662 iter
1243 1623 1285 1662 in
1314 1624 1406 1662 Sici-

62 1681 152 1719 liam
181 1684 402 1730 susceptum
428 1680 569 1719 litteris
598 1680 760 1719 exarari.
778 1702 834 1707 ——-
853 1680 945 1718 Alia
973 1680 1148 1731 quaestio
1178 1683 1256 1727 est,
1285 1693 1407 1732 eaque

62 1738 167 1776 haud
194 1737 324 1787 paullo
343 1737 536 1777 obscurior
554 1750 598 1775 ac
617 1736 820 1783 difficilior,
849 1738 896 1775 de
915 1740 1097 1786 tempore,
1128 1749 1203 1787 quo
1232 1737 1407 1785 dialogus

61 1794 217 1833 habitus
244 1795 424 1842 fingatur.
483 1792 591 1834 Quae
619 1793 775 1844 quidem
804 1793 976 1844 quaestio
1015 1793 1106 1832 licet
1134 1792 1250 1830 alicui
1284 1794 1407 1842 primo

60 1851 244 1900 adspectu
279 1851 484 1888 admodum
521 1850 629 1889 levis.
655 1849 854 1896 videatur,
894 1849 1085 1900 siquidem
1118 1849 1329 1898 disputatio
1367 1850 1408 1887 in

59 1907 159 1945 libro
186 1906 516 1956 praestantissimo
553 1907 601 1943 de
639 1905 849 1944 rhetorices
887 1918 930 1943 ac
958 1905 1223 1955 philosophiae
1261 1906 1409 1944 mutuis

59 1962 273 2001 rationibus
310 1962 493 2001 instituta
526 1963 591 2001 vel
628 1961 711 2000 sine
746 1962 978 2001 accuratiore
1017 1965 1232 2012 temporum
1269 1962 1410 2002 notitia

61 2018 155 2058 satis
183 2018 351 2068 intelligi
385 2018 525 2068 possit3
564 2022 694 2057 tamen
731 2018 798 2069 qui
835 2031 917 2057 rem
956 2018 1171 2057 accuratius
1210 2018 1290 2056 suis
1328 2032 1407 2056 mo—

61 2075 202 2114 mentis
228 2075 527 2125 ponderaverint
554 2074 751 2126 aliquanto
781 2075 894 2114 aliter
919 2074 1167 2115 iudicandum
1193 2088 1276 2113 esse
1302 2076 1407 2113 haud

63 2135 221 2180 gravate
251 2132 469 2171 concedent.
526 2131 628 2170 Nam
655 2144 776 2183 quum
803 2132 987 2170 librorum
1014 2131 1301 2170 Platonicorum
1329 2133 1408 2181 ple-

62 2201 268 2239 rorumque
296 2187 467 2227 omnium
494 2187 590 2226 haec
618 2187 668 2226 sit
704 2187 823 2236 ratic,
860 2191 906 2226 ut
933 2201 1032 2239 quae
1069 2188 1111 2226 in
1138 2188 1186 2226 iis
1215 2189 1410 2227 habentur

63 2244 360 2294 disputationes,
399 2257 468 2283 eae
495 2244 722 2295 neutiquam
760 2245 808 2283 ab
846 2244 968 2295 ipsius
1005 2244 1110 2283 vitae
1148 2245 1312 2283 veritate
1350 2259 1408 2283 se-

62 2300 215 2338 iunctae
243 2303 444 2349 vagentur,
472 2301 540 2339 sed
566 2301 696 2350 potius
725 2313 812 2339 cum
840 2314 886 2339 ea
913 2301 1118 2350 multiplici
1140 2301 1411 2341 contineantur

61 2356 363 2403 necessitudine,
401 2369 463 2395 ars
500 2360 630 2395 autem
677 2360 794 2408 atque
833 2357 1077 2407 compositio,
1125 2370 1203 2408 qua
1239 2357 1409 2406 insignes

62 2414 273 2460 habentur,
311 2413 390 2451 fere
419 2414 468 2460 ad
492 2426 610 2452 unam
636 2413 806 2465 aliquam
833 2427 994 2464 eamque
1025 2417 1167 2452 certam
1194 2417 1410 2464 temporum

64 2475 261 2521 tamquam
288 2468 496 2518 imaginem
523 2473 696 2519 spectare
725 2470 864 2517 soleat,
894 2474 978 2508 tum
1006 2483 1054 2508 ne
1084 2471 1131 2508 de
1160 2470 1301 2519 Gorgia
1325 2471 1409 2522 qui-

66 2527 153 2564 dem
180 2525 292 2564 aliter
319 2525 434 2564 licere
462 2525 674 2564 existimari
703 2526 766 2565 vel
794 2526 892 2565 levis
922 2539 965 2564 ac
992 2527 1253 2576 perfunctoria
1280 2540 1411 2565 rerum

65 2582 106 2620 in
136 2595 180 2620 eo
207 2585 459 2621 tractatarum
487 2582 739 2621 consideratio
769 2596 1083 2634 unumquemque
1102 2584 1235 2621 docere
1255 2583 1409 2633 poterit.

67 2637 323 2679 Quamobrem
352 2651 561 2689 sanequam
588 2652 725 2688 operae
752 2639 920 2688 pretium
944 2639 1100 2679 videtur
1130 2640 1177 2678 de
1205 2640 1267 2678 his
1295 2641 1410 2677 rebus

68 2694 279 2746 disquirere
308 2694 535 2742 accuratius,
562 2695 596 2733 si
622 2696 721 2734 forte
748 2696 833 2734 fieri
859 2695 996 2746 possit,
1028 2699 1072 2735 ut
1100 2696 1192 2747 quid
1221 2709 1289 2746 pro
1318 2709 1410 2734 vero

67 2751 306 2806 probandum
333 2751 400 2801 sit,
438 2751 643 2806 aliquando
672 2752 906 2808 reperiatur.-
952 2753 1006 2793 Et
1033 2753 1080 2792 de
1108 2751 1229 2792 natali
1257 2751 1412 2809 quidem
