1702 2924
386 233 631 275 GORGIAS.
661 234 706 272 P.
736 235 831 272 449.
863 236 958 271 450.
988 233 1047 272 ed.
1078 232 1135 271 St.
1392 233 1444 268 89

699 344 821 383 ΓΟΡ.
849 342 925 383 Οὔ.
983 342 1084 382 ΣΩ.
1117 335 1211 382 Οὐκ
1238 341 1322 392 ἄρα
1350 336 1445 392 περὶ

87 412 251 460 πάντας
285 425 333 464 γε
371 410 472 459 τοὺς
510 409 668 463 λόγους
703 407 732 461 ἦ
772 406 975 462 ῥητορική
1015 405 1140 448 ἐστιν.
1208 406 1334 448 ΓΟΡ.
1381 399 1447 445 Οὐ

87 477 204 531 δῆτα.
262 477 360 518 ΣΩ.
382 471 507 516 Ἀλλὰ
533 471 622 528 μὴν
646 472 784 527 λέγειν
810 486 858 526 γε
885 475 998 514 ποιεῖ
1025 472 1249 520 δυνατούς.
1318 472 1359 512 Γ
1360 471 1446 512 ΟΡ

91 543 191 584 Ναί.
249 543 352 584 Σῼ.
399 535 576 582 Οὐκοῦν
612 538 709 591 περὶ
749 537 891 589 ὧνπερ
929 535 1090 590 λέγειν
1129 536 1202 579 καὶ
1240 539 1446 590 φρονεῖν;

91 610 133 650 Γ
133 609 218 651 ΟΡ
252 609 355 656 Πῶς
381 604 463 659 γὰρ
492 607 568 654 οὒς
598 606 641 646 Σ
644 605 700 645 Q.
723 595 816 656 ’Ao'
846 598 928 644 οὖν
955 602 1049 651 καί
1087 603 1144 657 ἢν
1170 609 1255 644 νῦν
1283 601 1336 656 δὴ
1366 599 1447 642 ἐλέ-

88 687 247 727 γομεν,
288 672 317 727 ἡ
345 669 510 725 ἰατρικὴ
547 669 643 723 περὶ
681 671 768 711 τῶν
806 667 1061 721 καμνόντων
1097 671 1213 709 ποιεῖ
1236 666 1451 716 δυνατοὺς
1478 657 1563 700 450

90 734 201 780 εἶναι
229 740 411 791 φρονεῖν
446 735 517 778 καὶ
557 734 719 789 λέγειν;
758 736 800 775 Γ
799 735 885 775 ΟΡ
909 730 1115 786 Ἀνάγκη.
1172 734 1275 774 ΣΩ.
1308 732 1394 773 Καὶ
1422 732 1450 786 ἦ

90 802 256 857 ἰατρικὴ
285 805 391 856 ἄρα,
434 801 493 851 ὡς
520 801 651 851 ἔοικε,
688 798 784 852 περὶ
811 799 971 853 λόγους
1010 797 1108 840 ἐστί.
1178 801 1220 840 Γ
1221 799 1306 839 ΟΡ.
1346 798 1448 839 Ναί.

91 869 194 910 ΣΩ.
232 868 344 917 Τούς
371 881 418 921 γε
446 865 542 920 περὶ
569 865 621 907 τὰ
648 867 894 920 νοσήματα;
938 865 1063 906 ΓΟΡ.
1095 863 1307 905 Μάλιστα.
1346 864 1448 905 Σῼ.

94 930 272 976 Οὐκοῦν
307 931 380 975 καὶ
417 932 445 986 ἦ
471 924 738 986 γυμναστικὴ
779 930 873 984 περὶ
903 930 1061 984 λόγους
1100 928 1186 970 ἐστὶ
1214 929 1315 978 τοὺς
1354 927 1449 981 περὶ.

91 993 259 1050 εὐεξίαν
284 1013 328 1040 τε
355 999 443 1039 τῶν
469 997 678 1051 σωμάτων
713 996 786 1039 καὶ
813 995 1030 1050 καχεξίαν;
1072 997 1113 1036 Γ
1113 996 1199 1036 ΟΡ.
1230 995 1361 1036 Πάνυ
1388 1008 1448 1048 γε.

91 1065 194 1105 Σῼ.
235 1062 323 1105 Καὶ
369 1062 455 1118 μὴν
491 1063 563 1104 καὶ
600 1062 646 1104 αἱ
680 1064 804 1103 ἄλλαι
839 1061 1003 1115 τέχναι,
1046 1055 1079 1101 ὦ
1109 1062 1150 1102 Γ
1146 1060 1285 1114 οργία,
1315 1058 1450 1109 οὕτως

90 1126 282 1183 ἔχουσιν·
336 1126 489 1182 ἑκάστη
528 1128 672 1170 αὐτῶν
712 1127 809 1180 περὶ
848 1127 1007 1180 λόγους
1044 1124 1130 1167 ἐστὶ
1167 1125 1376 1174 τούτους,
1415 1126 1456 1166 οἳ
1495 1123 1534 1166 Β

91 1195 382 1248 τυγχάνουσιν
411 1196 531 1243 ὄντες
567 1192 663 1247 περὶ
690 1194 739 1234 τὸ
766 1199 967 1246 πρᾶγμα,
1007 1185 1061 1233 οὗ
1102 1189 1254 1244 ἑκάστη
1283 1188 1400 1240 ἐστὶν,
1423 1189 1452 1244 ἦ

87 345 357 399 διαιτώμενοι
383 343 619 398 ὑγιαίνοιεν
631 360 640 392 ;

91 1368 128 1399 in
153 1365 216 1406 οὐ,
251 1367 343 1422 quod
375 1367 480 1399 iidem
510 1370 660 1399 tuentur.
707 1367 799 1410 Ergo
831 1376 951 1408 parum
984 1369 1086 1398 caute
1118 1365 1219 1397 Turr.
1242 1365 1361 1397 Herm.
1392 1364 1454 1396 alii

90 1413 290 1446 novissimi:
312 1407 386 1454 Ap’
407 1406 486 1451 οὖπ,
493 1410 554 1455 ,ἣν
570 1415 636 1444 νῦν
651 1409 694 1454 δὴ
711 1413 739 1444 λ..
773 1413 840 1444 Pro
856 1410 1030 1454 ἐλέγομεν,
1056 1410 1148 1453 quod
1164 1414 1279 1443 tuetur
1302 1409 1405 1442 vind.
1420 1409 1452 1443 6.

90 1459 182 1492 Flor.
201 1459 225 1491 f.
241 1469 269 1491 s.
285 1463 319 1490 et
333 1469 399 1491 rec.
416 1457 534 1499 CoisL,
549 1461 632 1490 vett.
646 1457 742 1490 editt.
759 1456 913 1501 λέγομεν.
939 1457 1031 1489 Dein
1050 1455 1071 1500 ἡ
1090 1453 1225 1500 ἰατρικὴ
1240 1455 1359 1488 Clark.
1373 1456 1452 1488 Vat.

93 1504 137 1536 A.
170 1504 258 1537 Ven.
284 1503 364 1537 ΞΣ.
398 1503 504 1536 Coisl.
535 1503 612 1535 Par.
636 1502 806 1535 BCVW.
832 1501 931 1535 Bodl.
956 1502 1047 1556 Aug.
1070 1503 1211 1535 Mearm.
1235 1501 1341 1534 Vind.
1364 1500 1396 1534 1.
1420 1500 1452 1534 2.

92 1548 123 1583 6.
149 1547 296 1582 7.F10r.
320 1559 351 1580 a.
375 1559 406 1581 c.
429 1548 462 1581 d.
485 1549 511 1580 f.
534 1559 580 1580 m.
626 1547 824 1591 Legebatur
856 1545 1024 1590 ἰατρικήν.
1073 1546 1224 1580 Verbum
1257 1550 1353 1579 ποιεῖ
1375 1550 1453 1589 post

92 1592 298 1634 καμνόντων
321 1604 387 1627 om.
413 1594 529 1627 Clark.
556 1593 662 1627 Coisl.
688 1593 781 1626 Flor.
804 1593 1053 1626 BCEFVW.
1077 1592 1181 1625 vind.
1203 1591 1235 1626 6.
1259 1592 1351 1625 Flor.
1371 1603 1403 1625 a.
1424 1602 1452 1624 c.

92 1641 116 1672 f.
139 1651 184 1673 m.
209 1651 240 1673 ο.
265 1645 291 1672 s:
338 1640 430 1672 Num
452 1640 561 1683 igitur
590 1640 628 1671 in
651 1639 706 1671 his
731 1639 830 1671 libris
854 1649 915 1681 pro
941 1633 1034 1671 εἶναι
1057 1639 1222 1681 seriptum
1245 1638 1313 1670 fuit
1335 1639 1452 1670 ποιεῖῖ

92 1686 182 1719 Nam
213 1689 305 1718 ποιεῖ
330 1695 453 1728 parum
484 1684 660 1717 commode
693 1695 737 1717 ex
769 1685 978 1728 antegressis
1009 1684 1161 1727 intelligi
1184 1683 1286 1716 facile
1310 1683 1452 1724 sentias,

93 1741 200 1773 quum
231 1741 323 1763 nova
352 1731 660 1774 argumentationis
683 1738 765 1773 pars
789 1730 952 1763 ordiatur.
998 1729 1132 1762 Iniuria
1155 1730 1262 1773 igitur
1284 1728 1373 1762 illud
1396 1728 1452 1761 de-

92 1776 177 1809 levit
198 1776 388 1809 Hermann.

806 1921 963 1964 proxime
994 1919 1214 1963 praecedenti
1243 1919 1379 1954 dicendi
1402 1932 1453 1953 ar-

805 1971 876 1999 tem
911 1967 1124 1999 memoravit.
1177 1966 1297 2008 Itaque
1333 1976 1453 1998 verum

95 1933 167 1956 σας.
202 1922 340 1956 ΜΕΝ.
356 1925 449 1957 τίνος
471 1921 514 1966 δὴ
529 1922 615 1959 οἴει,·
639 1922 737 1964 Sym-

90 1979 164 2011 pos.
188 1979 220 2011 p.
244 1966 321 2001 202.
346 1969 402 2008 Β.,
432 1969 494 2000 ubi
516 1979 550 2000 v.
574 1972 691 2000 annot.

138 2048 156 2068 ο
169 2035 185 2067 ἲ
203 2034 387 2078 δηλοῦσι
402 2033 500 2070 τοὺε,ἱ
516 2033 652 2077 κάμν.]
671 2036 735 2067 I.e.

94 2080 249 2123 δηλοῦσι,
273 2078 320 2115 ὥς
335 2078 380 2113 ἂν
394 2080 430 2113 οἱ
445 2079 634 2121 κάμνοντες
651 2080 736 2113 διαι-

93 2124 170 2166 τώμ.
194 2123 395 2169 ὑγιαίνοιεν,
419 2130 501 2159 noto
522 2127 737 2159 attractionis

90 2181 234 2214 genere,
264 2171 306 2203 de
336 2182 403 2213 quo
433 2175 569 2215 praeter
592 2171 680 2204 alios
703 2182 736 2204 v,

91 2218 238 2259 interpp.
254 2216 298 2249 ad
313 2217 463 2260 Thucy
472 2217 503 2249 d.
521 2218 547 2249 L
568 2228 596 2249 c.
613 2215 667 2251 93.
693 2218 736 2249 11.

94 2273 120 2293 c.
146 2260 200 2294 45.
238 2262 465 2295 Aristaen.
494 2263 588 2295 Libr.
612 2263 640 2295 Ι.
673 2263 736 2305 Ep.

93 2307 125 2340 5.
158 2305 211 2340 17.
255 2307 490 2340 Matthiae.
514 2309 574 2341 Gr.
605 2309 636 2348 ἓ.
660 2307 738 2341 296.

92 2352 272 2385 Platonica
319 2352 459 2396 collegit
504 2354 540 2385 H
550 2363 568 2385 e
579 2364 603 2386 u
611 2365 627 2386 s
635 2353 713 2386 diu
721 2364 737 2386 s

95 2398 240 2441 Speoim.
265 2398 337 2429 crit.
361 2409 395 2440 p.
418 2397 462 2431 51
487 2408 580 2441 seqq.

139 2463 188 2507 ἢν
214 2468 294 2497 νῦν
319 2462 367 2508 δὴ
393 2463 612 2508 ἐλέγομεν]
638 2464 739 2506 Quod

93 2510 199 2553 vulgo
219 2510 398 2553 legebatur
422 2508 463 2554 ἢν
489 2514 554 2542 νῦν
579 2509 622 2553 δὴ
644 2510 738 2553 λέγο-

95 2566 169 2594 μεν,
195 2555 230 2587 id
253 2556 417 2597 quoniam
442 2555 631 2599 significat:
665 2555 737 2588 wel-

93 2600 153 2633 che
168 2601 230 2633 wir
245 2600 326 2634 eben
339 2600 424 2643 jetzt
445 2601 589 2642 meinen,
613 2611 738 2644 quam

95 2656 209 2678 nunc
240 2646 381 2688 ipsum
411 2646 619 2686 dicimus,
658 2647 740 2679 ferri

95 2691 194 2725 nullo
239 2691 341 2724 modo
380 2696 519 2734 potest..
571 2692 660 2725 Nam
697 2691 739 2724 de

95 2735 255 2769 medendi
299 2740 371 2769 arte
415 2737 536 2780 paullo
571 2740 651 2769 ante
689 2737 740 2769 lo-

97 2785 225 2825 quutus
240 2784 313 2815 erat
327 2782 502 2824 Socratem
526 2783 565 2816 in
583 2792 739 2816 sermone

805 2016 858 2045 est
881 2011 1057 2055 ἐλέγομεν,
1089 2011 1180 2055 quod
1203 2012 1454 2045 restituendum

804 2057 893 2090 vidit
915 2057 1228 2091 Heindorfius.

850 2148 889 2180 Ρ.
935 2146 1013 2181 450.
1070 2146 1210 2182 οὕτως
1251 2147 1452 2190 ἔχουσιν·

806 2191 968 2236 ἑκάστη
1003 2190 1148 2226 αὐτῶν
1182 2204 1216 2226 π.
1253 2191 1301 2236 L]
1354 2193 1454 2226 Haec

804 2235 1007 2272 ἀσυνδέτως
1054 2238 1226 2272 adduntur
1262 2243 1453 2281 propterea,

806 2283 898 2326 quod
937 2284 1116 2317 continent
1147 2286 1331 2317 verborum
1361 2288 1454 2317 ante-

806 2329 1001 2362 cedentium
1034 2329 1312 2385 explicationem.
1355 2330 1453 2385 Sym-

805 2385 878 2431 pos.
907 2386 940 2418 p.
963 2373 1044 2408 218.
1067 2375 1112 2408 C:
1154 2372 1219 2419 ἐγώ
1252 2373 1292 2407 δὲ
1323 2372 1452 2407 οὑτωσὶ

806 2420 887 2462 ἔχω·
920 2418 1013 2452 πάνυ
1044 2417 1195 2476 ἀνόητον
1225 2418 1373 2464 ἡγουμαι
1402 2416 1452 2453 εἶ-

809 2467 869 2497 val
900 2476 953 2498 σοι
976 2465 1021 2508 μὴ
1046 2463 1089 2498 οὐ
1112 2465 1167 2498 καὶ
1193 2469 1292 2498 τοῦτο
1314 2467 1453 2508 χαρίζε-

808 2511 904 2543 σθαι.
934 2511 1082 2553 Apolog.
1106 2511 1237 2544 Socrat.
1266 2522 1299 2554 p.
1322 2510 1377 2545 25.
1402 2511 1452 2544 A:

807 2550 828 2599 ἦ
853 2557 908 2588 καὶ
934 2556 1015 2598 περὶ
1048 2557 1176 2591 ἵππους
1201 2555 1292 2589 οὕτω
1317 2567 1371 2589 σοι
1395 2556 1453 2589 δο-

808 2606 864 2634 κεῖ
877 2603 987 2657 ἐχειν;
1008 2600 1042 2634 οἱ
1057 2602 1124 2642 μὲν
1138 2602 1295 2644 βελτίους
1313 2605 1452 2635 ποιοῦν-

808 2658 861 2682 τες
885 2643 1013 2681 αὐτοὺς
1038 2659 1068 2679 κ.
1092 2660 1118 2680 τ.
1142 2649 1169 2680 2.
1206 2648 1302 2679 Infra
1325 2658 1357 2690 p.
1376 2645 1454 2681 459.

806 2693 847 2725 Β.
883 2691 1040 2725 Plurima
1054 2692 1158 2725 huius
1179 2693 1316 2736 generis
1340 2703 1454 2725 exem-

806 2737 865 2780 pla
887 2738 1085 2771 notavimus
1109 2738 1252 2771 Indic.
1276 2738 1320 2772 ad
1335 2738 1413 2771 Vol.
1427 2738 1453 2771 1.

807 2793 836 2817 s.
858 2794 892 2817 ν.
915 2783 1187 2828 Asyndeton.
