<?xml version="1.0" encoding="UTF-8"?>
<!DOCTYPE html PUBLIC "-//W3C//DTD XHTML 1.0 Transitional//EN"
    "http://www.w3.org/TR/xhtml1/DTD/xhtml1-transitional.dtd">
<html xmlns="http://www.w3.org/1999/xhtml" xml:lang="en" lang="en">
 <head>
  <title>
</title>
<meta http-equiv="Content-Type" content="text/html;charset=utf-8" />
  <meta name='ocr-system' content='tesseract 3.04.00' />
  <meta name='ocr-capabilities' content='ocr_page ocr_carea ocr_par ocr_line ocrx_word'/>
</head>
<body>
  <div class='ocr_page' id='page_1' title='image "./operaomniarecens02platuoft_0509.png"; bbox 0 0 1722 2964; ppageno 0'>
   <div class='ocr_carea' id='block_1_1' title="bbox 160 93 1646 1226">
    <p class='ocr_par' dir='ltr' id='par_1_1' title="bbox 160 93 1646 1226">
     <span class='ocr_line' id='line_1_1' title="bbox 518 93 1587 139; baseline -0.001 -1"><span class='ocrx_word' id='word_1_1' title='bbox 518 101 938 138; x_wconf 80' lang='lat' dir='ltr'><strong>PROTAGORAS.</strong></span> <span class='ocrx_word' id='word_1_2' title='bbox 969 101 1011 137; x_wconf 85' lang='lat' dir='ltr'><strong>P.</strong></span> <span class='ocrx_word' id='word_1_3' title='bbox 1035 103 1112 139; x_wconf 77' lang='lat'><strong>350.</strong></span> <span class='ocrx_word' id='word_1_4' title='bbox 1145 100 1227 136; x_wconf 79' lang='lat' dir='ltr'><strong>ST.</strong></span> <span class='ocrx_word' id='word_1_5' title='bbox 1505 93 1587 137; x_wconf 83' lang='lat'><strong>149</strong></span> 
     </span>
     <span class='ocr_line' id='line_1_2' title="bbox 161 210 1588 298; baseline -0.004 -33"><span class='ocrx_word' id='word_1_6' title='bbox 161 217 355 274; x_wconf 70' lang='grc' dir='ltr'><strong><em>τούτων,</em></strong></span> <span class='ocrx_word' id='word_1_7' title='bbox 366 216 553 298; x_wconf 76' lang='grc' dir='ltr'><strong><em>’Έγωγε,</em></strong></span> <span class='ocrx_word' id='word_1_8' title='bbox 578 210 605 275; x_wconf 80' lang='grc' dir='ltr'><strong><em>ἦ</em></strong></span> <span class='ocrx_word' id='word_1_9' title='bbox 631 212 678 261; x_wconf 86' lang='grc' dir='ltr'><strong>δ’</strong></span> <span class='ocrx_word' id='word_1_10' title='bbox 697 213 761 274; x_wconf 79' lang='grc' dir='ltr'><strong>ὅς,</strong></span> <span class='ocrx_word' id='word_1_11' title='bbox 786 216 859 261; x_wconf 85' lang='grc' dir='ltr'><strong>καὶ</strong></span> <span class='ocrx_word' id='word_1_12' title='bbox 885 219 988 261; x_wconf 84' lang='grc' dir='ltr'><strong><em>λίαν</em></strong></span> <span class='ocrx_word' id='word_1_13' title='bbox 1010 231 1062 272; x_wconf 79' lang='grc' dir='ltr'><strong><em>γε</em></strong></span> <span class='ocrx_word' id='word_1_14' title='bbox 1079 214 1375 274; x_wconf 82' lang='grc' dir='ltr'><strong><em>θαρροῦντας.</em></strong></span> <span class='ocrx_word' id='word_1_15' title='bbox 1405 211 1588 294; x_wconf 69' lang='grc' dir='ltr'><strong><em>Οὐκοῦν</em></strong></span> 
     </span>
     <span class='ocr_line' id='line_1_3' title="bbox 162 277 1585 347; baseline -0.004 -14"><span class='ocrx_word' id='word_1_16' title='bbox 162 290 209 333; x_wconf 93' lang='grc' dir='ltr'><strong><em>οι</em></strong></span> <span class='ocrx_word' id='word_1_17' title='bbox 231 287 474 347; x_wconf 75' lang='grc' dir='ltr'><strong><em>θαρραλέοι</em></strong></span> <span class='ocrx_word' id='word_1_18' title='bbox 497 303 620 331; x_wconf 90' lang='grc' dir='ltr'><strong><em>ουτοι</em></strong></span> <span class='ocrx_word' id='word_1_19' title='bbox 643 283 718 330; x_wconf 80' lang='grc' dir='ltr'><strong>καὶ</strong></span> <span class='ocrx_word' id='word_1_20' title='bbox 745 280 951 342; x_wconf 81' lang='grc' dir='ltr'><strong><em>ανδρεῖοί</em></strong></span> <span class='ocrx_word' id='word_1_21' title='bbox 971 286 1106 338; x_wconf 72' lang='grc' dir='ltr'><strong><em>εἰσιν,</em></strong></span> <span class='ocrx_word' id='word_1_22' title='bbox 1132 277 1330 340; x_wconf 79' lang='grc' dir='ltr'><strong><em>Αἰσχρον</em></strong></span> <span class='ocrx_word' id='word_1_23' title='bbox 1362 278 1483 339; x_wconf 87' lang='grc' dir='ltr'><strong><em>μέντ’</em></strong></span> <span class='ocrx_word' id='word_1_24' title='bbox 1512 279 1585 339; x_wconf 77' lang='grc' dir='ltr'><strong>ἅν,</strong></span> 
     </span>
     <span class='ocr_line' id='line_1_4' title="bbox 164 344 1588 414; baseline -0.005 -13"><span class='ocrx_word' id='word_1_25' title='bbox 164 359 268 414; x_wconf 76' lang='grc' dir='ltr'><strong><em>ἔφη,</em></strong></span> <span class='ocrx_word' id='word_1_26' title='bbox 296 362 364 413; x_wconf 81' lang='grc' dir='ltr'><strong><em>εἴη</em></strong></span> <span class='ocrx_word' id='word_1_27' title='bbox 388 350 417 413; x_wconf 81' lang='grc' dir='ltr'><strong><em>ἡ</em></strong></span> <span class='ocrx_word' id='word_1_28' title='bbox 442 350 651 413; x_wconf 73' lang='grc' dir='ltr'><strong><em>ἀνδρεία</em></strong></span> <span class='ocrx_word' id='word_1_29' title='bbox 683 352 782 397; x_wconf 80' lang='grc' dir='ltr'><strong><em>ἐπεὶ</em></strong></span> <span class='ocrx_word' id='word_1_30' title='bbox 813 344 944 397; x_wconf 88' lang='grc' dir='ltr'><strong><em>ουτοί</em></strong></span> <span class='ocrx_word' id='word_1_31' title='bbox 969 369 1021 409; x_wconf 76' lang='grc' dir='ltr'><strong><em>γε</em></strong></span> <span class='ocrx_word' id='word_1_32' title='bbox 1045 347 1310 410; x_wconf 86' lang='grc' dir='ltr'><strong><em>μαινόμενοί</em></strong></span> <span class='ocrx_word' id='word_1_33' title='bbox 1339 353 1435 394; x_wconf 83' lang='grc' dir='ltr'><strong><em>εἰσι</em></strong></span> <span class='ocrx_word' id='word_1_34' title='bbox 1480 350 1588 402; x_wconf 71' lang='grc' dir='ltr'><strong><em>Παῖς</em></strong></span> 
     </span>
     <span class='ocr_line' id='line_1_5' title="bbox 163 414 1587 480; baseline -0.004 -12"><span class='ocrx_word' id='word_1_35' title='bbox 163 417 262 480; x_wconf 77' lang='grc' dir='ltr'><strong><em>οὖν,</em></strong></span> <span class='ocrx_word' id='word_1_36' title='bbox 289 427 404 480; x_wconf 81' lang='grc' dir='ltr'><strong><em>ἔφην</em></strong></span> <span class='ocrx_word' id='word_1_37' title='bbox 430 419 532 480; x_wconf 73' lang='grc' dir='ltr'><strong><em>ἐγώ,</em></strong></span> <span class='ocrx_word' id='word_1_38' title='bbox 557 421 698 478; x_wconf 84' lang='grc' dir='ltr'><strong><em>λέγεις</em></strong></span> <span class='ocrx_word' id='word_1_39' title='bbox 720 438 826 472; x_wconf 89' lang='grc' dir='ltr'><strong><em>τους</em></strong></span> <span class='ocrx_word' id='word_1_40' title='bbox 845 416 1103 477; x_wconf 72' lang='grc' dir='ltr'><strong><em>ἄνδρείουςς</em></strong></span> <span class='ocrx_word' id='word_1_41' title='bbox 1129 414 1228 476; x_wconf 76' lang='grc' dir='ltr'><strong><em>οὐχὶ</em></strong></span> <span class='ocrx_word' id='word_1_42' title='bbox 1245 414 1349 470; x_wconf 75' lang='grc' dir='ltr'><strong><em>τοὺς</em></strong></span> <span class='ocrx_word' id='word_1_43' title='bbox 1367 418 1587 475; x_wconf 85' lang='grc' dir='ltr'><strong><em>θαρραλέ-</em></strong></span> 
     </span>
     <span class='ocr_line' id='line_1_6' title="bbox 163 477 1592 546; baseline -0.005 -10"><span class='ocrx_word' id='word_1_44' title='bbox 163 508 242 543; x_wconf 91' lang='grc' dir='ltr'><strong>ους</strong></span> <span class='ocrx_word' id='word_1_45' title='bbox 268 489 405 546; x_wconf 84' lang='grc' dir='ltr'><strong><em>εἶναι;</em></strong></span> <span class='ocrx_word' id='word_1_46' title='bbox 449 490 541 536; x_wconf 80' lang='grc' dir='ltr'><strong>Καὶ</strong></span> <span class='ocrx_word' id='word_1_47' title='bbox 565 490 653 535; x_wconf 80' lang='grc' dir='ltr'><strong>νῦν</strong></span> <span class='ocrx_word' id='word_1_48' title='bbox 675 485 742 546; x_wconf 83' lang='grc' dir='ltr'><strong>γ’,</strong></span> <span class='ocrx_word' id='word_1_49' title='bbox 767 491 866 546; x_wconf 81' lang='grc' dir='ltr'><strong>ἔφη</strong></span> <span class='ocrx_word' id='word_1_50' title='bbox 921 485 1103 533; x_wconf 78' lang='grc' dir='ltr'><strong><em>Οὐκοῦν</em></strong></span> <span class='ocrx_word' id='word_1_51' title='bbox 1128 503 1266 543; x_wconf 90' lang='grc' dir='ltr'><strong><em>ουτοι,</em></strong></span> <span class='ocrx_word' id='word_1_52' title='bbox 1291 477 1322 543; x_wconf 79' lang='grc' dir='ltr'><strong><em>ἦ</em></strong></span> <span class='ocrx_word' id='word_1_53' title='bbox 1345 483 1388 530; x_wconf 83' lang='grc' dir='ltr'><strong>δ’</strong></span> <span class='ocrx_word' id='word_1_54' title='bbox 1419 483 1520 543; x_wconf 79' lang='grc' dir='ltr'><strong>ἐγω,</strong></span> <span class='ocrx_word' id='word_1_55' title='bbox 1544 487 1592 530; x_wconf 90' lang='grc' dir='ltr'><strong><em>οι</em></strong></span> 
     </span>
     <span class='ocr_line' id='line_1_7' title="bbox 161 551 1641 617; baseline -0.004 -13"><span class='ocrx_word' id='word_1_56' title='bbox 161 556 278 604; x_wconf 75' lang='grc' dir='ltr'><strong><em>οὕτω</em></strong></span> <span class='ocrx_word' id='word_1_57' title='bbox 296 557 540 617; x_wconf 77' lang='grc' dir='ltr'><strong><em>θαρραλέοι</em></strong></span> <span class='ocrx_word' id='word_1_58' title='bbox 561 554 686 609; x_wconf 76' lang='grc' dir='ltr'><strong><em>ὄντες</em></strong></span> <span class='ocrx_word' id='word_1_59' title='bbox 709 553 792 601; x_wconf 84' lang='grc' dir='ltr'><strong>οὐκ</strong></span> <span class='ocrx_word' id='word_1_60' title='bbox 817 552 1040 614; x_wconf 78' lang='grc' dir='ltr'><strong><em>ἀνδρεῖοι,</em></strong></span> <span class='ocrx_word' id='word_1_61' title='bbox 1066 552 1179 599; x_wconf 84' lang='grc' dir='ltr'><strong><em>ἀλλὰ</em></strong></span> <span class='ocrx_word' id='word_1_62' title='bbox 1201 551 1461 612; x_wconf 88' lang='grc' dir='ltr'><strong><em>μαινόμενοι</em></strong></span> <span class='ocrx_word' id='word_1_63' title='bbox 1485 557 1641 612; x_wconf 69' lang='lat' dir='ltr'><strong>‹pat-c</strong></span> 
     </span>
     <span class='ocr_line' id='line_1_8' title="bbox 162 616 1588 682; baseline -0.004 -10"><span class='ocrx_word' id='word_1_64' title='bbox 162 644 338 682; x_wconf 86' lang='grc' dir='ltr'><strong><em>νονται;</em></strong></span> <span class='ocrx_word' id='word_1_65' title='bbox 381 626 458 671; x_wconf 81' lang='grc' dir='ltr'><strong>καὶ</strong></span> <span class='ocrx_word' id='word_1_66' title='bbox 483 626 575 670; x_wconf 78' lang='grc' dir='ltr'><strong><em>ἐκεῖ</em></strong></span> <span class='ocrx_word' id='word_1_67' title='bbox 597 642 656 670; x_wconf 91' lang='grc' dir='ltr'><strong>αυ</strong></span> <span class='ocrx_word' id='word_1_68' title='bbox 682 627 729 670; x_wconf 81' lang='grc' dir='ltr'><strong>οἱ</strong></span> <span class='ocrx_word' id='word_1_69' title='bbox 748 637 997 681; x_wconf 83' lang='grc' dir='ltr'><strong><em>σοφωτατοι</em></strong></span> <span class='ocrx_word' id='word_1_70' title='bbox 1029 616 1152 668; x_wconf 78' lang='grc' dir='ltr'><strong><em>οὗτοι</em></strong></span> <span class='ocrx_word' id='word_1_71' title='bbox 1175 622 1250 667; x_wconf 81' lang='grc' dir='ltr'><strong>καὶ</strong></span> <span class='ocrx_word' id='word_1_72' title='bbox 1274 619 1588 681; x_wconf 79' lang='grc' dir='ltr'><strong><em>θαρραλεώτα-</em></strong></span> 
     </span>
     <span class='ocr_line' id='line_1_9' title="bbox 161 687 1589 754; baseline -0.004 -15"><span class='ocrx_word' id='word_1_73' title='bbox 161 699 234 739; x_wconf 88' lang='grc' dir='ltr'><strong><em>τοί</em></strong></span> <span class='ocrx_word' id='word_1_74' title='bbox 257 698 358 752; x_wconf 85' lang='grc' dir='ltr'><strong><em>εἰσι,</em></strong></span> <span class='ocrx_word' id='word_1_75' title='bbox 384 690 747 754; x_wconf 74' lang='grc' dir='ltr'><strong><em>θαρραλεώτατοι</em></strong></span> <span class='ocrx_word' id='word_1_76' title='bbox 773 692 822 737; x_wconf 88' lang='grc' dir='ltr'><strong><em>δε</em></strong></span> <span class='ocrx_word' id='word_1_77' title='bbox 854 689 980 744; x_wconf 81' lang='grc' dir='ltr'><strong><em>ὄντες</em></strong></span> <span class='ocrx_word' id='word_1_78' title='bbox 1004 687 1332 750; x_wconf 82' lang='grc' dir='ltr'><strong><em>ἆνδρειότατοι;</em></strong></span> <span class='ocrx_word' id='word_1_79' title='bbox 1370 690 1446 735; x_wconf 85' lang='grc' dir='ltr'><strong>καὶ</strong></span> <span class='ocrx_word' id='word_1_80' title='bbox 1477 708 1589 735; x_wconf 80' lang='grc' dir='ltr'><strong><em>κατα</em></strong></span> 
     </span>
     <span class='ocr_line' id='line_1_10' title="bbox 161 755 1586 819; baseline -0.004 -12"><span class='ocrx_word' id='word_1_81' title='bbox 161 763 322 807; x_wconf 82' lang='grc' dir='ltr'><strong><em>τοῦτον</em></strong></span> <span class='ocrx_word' id='word_1_82' title='bbox 344 759 424 807; x_wconf 82' lang='grc' dir='ltr'><strong><em>τὸν</em></strong></span> <span class='ocrx_word' id='word_1_83' title='bbox 447 759 581 819; x_wconf 82' lang='grc' dir='ltr'><strong><em>λόγον</em></strong></span> <span class='ocrx_word' id='word_1_84' title='bbox 603 758 631 818; x_wconf 81' lang='grc' dir='ltr'>ἡ</span> <span class='ocrx_word' id='word_1_85' title='bbox 651 763 787 818; x_wconf 84' lang='grc' dir='ltr'><strong><em>σοφία</em></strong></span> <span class='ocrx_word' id='word_1_86' title='bbox 810 755 867 805; x_wconf 79' lang='grc' dir='ltr'><strong>ὃὶν</strong></span> <span class='ocrx_word' id='word_1_87' title='bbox 886 757 1071 816; x_wconf 85' lang='grc' dir='ltr'><strong><em>ἀνδρεία</em></strong></span> <span class='ocrx_word' id='word_1_88' title='bbox 1092 765 1182 816; x_wconf 69' lang='grc' dir='ltr'><strong><em>εἴη,</em></strong></span> <span class='ocrx_word' id='word_1_89' title='bbox 1212 756 1278 804; x_wconf 84' lang='grc' dir='ltr'><strong>Οὐ</strong></span> <span class='ocrx_word' id='word_1_90' title='bbox 1299 758 1457 815; x_wconf 71' lang='grc' dir='ltr'><strong><em>καλῶς,</em></strong></span> <span class='ocrx_word' id='word_1_91' title='bbox 1484 761 1586 816; x_wconf 78' lang='grc' dir='ltr'><strong><em>ἔφη,</em></strong></span> 
     </span>
     <span class='ocr_line' id='line_1_11' title="bbox 162 822 1588 888; baseline -0.004 -13"><span class='ocrx_word' id='word_1_92' title='bbox 162 827 480 888; x_wconf 80' lang='grc' dir='ltr'><strong><em>μνημονεύεις,</em></strong></span> <span class='ocrx_word' id='word_1_93' title='bbox 513 822 548 873; x_wconf 75' lang='grc' dir='ltr'><em>ὦ</em></span> <span class='ocrx_word' id='word_1_94' title='bbox 571 826 832 887; x_wconf 76' lang='grc' dir='ltr'><strong><em>Σώκρατες,</em></strong></span> <span class='ocrx_word' id='word_1_95' title='bbox 865 824 895 872; x_wconf 81' lang='grc' dir='ltr'><strong>ἁ“</strong></span> <span class='ocrx_word' id='word_1_96' title='bbox 919 824 1076 886; x_wconf 71' lang='grc' dir='ltr'><strong><em>ἔλεγόν</em></strong></span> <span class='ocrx_word' id='word_1_97' title='bbox 1105 845 1154 872; x_wconf 90' lang='grc' dir='ltr'><strong>τε</strong></span> <span class='ocrx_word' id='word_1_98' title='bbox 1184 826 1259 871; x_wconf 84' lang='grc' dir='ltr'><strong>καὶ</strong></span> <span class='ocrx_word' id='word_1_99' title='bbox 1283 823 1588 884; x_wconf 78' lang='grc' dir='ltr'><strong><em>ἀπεκρινάμην</em></strong></span> 
     </span>
     <span class='ocr_line' id='line_1_12' title="bbox 162 892 1591 955; baseline -0.003 -13"><span class='ocrx_word' id='word_1_100' title='bbox 162 911 243 942; x_wconf 83' lang='grc' dir='ltr'><strong><em>σοι.</em></strong></span> <span class='ocrx_word' id='word_1_101' title='bbox 293 901 434 955; x_wconf 78' lang='grc' dir='ltr'><strong><em>ἔγωγε</em></strong></span> <span class='ocrx_word' id='word_1_102' title='bbox 459 897 700 955; x_wconf 83' lang='grc' dir='ltr'><strong><em>ἐρωτηθεὶς</em></strong></span> <span class='ocrx_word' id='word_1_103' title='bbox 730 892 820 941; x_wconf 78' lang='grc' dir='ltr'><strong>ὑπὸ</strong></span> <span class='ocrx_word' id='word_1_104' title='bbox 844 897 949 953; x_wconf 83' lang='grc' dir='ltr'><strong><em>σοῦ,</em></strong></span> <span class='ocrx_word' id='word_1_105' title='bbox 983 898 1026 940; x_wconf 82' lang='grc' dir='ltr'><strong><em>εἰ</em></strong></span> <span class='ocrx_word' id='word_1_106' title='bbox 1047 898 1094 939; x_wconf 75' lang='grc' dir='ltr'><strong>οὗ</strong></span> <span class='ocrx_word' id='word_1_107' title='bbox 1121 892 1322 953; x_wconf 77' lang='grc' dir='ltr'><strong><em>ἀνδρεῖοι</em></strong></span> <span class='ocrx_word' id='word_1_108' title='bbox 1344 894 1591 953; x_wconf 81' lang='grc' dir='ltr'><strong><em>θαρραλέοι</em></strong></span> 
     </span>
     <span class='ocr_line' id='line_1_13' title="bbox 163 958 1591 1022; baseline -0.001 -13"><span class='ocrx_word' id='word_1_109' title='bbox 163 967 301 1021; x_wconf 78' lang='grc' dir='ltr'><strong><em>εἰσίν,</em></strong></span> <span class='ocrx_word' id='word_1_110' title='bbox 335 959 614 1022; x_wconf 70' lang='grc' dir='ltr'><strong><em>ὡμολόγησα·</em></strong></span> <span class='ocrx_word' id='word_1_111' title='bbox 664 968 707 1009; x_wconf 77' lang='grc' dir='ltr'><strong><em>εἰ</em></strong></span> <span class='ocrx_word' id='word_1_112' title='bbox 735 963 786 1008; x_wconf 75' lang='grc' dir='ltr'><strong>δὲ</strong></span> <span class='ocrx_word' id='word_1_113' title='bbox 816 964 891 1008; x_wconf 84' lang='grc' dir='ltr'><strong>καὶ</strong></span> <span class='ocrx_word' id='word_1_114' title='bbox 923 966 970 1008; x_wconf 75' lang='lat' dir='ltr'><strong>oc</strong></span> <span class='ocrx_word' id='word_1_115' title='bbox 988 963 1234 1020; x_wconf 82' lang='grc' dir='ltr'><strong><em>θαρραλέοι</em></strong></span> <span class='ocrx_word' id='word_1_116' title='bbox 1258 958 1482 1020; x_wconf 75' lang='grc' dir='ltr'><strong><em>ἀνδρεῖοι,</em></strong></span> <span class='ocrx_word' id='word_1_117' title='bbox 1505 959 1591 1007; x_wconf 80' lang='grc' dir='ltr'><strong>οὐκ</strong></span> 
     </span>
     <span class='ocr_line' id='line_1_14' title="bbox 160 1026 1588 1091; baseline -0.002 -14"><span class='ocrx_word' id='word_1_118' title='bbox 160 1028 425 1090; x_wconf 81' lang='grc' dir='ltr'><strong><em>ἠρωτήθην·</em></strong></span> <span class='ocrx_word' id='word_1_119' title='bbox 466 1036 507 1076; x_wconf 84' lang='grc' dir='ltr'><strong><em>εἰ</em></strong></span> <span class='ocrx_word' id='word_1_120' title='bbox 528 1030 613 1091; x_wconf 76' lang='grc' dir='ltr'><strong><em>γάρ</em></strong></span> <span class='ocrx_word' id='word_1_121' title='bbox 638 1050 693 1089; x_wconf 89' lang='grc' dir='ltr'><strong><em>με</em></strong></span> <span class='ocrx_word' id='word_1_122' title='bbox 715 1029 815 1076; x_wconf 89' lang='grc' dir='ltr'><strong><em>τότε</em></strong></span> <span class='ocrx_word' id='word_1_123' title='bbox 839 1028 968 1090; x_wconf 77' lang='grc' dir='ltr'><strong><em>ἤρου,</em></strong></span> <span class='ocrx_word' id='word_1_124' title='bbox 996 1030 1122 1076; x_wconf 82' lang='grc' dir='ltr'><strong><em>εἷπον</em></strong></span> <span class='ocrx_word' id='word_1_125' title='bbox 1146 1027 1217 1088; x_wconf 72' lang='grc' dir='ltr'><strong>ἂν,</strong></span> <span class='ocrx_word' id='word_1_126' title='bbox 1243 1026 1310 1074; x_wconf 82' lang='grc' dir='ltr'><strong>ὅτι</strong></span> <span class='ocrx_word' id='word_1_127' title='bbox 1333 1026 1388 1075; x_wconf 80' lang='grc' dir='ltr'><strong>οὗ</strong></span> <span class='ocrx_word' id='word_1_128' title='bbox 1413 1027 1588 1082; x_wconf 73' lang='grc' dir='ltr'><strong><em>πάντες.</em></strong></span> 
     </span>
     <span class='ocr_line' id='line_1_15' title="bbox 160 1093 1646 1158; baseline -0.003 -13"><span class='ocrx_word' id='word_1_129' title='bbox 160 1097 265 1152; x_wconf 77' lang='grc' dir='ltr'><strong>τούς</strong></span> <span class='ocrx_word' id='word_1_130' title='bbox 290 1099 340 1145; x_wconf 78' lang='grc' dir='ltr'><strong>δὲ</strong></span> <span class='ocrx_word' id='word_1_131' title='bbox 371 1097 609 1158; x_wconf 78' lang='grc' dir='ltr'><strong><em>ἀνδρείους</em></strong></span> <span class='ocrx_word' id='word_1_132' title='bbox 635 1097 694 1152; x_wconf 78' lang='grc' dir='ltr'><strong>ὡς</strong></span> <span class='ocrx_word' id='word_1_133' title='bbox 719 1096 774 1144; x_wconf 82' lang='grc' dir='ltr'><strong>οὐ</strong></span> <span class='ocrx_word' id='word_1_134' title='bbox 806 1100 1051 1158; x_wconf 88' lang='grc' dir='ltr'><strong><em>θαρραλέοι</em></strong></span> <span class='ocrx_word' id='word_1_135' title='bbox 1083 1101 1193 1156; x_wconf 81' lang='grc' dir='ltr'><strong><em>εἰσί,</em></strong></span> <span class='ocrx_word' id='word_1_136' title='bbox 1226 1094 1276 1142; x_wconf 83' lang='grc' dir='ltr'><strong><em>τὸ</em></strong></span> <span class='ocrx_word' id='word_1_137' title='bbox 1301 1094 1407 1156; x_wconf 82' lang='grc' dir='ltr'><strong><em>ἐμὸν</em></strong></span> <span class='ocrx_word' id='word_1_138' title='bbox 1430 1093 1590 1156; x_wconf 82' lang='grc' dir='ltr'><strong><em>ὅμολό-</em></strong></span> <span class='ocrx_word' id='word_1_139' title='bbox 1610 1105 1646 1140; x_wconf 94' lang='lat' dir='ltr'><strong>D</strong></span> 
     </span>
     <span class='ocr_line' id='line_1_16' title="bbox 160 1162 1591 1226; baseline -0.001 -14"><span class='ocrx_word' id='word_1_140' title='bbox 160 1185 296 1224; x_wconf 76' lang='grc' dir='ltr'><strong><em>γημα,</em></strong></span> <span class='ocrx_word' id='word_1_141' title='bbox 315 1164 520 1225; x_wconf 77' lang='grc' dir='ltr'><strong><em>οὐδαμοῦ</em></strong></span> <span class='ocrx_word' id='word_1_142' title='bbox 538 1167 779 1224; x_wconf 79' lang='grc' dir='ltr'><strong><em>ἐπέδειξας,</em></strong></span> <span class='ocrx_word' id='word_1_143' title='bbox 799 1162 858 1219; x_wconf 72' lang='grc' dir='ltr'><strong>ὥς</strong></span> <span class='ocrx_word' id='word_1_144' title='bbox 877 1164 960 1212; x_wconf 83' lang='grc' dir='ltr'><strong>οὐκ</strong></span> <span class='ocrx_word' id='word_1_145' title='bbox 978 1164 1127 1226; x_wconf 74' lang='grc' dir='ltr'><strong><em>ὀρθῶς</em></strong></span> <span class='ocrx_word' id='word_1_146' title='bbox 1145 1163 1418 1224; x_wconf 78' lang='grc' dir='ltr'><strong><em>ὡμολόγησα.</em></strong></span> <span class='ocrx_word' id='word_1_147' title='bbox 1439 1169 1591 1212; x_wconf 81' lang='grc' dir='ltr'><strong><em>ἔπειτα</em></strong></span> 
     </span>
    </p>
   </div>
   <div class='ocr_carea' id='block_1_2' title="bbox 156 1314 1592 1590">
    <p class='ocr_par' dir='ltr' id='par_1_2' title="bbox 156 1314 1590 1410">
     <span class='ocr_line' id='line_1_17' title="bbox 250 1314 1590 1375; baseline 0 -22"><span class='ocrx_word' id='word_1_148' title='bbox 250 1320 293 1355; x_wconf 90' lang='grc' dir='ltr'><strong>Β.</strong></span> <span class='ocrx_word' id='word_1_149' title='bbox 311 1315 414 1364; x_wconf 85' lang='grc' dir='ltr'><strong><em>ουχὶ</em></strong></span> <span class='ocrx_word' id='word_1_150' title='bbox 432 1331 540 1360; x_wconf 88' lang='grc' dir='ltr'><strong><em>τους</em></strong></span> <span class='ocrx_word' id='word_1_151' title='bbox 557 1318 874 1375; x_wconf 80' lang='grc' dir='ltr'><strong><em>θαρραλέους]</em></strong></span> <span class='ocrx_word' id='word_1_152' title='bbox 898 1315 987 1359; x_wconf 79' lang='grc' dir='ltr'><strong><em>τοὺς</em></strong></span> <span class='ocrx_word' id='word_1_153' title='bbox 1006 1324 1071 1354; x_wconf 86' lang='lat' dir='ltr'><strong>aut</strong></span> <span class='ocrx_word' id='word_1_154' title='bbox 1086 1319 1282 1354; x_wconf 85' lang='lat' dir='ltr'><strong>delendum</strong></span> <span class='ocrx_word' id='word_1_155' title='bbox 1298 1322 1364 1353; x_wconf 83' lang='lat' dir='ltr'><strong>aut</strong></span> <span class='ocrx_word' id='word_1_156' title='bbox 1377 1321 1417 1352; x_wconf 89' lang='lat' dir='ltr'><strong>in</strong></span> <span class='ocrx_word' id='word_1_157' title='bbox 1429 1314 1590 1358; x_wconf 79' lang='grc' dir='ltr'><strong><em>τούτους</em></strong></span> 
     </span>
     <span class='ocr_line' id='line_1_18' title="bbox 156 1365 911 1420; baseline 0.003 -23"><span class='ocrx_word' id='word_1_158' title='bbox 156 1365 371 1398; x_wconf 85' lang='lat' dir='ltr'><strong>mutandum</strong></span> <span class='ocrx_word' id='word_1_159' title='bbox 389 1376 470 1399; x_wconf 90' lang='lat' dir='ltr'><strong>esse</strong></span> <span class='ocrx_word' id='word_1_160' title='bbox 487 1367 697 1419; x_wconf 87' lang='lat' dir='ltr'><strong>suspicatur</strong></span> <span class='ocrx_word' id='word_1_161' title='bbox 699 1366 813 1420; x_wconf 86' lang='lat' dir='ltr'><strong>Saup</strong></span> <span class='ocrx_word' id='word_1_162' title='bbox 841 1367 911 1400; x_wconf 89' lang='lat' dir='ltr'><strong>ius.</strong></span> 
     </span>
    </p>

    <p class='ocr_par' dir='ltr' id='par_1_3' title="bbox 157 1378 1592 1590">
     <span class='ocr_line' id='line_1_19' title="bbox 252 1378 1592 1456; baseline 0 -13"><span class='ocrx_word' id='word_1_163' title='bbox 252 1410 292 1445; x_wconf 87' lang='lat' dir='ltr'><strong>C.</strong></span> <span class='ocrx_word' id='word_1_164' title='bbox 323 1408 363 1444; x_wconf 83' lang='grc' dir='ltr'><strong><em>εἰ</em></strong></span> <span class='ocrx_word' id='word_1_165' title='bbox 386 1406 468 1454; x_wconf 79' lang='grc' dir='ltr'><strong><em>γάρ</em></strong></span> <span class='ocrx_word' id='word_1_166' title='bbox 493 1422 545 1454; x_wconf 84' lang='grc' dir='ltr'><strong><em>με</em></strong></span> <span class='ocrx_word' id='word_1_167' title='bbox 563 1407 667 1445; x_wconf 86' lang='grc' dir='ltr'><strong><em>τότε</em></strong></span> <span class='ocrx_word' id='word_1_168' title='bbox 691 1406 805 1455; x_wconf 82' lang='grc' dir='ltr'><strong><em>ἤρου</em></strong></span> <span class='ocrx_word' id='word_1_169' title='bbox 782 1378 967 1456; x_wconf 58' lang='lat' dir='ltr'>vaulg</span> <span class='ocrx_word' id='word_1_170' title='bbox 992 1410 1105 1445; x_wconf 79' lang='grc' dir='ltr'><strong><em>τοῦτο</em></strong></span> <span class='ocrx_word' id='word_1_171' title='bbox 1128 1404 1225 1454; x_wconf 82' lang='grc' dir='ltr'><strong><em>ἤρου</em></strong></span> <span class='ocrx_word' id='word_1_172' title='bbox 1250 1422 1295 1445; x_wconf 80' lang='lat' dir='ltr'><strong>ex</strong></span> <span class='ocrx_word' id='word_1_173' title='bbox 1318 1410 1422 1444; x_wconf 83' lang='lat' dir='ltr'><strong>codd.</strong></span> <span class='ocrx_word' id='word_1_174' title='bbox 1446 1412 1592 1444; x_wconf 85' lang='lat' dir='ltr'><strong>tantum</strong></span> 
     </span>
     <span class='ocr_line' id='line_1_20' title="bbox 728 1456 1590 1511; baseline 0 -22"><span class='ocrx_word' id='word_1_175' title='bbox 728 1457 828 1500; x_wconf 85' lang='lat' dir='ltr'>Vulg</span> <span class='ocrx_word' id='word_1_176' title='bbox 830 1460 930 1490; x_wconf 84' lang='lat' dir='ltr'><strong>atam</strong></span> <span class='ocrx_word' id='word_1_177' title='bbox 968 1457 1187 1511; x_wconf 79' lang='lat' dir='ltr'><strong>scripturam</strong></span> <span class='ocrx_word' id='word_1_178' title='bbox 1217 1459 1344 1489; x_wconf 84' lang='lat' dir='ltr'><strong>tuetur</strong></span> <span class='ocrx_word' id='word_1_179' title='bbox 1374 1456 1455 1490; x_wconf 86' lang='lat' dir='ltr'><strong>Ast.</strong></span> <span class='ocrx_word' id='word_1_180' title='bbox 1485 1456 1590 1498; x_wconf 86' lang='lat' dir='ltr'><strong>prob.</strong></span> 
     </span>
     <span class='ocr_line' id='line_1_21' title="bbox 157 1468 1592 1544; baseline 0.001 -11"><span class='ocrx_word' id='word_1_181' title='bbox 157 1500 339 1544; x_wconf 79' lang='lat' dir='ltr'><strong>Sauppio,</strong></span> <span class='ocrx_word' id='word_1_182' title='bbox 363 1501 427 1534; x_wconf 88' lang='lat' dir='ltr'><strong>sed</strong></span> <span class='ocrx_word' id='word_1_183' title='bbox 445 1511 555 1543; x_wconf 88' lang='lat' dir='ltr'><strong>quum</strong></span> <span class='ocrx_word' id='word_1_184' title='bbox 573 1505 610 1534; x_wconf 89' lang='lat' dir='ltr'><strong>et</strong></span> <span class='ocrx_word' id='word_1_185' title='bbox 627 1501 741 1535; x_wconf 81' lang='grc' dir='ltr'><strong><em>τοῦτο</em></strong></span> <span class='ocrx_word' id='word_1_186' title='bbox 760 1468 828 1534; x_wconf 74' lang='lat' dir='ltr'><strong>etg</strong></span> <span class='ocrx_word' id='word_1_187' title='bbox 812 1499 898 1535; x_wconf 85' lang='grc' dir='ltr'><strong><em>τότε</em></strong></span> <span class='ocrx_word' id='word_1_188' title='bbox 917 1501 1030 1544; x_wconf 86' lang='lat' dir='ltr'><strong>(conf.</strong></span> <span class='ocrx_word' id='word_1_189' title='bbox 1049 1496 1132 1535; x_wconf 79' lang='grc' dir='ltr'><strong><em>ἐκεῖ</em></strong></span> <span class='ocrx_word' id='word_1_190' title='bbox 1143 1502 1256 1544; x_wconf 89' lang='lat' dir='ltr'><strong>paulo</strong></span> <span class='ocrx_word' id='word_1_191' title='bbox 1274 1501 1376 1543; x_wconf 83' lang='lat' dir='ltr'><strong>ante)</strong></span> <span class='ocrx_word' id='word_1_192' title='bbox 1400 1502 1490 1534; x_wconf 85' lang='lat' dir='ltr'><strong>ferri</strong></span> <span class='ocrx_word' id='word_1_193' title='bbox 1506 1511 1592 1544; x_wconf 88' lang='lat' dir='ltr'><strong>pos-</strong></span> 
     </span>
     <span class='ocr_line' id='line_1_22' title="bbox 157 1525 905 1590; baseline 0.004 -13"><span class='ocrx_word' id='word_1_194' title='bbox 157 1547 224 1586; x_wconf 87' lang='lat' dir='ltr'><strong>sit,</strong></span> <span class='ocrx_word' id='word_1_195' title='bbox 249 1525 419 1579; x_wconf 67' lang='lat' dir='ltr'><strong>meli’ores</strong></span> <span class='ocrx_word' id='word_1_196' title='bbox 438 1547 587 1579; x_wconf 87' lang='lat' dir='ltr'><strong>codices</strong></span> <span class='ocrx_word' id='word_1_197' title='bbox 603 1548 710 1589; x_wconf 87' lang='lat' dir='ltr'><strong>sequi</strong></span> <span class='ocrx_word' id='word_1_198' title='bbox 725 1550 905 1590; x_wconf 80' lang='lat' dir='ltr'><strong>praestat.</strong></span> 
     </span>
    </p>
   </div>
   <div class='ocr_carea' id='block_1_3' title="bbox 157 1456 667 1490">
    <p class='ocr_par' dir='ltr' id='par_1_4' title="bbox 157 1456 667 1490">
     <span class='ocr_line' id='line_1_23' title="bbox 157 1456 667 1490; baseline 0.002 -2"><span class='ocrx_word' id='word_1_199' title='bbox 157 1465 232 1489; x_wconf 90' lang='lat' dir='ltr'><strong>non</strong></span> <span class='ocrx_word' id='word_1_200' title='bbox 270 1456 438 1489; x_wconf 89' lang='lat' dir='ltr'><strong>omnibus</strong></span> <span class='ocrx_word' id='word_1_201' title='bbox 475 1459 667 1490; x_wconf 83' lang='lat' dir='ltr'><strong>mutatum.</strong></span> 
     </span>
    </p>
   </div>
   <div class='ocr_carea' id='block_1_4' title="bbox 906 1659 1593 1882">
    <p class='ocr_par' dir='ltr' id='par_1_5' title="bbox 906 1659 1593 1882">
     <span class='ocr_line' id='line_1_24' title="bbox 910 1659 1593 1704; baseline 0.001 -12"><span class='ocrx_word' id='word_1_202' title='bbox 910 1670 984 1692; x_wconf 85' lang='lat' dir='ltr'><strong>car</strong></span> <span class='ocrx_word' id='word_1_203' title='bbox 994 1670 1012 1692; x_wconf 92' lang='lat' dir='ltr'><strong>e</strong></span> <span class='ocrx_word' id='word_1_204' title='bbox 1023 1662 1112 1694; x_wconf 85' lang='lat' dir='ltr'><strong>ant.</strong></span> <span class='ocrx_word' id='word_1_205' title='bbox 1145 1659 1319 1693; x_wconf 85' lang='lat' dir='ltr'><strong>Proxima</strong></span> <span class='ocrx_word' id='word_1_206' title='bbox 1335 1660 1391 1693; x_wconf 87' lang='lat' dir='ltr'><strong>sic</strong></span> <span class='ocrx_word' id='word_1_207' title='bbox 1406 1659 1593 1704; x_wconf 85' lang='lat' dir='ltr'><strong>interpre-</strong></span> 
     </span>
     <span class='ocr_line' id='line_1_25' title="bbox 907 1705 1590 1747; baseline 0.003 -10"><span class='ocrx_word' id='word_1_208' title='bbox 907 1707 1046 1737; x_wconf 80' lang='lat' dir='ltr'><strong>tamur:</strong></span> <span class='ocrx_word' id='word_1_209' title='bbox 1072 1707 1275 1738; x_wconf 78' lang='lat' dir='ltr'><strong>ettamen</strong></span> <span class='ocrx_word' id='word_1_210' title='bbox 1300 1705 1450 1745; x_wconf 86' lang='lat' dir='ltr'><strong>exiis,</strong></span> <span class='ocrx_word' id='word_1_211' title='bbox 1476 1714 1590 1747; x_wconf 87' lang='lat' dir='ltr'><strong>quae</strong></span> 
     </span>
     <span class='ocr_line' id='line_1_26' title="bbox 908 1730 1589 1797; baseline 0.005 -16"><span class='ocrx_word' id='word_1_212' title='bbox 908 1749 1172 1782; x_wconf 83' lang='lat' dir='ltr'><strong>dicebamus</strong></span> <span class='ocrx_word' id='word_1_213' title='bbox 1196 1752 1332 1782; x_wconf 85' lang='lat' dir='ltr'><strong>antea</strong></span> <span class='ocrx_word' id='word_1_214' title='bbox 1356 1730 1487 1797; x_wconf 74' lang='grc' dir='ltr'><strong><em>(ἐκεῖ),</em></strong></span> <span class='ocrx_word' id='word_1_215' title='bbox 1522 1761 1589 1784; x_wconf 76' lang='lat' dir='ltr'><strong>sa-</strong></span> 
     </span>
     <span class='ocr_line' id='line_1_27' title="bbox 906 1795 1588 1838; baseline 0.003 -11"><span class='ocrx_word' id='word_1_216' title='bbox 906 1795 1195 1838; x_wconf 83' lang='lat' dir='ltr'><strong>pientissimi</strong></span> <span class='ocrx_word' id='word_1_217' title='bbox 1235 1795 1402 1837; x_wconf 88' lang='lat' dir='ltr'><strong>quique</strong></span> <span class='ocrx_word' id='word_1_218' title='bbox 1444 1796 1588 1830; x_wconf 76' lang='lat' dir='ltr'><strong>etiam</strong></span> 
     </span>
     <span class='ocr_line' id='line_1_28' title="bbox 906 1839 1590 1882; baseline 0.004 -10"><span class='ocrx_word' id='word_1_219' title='bbox 906 1850 1100 1873; x_wconf 81' lang='lat' dir='ltr'><strong>maxima</strong></span> <span class='ocrx_word' id='word_1_220' title='bbox 1116 1842 1304 1872; x_wconf 86' lang='lat' dir='ltr'><strong>utuntur</strong></span> <span class='ocrx_word' id='word_1_221' title='bbox 1320 1839 1517 1882; x_wconf 82' lang='lat' dir='ltr'><strong>fiducia,</strong></span> <span class='ocrx_word' id='word_1_222' title='bbox 1545 1844 1590 1875; x_wconf 85' lang='lat' dir='ltr'><strong>et</strong></span> 
     </span>
    </p>
   </div>
   <div class='ocr_carea' id='block_1_5' title="bbox 156 1644 839 1792">
    <p class='ocr_par' dir='ltr' id='par_1_6' title="bbox 156 1644 839 1788">
     <span class='ocr_line' id='line_1_29' title="bbox 156 1644 839 1710; baseline 0.003 -20"><span class='ocrx_word' id='word_1_223' title='bbox 156 1656 307 1710; x_wconf 82' lang='grc' dir='ltr'><strong><em>πρῶτον</em></strong></span> <span class='ocrx_word' id='word_1_224' title='bbox 336 1656 449 1692; x_wconf 86' lang='grc' dir='ltr'><strong><em>ιλεων</em></strong></span> <span class='ocrx_word' id='word_1_225' title='bbox 481 1644 604 1697; x_wconf 75' lang='grc' dir='ltr'><strong><em>εὐθὺς</em></strong></span> <span class='ocrx_word' id='word_1_226' title='bbox 637 1658 783 1702; x_wconf 81' lang='grc' dir='ltr'><strong><em>μᾶλλον</em></strong></span> <span class='ocrx_word' id='word_1_227' title='bbox 813 1652 839 1702; x_wconf 82' lang='grc' dir='ltr'><em>ἢ</em></span> 
     </span>
     <span class='ocr_line' id='line_1_30' title="bbox 156 1697 836 1746; baseline 0.001 -11"><span class='ocrx_word' id='word_1_228' title='bbox 156 1697 412 1746; x_wconf 82' lang='grc' dir='ltr'><strong><em>πρότερον,</em></strong></span> <span class='ocrx_word' id='word_1_229' title='bbox 436 1703 501 1736; x_wconf 89' lang='lat' dir='ltr'><strong>ubi</strong></span> <span class='ocrx_word' id='word_1_230' title='bbox 523 1703 595 1737; x_wconf 90' lang='lat' dir='ltr'><strong>vid.</strong></span> <span class='ocrx_word' id='word_1_231' title='bbox 615 1703 836 1737; x_wconf 82' lang='lat' dir='ltr'><strong>Stallbaum.</strong></span> 
     </span>
     <span class='ocr_line' id='line_1_31' title="bbox 202 1739 838 1792; baseline 0.005 -13"><span class='ocrx_word' id='word_1_232' title='bbox 202 1747 245 1779; x_wconf 92' lang='lat' dir='ltr'><strong>B.</strong></span> <span class='ocrx_word' id='word_1_233' title='bbox 271 1746 370 1786; x_wconf 84' lang='grc' dir='ltr'><strong>Πῶς</strong></span> <span class='ocrx_word' id='word_1_234' title='bbox 395 1739 539 1782; x_wconf 78' lang='grc' dir='ltr'><strong><em>οὖν-</em></strong></span> <span class='ocrx_word' id='word_1_235' title='bbox 558 1746 602 1782; x_wconf 83' lang='grc' dir='ltr'><strong><em>λέ</em></strong></span> <span class='ocrx_word' id='word_1_236' title='bbox 611 1759 710 1792; x_wconf 85' lang='grc' dir='ltr'><strong><em>εις</em></strong></span> <span class='ocrx_word' id='word_1_237' title='bbox 728 1759 838 1788; x_wconf 90' lang='grc' dir='ltr'><strong><em>τους</em></strong></span> 
     </span>
    </p>
   </div>
   <div class='ocr_carea' id='block_1_6' title="bbox 155 1761 838 1882">
    <p class='ocr_par' dir='ltr' id='par_1_7' title="bbox 155 1761 836 1882">
     <span class='ocr_line' id='line_1_32' title="bbox 157 1761 836 1843; baseline 0.006 -19"><span class='ocrx_word' id='word_1_238' title='bbox 157 1786 435 1843; x_wconf 83' lang='grc' dir='ltr'><strong><em>ανδρείους]</em></strong></span> <span class='ocrx_word' id='word_1_239' title='bbox 470 1761 632 1827; x_wconf 63' lang='grc' dir='ltr'>Ρ111101).γ</span> <span class='ocrx_word' id='word_1_240' title='bbox 646 1805 683 1836; x_wconf 92' lang='lat' dir='ltr'><strong>p.</strong></span> <span class='ocrx_word' id='word_1_241' title='bbox 717 1795 760 1827; x_wconf 87' lang='grc'><strong>53</strong></span> <span class='ocrx_word' id='word_1_242' title='bbox 783 1795 836 1827; x_wconf 89' lang='lat' dir='ltr'><strong>D:</strong></span> 
     </span>
     <span class='ocr_line' id='line_1_33' title="bbox 155 1833 838 1882; baseline 0.003 -13"><span class='ocrx_word' id='word_1_243' title='bbox 155 1836 236 1876; x_wconf 84' lang='grc' dir='ltr'><strong>πῶς</strong></span> <span class='ocrx_word' id='word_1_244' title='bbox 254 1833 375 1871; x_wconf 80' lang='grc' dir='ltr'><strong><em>τούτω</em></strong></span> <span class='ocrx_word' id='word_1_245' title='bbox 392 1835 459 1871; x_wconf 80' lang='grc' dir='ltr'><strong>καὶ</strong></span> <span class='ocrx_word' id='word_1_246' title='bbox 476 1838 556 1871; x_wconf 88' lang='grc' dir='ltr'><strong><em>τίνε</em></strong></span> <span class='ocrx_word' id='word_1_247' title='bbox 574 1836 716 1882; x_wconf 72' lang='grc' dir='ltr'><strong><em>λέγεις,</em></strong></span> <span class='ocrx_word' id='word_1_248' title='bbox 748 1838 838 1874; x_wconf 86' lang='lat' dir='ltr'><strong>ibid.</strong></span> 
     </span>
    </p>
   </div>
   <div class='ocr_carea' id='block_1_7' title="bbox 150 1879 838 2872">
    <p class='ocr_par' dir='ltr' id='par_1_8' title="bbox 150 1879 838 2767">
     <span class='ocr_line' id='line_1_34' title="bbox 154 1879 838 1941; baseline 0.005 -27"><span class='ocrx_word' id='word_1_249' title='bbox 154 1892 190 1925; x_wconf 90' lang='lat' dir='ltr'><strong>p.</strong></span> <span class='ocrx_word' id='word_1_250' title='bbox 215 1883 259 1914; x_wconf 83' lang='lat'><strong>42</strong></span> <span class='ocrx_word' id='word_1_251' title='bbox 284 1882 330 1914; x_wconf 84' lang='lat' dir='ltr'><strong>C:</strong></span> <span class='ocrx_word' id='word_1_252' title='bbox 370 1883 485 1922; x_wconf 87' lang='grc' dir='ltr'><strong><em>ποίας</em></strong></span> <span class='ocrx_word' id='word_1_253' title='bbox 510 1879 558 1926; x_wconf 89' lang='grc' dir='ltr'><strong>δὴ</strong></span> <span class='ocrx_word' id='word_1_254' title='bbox 584 1882 651 1917; x_wconf 78' lang='grc' dir='ltr'><strong>καὶ</strong></span> <span class='ocrx_word' id='word_1_255' title='bbox 673 1883 753 1941; x_wconf 82' lang='grc' dir='ltr'><strong><em>πῶς</em></strong></span> <span class='ocrx_word' id='word_1_256' title='bbox 778 1882 838 1917; x_wconf 86' lang='grc' dir='ltr'><strong><em>λε’-</em></strong></span> 
     </span>
     <span class='ocr_line' id='line_1_35' title="bbox 153 1927 836 1970; baseline 0.006 -11"><span class='ocrx_word' id='word_1_257' title='bbox 153 1937 258 1970; x_wconf 72' lang='grc' dir='ltr'><strong><em>γειςς</em></strong></span> <span class='ocrx_word' id='word_1_258' title='bbox 296 1927 454 1962; x_wconf 83' lang='lat' dir='ltr'><strong>Phaedr.</strong></span> <span class='ocrx_word' id='word_1_259' title='bbox 479 1939 513 1970; x_wconf 90' lang='lat' dir='ltr'><strong>p.</strong></span> <span class='ocrx_word' id='word_1_260' title='bbox 538 1929 602 1961; x_wconf 83' lang='lat'><strong>261</strong></span> <span class='ocrx_word' id='word_1_261' title='bbox 626 1929 676 1962; x_wconf 89' lang='lat' dir='ltr'><strong>A:</strong></span> <span class='ocrx_word' id='word_1_262' title='bbox 710 1929 751 1963; x_wconf 88' lang='grc' dir='ltr'><strong><em>τί</em></strong></span> <span class='ocrx_word' id='word_1_263' title='bbox 769 1927 836 1962; x_wconf 80' lang='grc' dir='ltr'><strong>καὶ</strong></span> 
     </span>
     <span class='ocr_line' id='line_1_36' title="bbox 152 1969 834 2015; baseline 0.004 -11"><span class='ocrx_word' id='word_1_264' title='bbox 152 1971 236 2010; x_wconf 74' lang='grc' dir='ltr'><strong>πῶς</strong></span> <span class='ocrx_word' id='word_1_265' title='bbox 259 1969 433 2015; x_wconf 68' lang='grc' dir='ltr'><strong><em>λέγουσι,</em></strong></span> <span class='ocrx_word' id='word_1_266' title='bbox 467 1973 605 2006; x_wconf 86' lang='lat' dir='ltr'><strong>Eodem</strong></span> <span class='ocrx_word' id='word_1_267' title='bbox 627 1974 732 2008; x_wconf 87' lang='lat' dir='ltr'><strong>modo</strong></span> <span class='ocrx_word' id='word_1_268' title='bbox 756 1974 790 2007; x_wconf 93' lang='lat' dir='ltr'><strong>h.</strong></span> <span class='ocrx_word' id='word_1_269' title='bbox 809 1975 834 2009; x_wconf 91' lang='lat'><strong>1.</strong></span> 
     </span>
     <span class='ocr_line' id='line_1_37' title="bbox 155 2016 836 2070; baseline 0.006 -21"><span class='ocrx_word' id='word_1_270' title='bbox 155 2016 331 2050; x_wconf 79' lang='lat' dir='ltr'><strong>Socrates</strong></span> <span class='ocrx_word' id='word_1_271' title='bbox 364 2018 488 2051; x_wconf 85' lang='lat' dir='ltr'><strong>dicere</strong></span> <span class='ocrx_word' id='word_1_272' title='bbox 511 2020 633 2070; x_wconf 86' lang='lat' dir='ltr'><strong>potuit</strong></span> <span class='ocrx_word' id='word_1_273' title='bbox 661 2018 741 2058; x_wconf 79' lang='grc' dir='ltr'><strong>πῶς</strong></span> <span class='ocrx_word' id='word_1_274' title='bbox 765 2030 836 2053; x_wconf 83' lang='grc' dir='ltr'><strong>ουν</strong></span> 
     </span>
     <span class='ocr_line' id='line_1_38' title="bbox 153 2058 834 2119; baseline 0.006 -25"><span class='ocrx_word' id='word_1_275' title='bbox 153 2059 222 2094; x_wconf 77' lang='grc' dir='ltr'><strong>καὶ</strong></span> <span class='ocrx_word' id='word_1_276' title='bbox 236 2061 345 2101; x_wconf 84' lang='grc' dir='ltr'><strong><em>τίνας</em></strong></span> <span class='ocrx_word' id='word_1_277' title='bbox 351 2060 484 2119; x_wconf 83' lang='grc' dir='ltr'><strong><em>λέγεις</em></strong></span> <span class='ocrx_word' id='word_1_278' title='bbox 500 2058 619 2116; x_wconf 79' lang='grc' dir='ltr'><strong><em>(τοὺς)</em></strong></span> <span class='ocrx_word' id='word_1_279' title='bbox 631 2058 834 2118; x_wconf 84' lang='grc' dir='ltr'><strong><em>ανδρείους</em></strong></span> 
     </span>
     <span class='ocr_line' id='line_1_39' title="bbox 155 2101 833 2152; baseline 0.006 -13"><span class='ocrx_word' id='word_1_280' title='bbox 155 2102 277 2149; x_wconf 84' lang='grc' dir='ltr'><strong><em>εἷναι;</em></strong></span> <span class='ocrx_word' id='word_1_281' title='bbox 317 2101 405 2151; x_wconf 75' lang='grc' dir='ltr'><strong><em>οὐχὶ</em></strong></span> <span class='ocrx_word' id='word_1_282' title='bbox 446 2104 535 2148; x_wconf 73' lang='grc' dir='ltr'><strong>τούς</strong></span> <span class='ocrx_word' id='word_1_283' title='bbox 570 2106 833 2152; x_wconf 82' lang='grc' dir='ltr'><strong><em>θαρραλέους,</em></strong></span> 
     </span>
     <span class='ocr_line' id='line_1_40' title="bbox 154 2151 834 2207; baseline 0.006 -23"><span class='ocrx_word' id='word_1_284' title='bbox 154 2151 227 2184; x_wconf 88' lang='lat' dir='ltr'><strong>Sed</strong></span> <span class='ocrx_word' id='word_1_285' title='bbox 259 2154 436 2185; x_wconf 84' lang='lat' dir='ltr'><strong>sermonis</strong></span> <span class='ocrx_word' id='word_1_286' title='bbox 469 2154 714 2207; x_wconf 61' lang='lat' dir='ltr'><strong>ambiguitate</strong></span> <span class='ocrx_word' id='word_1_287' title='bbox 746 2165 834 2188; x_wconf 87' lang='lat' dir='ltr'><strong>usus</strong></span> 
     </span>
     <span class='ocr_line' id='line_1_41' title="bbox 154 2193 834 2253; baseline 0.006 -25"><span class='ocrx_word' id='word_1_288' title='bbox 154 2199 230 2237; x_wconf 83' lang='lat' dir='ltr'><strong>est3</strong></span> <span class='ocrx_word' id='word_1_289' title='bbox 248 2197 329 2240; x_wconf 87' lang='lat' dir='ltr'><strong>ipse</strong></span> <span class='ocrx_word' id='word_1_290' title='bbox 348 2198 444 2230; x_wconf 88' lang='lat' dir='ltr'><strong>enim</strong></span> <span class='ocrx_word' id='word_1_291' title='bbox 461 2198 507 2231; x_wconf 86' lang='lat' dir='ltr'><strong>ad</strong></span> <span class='ocrx_word' id='word_1_292' title='bbox 525 2193 594 2243; x_wconf 72' lang='grc' dir='ltr'><strong>οὐχ</strong></span> <span class='ocrx_word' id='word_1_293' title='bbox 598 2198 611 2233; x_wconf 83' lang='grc' dir='ltr'>ὶ</span> <span class='ocrx_word' id='word_1_294' title='bbox 628 2195 718 2253; x_wconf 80' lang='grc' dir='ltr'><strong><em>τοὺς</em></strong></span> <span class='ocrx_word' id='word_1_295' title='bbox 734 2200 834 2243; x_wconf 85' lang='grc' dir='ltr'><strong><em>θαρ-</em></strong></span> 
     </span>
     <span class='ocr_line' id='line_1_42' title="bbox 154 2238 834 2288; baseline 0.009 -15"><span class='ocrx_word' id='word_1_296' title='bbox 154 2238 314 2283; x_wconf 87' lang='grc' dir='ltr'><strong><em>ραλέους</em></strong></span> <span class='ocrx_word' id='word_1_297' title='bbox 339 2239 438 2276; x_wconf 81' lang='grc' dir='ltr'><strong><em>εἶναι</em></strong></span> <span class='ocrx_word' id='word_1_298' title='bbox 462 2244 653 2278; x_wconf 80' lang='lat' dir='ltr'><strong>intellexit</strong></span> <span class='ocrx_word' id='word_1_299' title='bbox 680 2239 778 2288; x_wconf 90' lang='grc' dir='ltr'><strong><em>ανδρ</em></strong></span> <span class='ocrx_word' id='word_1_300' title='bbox 783 2244 834 2278; x_wconf 88' lang='grc' dir='ltr'><strong><em>εί-</em></strong></span> 
     </span>
     <span class='ocr_line' id='line_1_43' title="bbox 154 2286 833 2330; baseline 0.007 -12"><span class='ocrx_word' id='word_1_301' title='bbox 154 2296 236 2328; x_wconf 88' lang='grc' dir='ltr'><strong><em>ους,</em></strong></span> <span class='ocrx_word' id='word_1_302' title='bbox 254 2286 478 2330; x_wconf 82' lang='lat' dir='ltr'><strong>Protagoras</strong></span> <span class='ocrx_word' id='word_1_303' title='bbox 497 2293 619 2322; x_wconf 84' lang='lat' dir='ltr'><strong>autem</strong></span> <span class='ocrx_word' id='word_1_304' title='bbox 635 2290 692 2323; x_wconf 90' lang='lat' dir='ltr'><strong>his</strong></span> <span class='ocrx_word' id='word_1_305' title='bbox 708 2291 833 2324; x_wconf 82' lang='lat' dir='ltr'><strong>verbis</strong></span> 
     </span>
     <span class='ocr_line' id='line_1_44' title="bbox 153 2330 835 2373; baseline 0.009 -11"><span class='ocrx_word' id='word_1_306' title='bbox 153 2330 411 2373; x_wconf 80' lang='lat' dir='ltr'><strong>praedicatum</strong></span> <span class='ocrx_word' id='word_1_307' title='bbox 443 2334 626 2367; x_wconf 81' lang='lat' dir='ltr'><strong>contineri</strong></span> <span class='ocrx_word' id='word_1_308' title='bbox 654 2339 758 2368; x_wconf 83' lang='lat' dir='ltr'><strong>ratus</strong></span> <span class='ocrx_word' id='word_1_309' title='bbox 792 2346 835 2368; x_wconf 89' lang='lat' dir='ltr'><strong>ex</strong></span> 
     </span>
     <span class='ocr_line' id='line_1_45' title="bbox 152 2376 835 2428; baseline 0.01 -21"><span class='ocrx_word' id='word_1_310' title='bbox 152 2376 465 2428; x_wconf 84' lang='lat' dir='ltr'><strong>praecedentibus</strong></span> <span class='ocrx_word' id='word_1_311' title='bbox 500 2380 707 2412; x_wconf 87' lang='lat' dir='ltr'><strong>subiectum</strong></span> <span class='ocrx_word' id='word_1_312' title='bbox 745 2390 835 2419; x_wconf 87' lang='grc' dir='ltr'><strong><em>τους</em></strong></span> 
     </span>
     <span class='ocr_line' id='line_1_46' title="bbox 153 2415 835 2480; baseline 0.008 -27"><span class='ocrx_word' id='word_1_313' title='bbox 153 2415 358 2464; x_wconf 80' lang='grc' dir='ltr'><strong><em>ανδρείους</em></strong></span> <span class='ocrx_word' id='word_1_314' title='bbox 370 2423 558 2465; x_wconf 79' lang='lat' dir='ltr'><strong>supplevit</strong></span> <span class='ocrx_word' id='word_1_315' title='bbox 570 2428 745 2480; x_wconf 85' lang='lat' dir='ltr'><strong>recteque</strong></span> <span class='ocrx_word' id='word_1_316' title='bbox 759 2428 835 2458; x_wconf 83' lang='lat' dir='ltr'><strong>sta-</strong></span> 
     </span>
     <span class='ocr_line' id='line_1_47' title="bbox 152 2466 836 2523; baseline 0.011 -26"><span class='ocrx_word' id='word_1_317' title='bbox 152 2466 219 2498; x_wconf 85' lang='lat' dir='ltr'><strong>tim</strong></span> <span class='ocrx_word' id='word_1_318' title='bbox 235 2469 338 2521; x_wconf 78' lang='lat' dir='ltr'><strong>post</strong></span> <span class='ocrx_word' id='word_1_319' title='bbox 337 2466 460 2500; x_wconf 84' lang='lat' dir='ltr'><strong>dicere</strong></span> <span class='ocrx_word' id='word_1_320' title='bbox 478 2469 620 2510; x_wconf 84' lang='lat' dir='ltr'><strong>potuit:</strong></span> <span class='ocrx_word' id='word_1_321' title='bbox 642 2467 676 2503; x_wconf 83' lang='grc' dir='ltr'><strong><em>εἰ</em></strong></span> <span class='ocrx_word' id='word_1_322' title='bbox 688 2466 727 2502; x_wconf 81' lang='grc' dir='ltr'><strong>οἷ</strong></span> <span class='ocrx_word' id='word_1_323' title='bbox 737 2471 836 2523; x_wconf 83' lang='grc' dir='ltr'><strong><em>θαρ-</em></strong></span> 
     </span>
     <span class='ocr_line' id='line_1_48' title="bbox 152 2508 837 2570; baseline 0.009 -27"><span class='ocrx_word' id='word_1_324' title='bbox 152 2511 282 2562; x_wconf 89' lang='grc' dir='ltr'><strong><em>ραλεοι</em></strong></span> <span class='ocrx_word' id='word_1_325' title='bbox 313 2508 494 2555; x_wconf 84' lang='grc' dir='ltr'><strong><em>ανδρεΐοί</em></strong></span> <span class='ocrx_word' id='word_1_326' title='bbox 521 2510 618 2547; x_wconf 80' lang='grc' dir='ltr'><strong><em>εἰσιν</em></strong></span> <span class='ocrx_word' id='word_1_327' title='bbox 639 2525 710 2568; x_wconf 61' lang='grc' dir='ltr'><strong>ουκ</strong></span> <span class='ocrx_word' id='word_1_328' title='bbox 739 2527 837 2570; x_wconf 82' lang='grc' dir='ltr'><strong><em>ηρω-</em></strong></span> 
     </span>
     <span class='ocr_line' id='line_1_49' title="bbox 150 2550 833 2656; baseline 0.01 -24"><span class='ocrx_word' id='word_1_329' title='bbox 150 2550 833 2656; x_wconf 47' lang='grc' dir='ltr'>ἕζξιτιῖἔηυπ,1(1ῗιὲῑηῖ1ῗν11ζ’,ε1ἓῖιᾏ</span> 
     </span>
     <span class='ocr_line' id='line_1_50' title="bbox 152 2643 834 2693; baseline 0.011 -16"><span class='ocrx_word' id='word_1_330' title='bbox 152 2643 219 2679; x_wconf 89' lang='lat' dir='ltr'><strong>int.</strong></span> <span class='ocrx_word' id='word_1_331' title='bbox 242 2643 333 2686; x_wconf 76' lang='grc' dir='ltr'><strong><em>τοὺς</em></strong></span> <span class='ocrx_word' id='word_1_332' title='bbox 357 2644 562 2690; x_wconf 73' lang='grc' dir='ltr'><strong><em>ἀνδρείους</em></strong></span> <span class='ocrx_word' id='word_1_333' title='bbox 594 2645 710 2691; x_wconf 80' lang='grc' dir='ltr'><strong><em>(τοὺς)</em></strong></span> <span class='ocrx_word' id='word_1_334' title='bbox 735 2651 834 2693; x_wconf 86' lang='grc' dir='ltr'><strong><em>θαρ-</em></strong></span> 
     </span>
     <span class='ocr_line' id='line_1_51' title="bbox 152 2687 832 2776; baseline 0.009 -53"><span class='ocrx_word' id='word_1_335' title='bbox 152 2687 311 2776; x_wconf 57' lang='grc' dir='ltr'><strong><em>ἓὸιλέους</em></strong></span> <span class='ocrx_word' id='word_1_336' title='bbox 346 2688 739 2738; x_wconf 67' lang='grc' dir='ltr'>εἷναι,01“.Κ1-ἰίςο1·</span> <span class='ocrx_word' id='word_1_337' title='bbox 769 2695 832 2729; x_wconf 81' lang='lat' dir='ltr'><strong>Gr.</strong></span> 
     </span>
    </p>

    <p class='ocr_par' dir='ltr' id='par_1_9' title="bbox 152 2776 831 2872">
     <span class='ocr_line' id='line_1_52' title="bbox 198 2776 828 2829; baseline 0.011 -17"><span class='ocrx_word' id='word_1_338' title='bbox 198 2777 239 2813; x_wconf 82' lang='lat' dir='ltr'><strong>O.</strong></span> <span class='ocrx_word' id='word_1_339' title='bbox 279 2777 324 2814; x_wconf 79' lang='grc' dir='ltr'><strong>οἰ</strong></span> <span class='ocrx_word' id='word_1_340' title='bbox 368 2776 491 2815; x_wconf 76' lang='grc' dir='ltr'><strong><em>οὕτω</em></strong></span> <span class='ocrx_word' id='word_1_341' title='bbox 540 2782 828 2829; x_wconf 81' lang='grc' dir='ltr'><strong><em>θαρραλέοι]</em></strong></span> 
     </span>
     <span class='ocr_line' id='line_1_53' title="bbox 152 2823 831 2872; baseline 0.012 -17"><span class='ocrx_word' id='word_1_342' title='bbox 152 2823 236 2862; x_wconf 83' lang='lat' dir='ltr'><strong>sic,</strong></span> <span class='ocrx_word' id='word_1_343' title='bbox 267 2829 316 2859; x_wconf 89' lang='lat' dir='ltr'><strong>nt</strong></span> <span class='ocrx_word' id='word_1_344' title='bbox 347 2828 555 2861; x_wconf 86' lang='lat' dir='ltr'><strong>scientia</strong></span> <span class='ocrx_word' id='word_1_345' title='bbox 590 2832 632 2862; x_wconf 87' lang='lat' dir='ltr'><strong>et</strong></span> <span class='ocrx_word' id='word_1_346' title='bbox 662 2830 831 2872; x_wconf 84' lang='lat' dir='ltr'><strong>peritia</strong></span> 
     </span>
    </p>
   </div>
   <div class='ocr_carea' id='block_1_8' title="bbox 902 1884 1588 2110">
    <p class='ocr_par' dir='ltr' id='par_1_10' title="bbox 907 1884 1587 1928">
     <span class='ocr_line' id='line_1_54' title="bbox 907 1884 1587 1928; baseline 0.003 -11"><span class='ocrx_word' id='word_1_347' title='bbox 907 1885 992 1917; x_wconf 86' lang='lat' dir='ltr'><strong>hac</strong></span> <span class='ocrx_word' id='word_1_348' title='bbox 1018 1886 1116 1928; x_wconf 82' lang='lat' dir='ltr'><strong>ipsa</strong></span> <span class='ocrx_word' id='word_1_349' title='bbox 1139 1884 1190 1918; x_wconf 85' lang='lat' dir='ltr'><strong>de</strong></span> <span class='ocrx_word' id='word_1_350' title='bbox 1209 1895 1351 1919; x_wconf 62' lang='lat' dir='ltr'><strong>censa</strong></span> <span class='ocrx_word' id='word_1_351' title='bbox 1368 1888 1470 1918; x_wconf 84' lang='grc'>811111</span> <span class='ocrx_word' id='word_1_352' title='bbox 1491 1886 1587 1920; x_wconf 86' lang='lat' dir='ltr'><strong>for-</strong></span> 
     </span>
    </p>

    <p class='ocr_par' dir='ltr' id='par_1_11' title="bbox 902 1925 1588 2110">
     <span class='ocr_line' id='line_1_55' title="bbox 907 1925 1588 1973; baseline 0.004 -11"><span class='ocrx_word' id='word_1_353' title='bbox 907 1930 1104 1963; x_wconf 79' lang='lat' dir='ltr'><strong>tissimi?</strong></span> <span class='ocrx_word' id='word_1_354' title='bbox 1134 1930 1225 1963; x_wconf 87' lang='lat' dir='ltr'><strong>Post</strong></span> <span class='ocrx_word' id='word_1_355' title='bbox 1248 1926 1289 1963; x_wconf 77' lang='grc' dir='ltr'><strong>οἴ</strong></span> <span class='ocrx_word' id='word_1_356' title='bbox 1308 1925 1525 1973; x_wconf 73' lang='grc' dir='ltr'><strong><em>σοφώτατοι</em></strong></span> <span class='ocrx_word' id='word_1_357' title='bbox 1547 1932 1588 1965; x_wconf 84' lang='grc'><strong>111</strong></span> 
     </span>
     <span class='ocr_line' id='line_1_56' title="bbox 903 1974 1588 2020; baseline 0.003 -12"><span class='ocrx_word' id='word_1_358' title='bbox 903 1974 1060 2018; x_wconf 87' lang='lat' dir='ltr'><strong>legendo</strong></span> <span class='ocrx_word' id='word_1_359' title='bbox 1082 1986 1153 2009; x_wconf 84' lang='lat' dir='ltr'><strong>vox</strong></span> <span class='ocrx_word' id='word_1_360' title='bbox 1175 1975 1378 2009; x_wconf 82' lang='lat' dir='ltr'><strong>inhibenda</strong></span> <span class='ocrx_word' id='word_1_361' title='bbox 1402 1979 1460 2010; x_wconf 88' lang='lat' dir='ltr'><strong>est</strong></span> <span class='ocrx_word' id='word_1_362' title='bbox 1482 1977 1588 2020; x_wconf 83' lang='lat' dir='ltr'><strong>paul—</strong></span> 
     </span>
     <span class='ocr_line' id='line_1_57' title="bbox 903 2011 1588 2064; baseline 0.006 -12"><span class='ocrx_word' id='word_1_363' title='bbox 903 2020 1037 2060; x_wconf 87' lang='lat' dir='ltr'><strong>lulum,</strong></span> <span class='ocrx_word' id='word_1_364' title='bbox 1060 2024 1102 2053; x_wconf 89' lang='lat' dir='ltr'><strong>ut</strong></span> <span class='ocrx_word' id='word_1_365' title='bbox 1119 2011 1227 2054; x_wconf 81' lang='grc' dir='ltr'><strong><em>οὗτοι</em></strong></span> <span class='ocrx_word' id='word_1_366' title='bbox 1246 2031 1327 2054; x_wconf 85' lang='grc'>011111</span> <span class='ocrx_word' id='word_1_367' title='bbox 1344 2022 1588 2064; x_wconf 82' lang='lat' dir='ltr'><strong>sequentibus</strong></span> 
     </span>
     <span class='ocr_line' id='line_1_58' title="bbox 902 2066 1456 2110; baseline 0.002 -11"><span class='ocrx_word' id='word_1_368' title='bbox 902 2066 1027 2099; x_wconf 86' lang='lat' dir='ltr'><strong>verbis</strong></span> <span class='ocrx_word' id='word_1_369' title='bbox 1046 2067 1301 2110; x_wconf 84' lang='lat' dir='ltr'><strong>coniungatur.</strong></span> <span class='ocrx_word' id='word_1_370' title='bbox 1334 2067 1456 2100; x_wconf 79' lang='lat' dir='ltr'><strong>Staltb.</strong></span> 
     </span>
    </p>
   </div>
   <div class='ocr_carea' id='block_1_9' title="bbox 900 2127 1589 2222">
    <p class='ocr_par' dir='ltr' id='par_1_12' title="bbox 900 2127 1589 2222">
     <span class='ocr_line' id='line_1_59' title="bbox 949 2127 1585 2179; baseline 0.003 -12"><span class='ocrx_word' id='word_1_371' title='bbox 949 2127 1016 2167; x_wconf 86' lang='grc' dir='ltr'><strong>Ου</strong></span> <span class='ocrx_word' id='word_1_372' title='bbox 1054 2133 1222 2176; x_wconf 79' lang='grc' dir='ltr'><strong><em>καλῶς,</em></strong></span> <span class='ocrx_word' id='word_1_373' title='bbox 1272 2131 1380 2178; x_wconf 79' lang='grc' dir='ltr'><strong><em>ἔφη,</em></strong></span> <span class='ocrx_word' id='word_1_374' title='bbox 1427 2133 1585 2179; x_wconf 85' lang='grc' dir='ltr'><strong><em>μνημ.]</em></strong></span> 
     </span>
     <span class='ocr_line' id='line_1_60' title="bbox 900 2177 1589 2222; baseline 0.003 -11"><span class='ocrx_word' id='word_1_375' title='bbox 900 2177 1115 2222; x_wconf 83' lang='lat' dir='ltr'><strong>Respondet</strong></span> <span class='ocrx_word' id='word_1_376' title='bbox 1150 2180 1379 2222; x_wconf 83' lang='lat' dir='ltr'><strong>Protagoras</strong></span> <span class='ocrx_word' id='word_1_377' title='bbox 1426 2190 1472 2213; x_wconf 83' lang='lat' dir='ltr'><strong>ex</strong></span> <span class='ocrx_word' id='word_1_378' title='bbox 1517 2190 1589 2213; x_wconf 83' lang='lat' dir='ltr'><strong>sua</strong></span> 
     </span>
    </p>
   </div>
   <div class='ocr_carea' id='block_1_10' title="bbox 902 2225 1587 2539">
    <p class='ocr_par' dir='ltr' id='par_1_13' title="bbox 902 2225 1587 2539">
     <span class='ocr_line' id='line_1_61' title="bbox 902 2225 1587 2267; baseline 0.003 -11"><span class='ocrx_word' id='word_1_379' title='bbox 902 2225 1091 2257; x_wconf 85' lang='lat' dir='ltr'><strong>sententia</strong></span> <span class='ocrx_word' id='word_1_380' title='bbox 1135 2225 1391 2258; x_wconf 81' lang='lat' dir='ltr'><strong>fortitudinem</strong></span> <span class='ocrx_word' id='word_1_381' title='bbox 1439 2225 1587 2267; x_wconf 87' lang='lat' dir='ltr'><strong>quidem</strong></span> 
     </span>
     <span class='ocr_line' id='line_1_62' title="bbox 904 2268 1586 2313; baseline 0.004 -12"><span class='ocrx_word' id='word_1_382' title='bbox 904 2268 1100 2302; x_wconf 80' lang='lat' dir='ltr'><strong>audaciam</strong></span> <span class='ocrx_word' id='word_1_383' title='bbox 1114 2270 1187 2302; x_wconf 87' lang='lat' dir='ltr'><strong>sibi</strong></span> <span class='ocrx_word' id='word_1_384' title='bbox 1204 2269 1420 2303; x_wconf 84' lang='lat' dir='ltr'><strong>adiunctam</strong></span> <span class='ocrx_word' id='word_1_385' title='bbox 1432 2269 1586 2313; x_wconf 80' lang='lat' dir='ltr'><strong>habere,</strong></span> 
     </span>
     <span class='ocr_line' id='line_1_63' title="bbox 902 2316 1586 2357; baseline 0.004 -11"><span class='ocrx_word' id='word_1_386' title='bbox 902 2324 1024 2356; x_wconf 87' lang='lat' dir='ltr'><strong>neque</strong></span> <span class='ocrx_word' id='word_1_387' title='bbox 1065 2318 1191 2347; x_wconf 88' lang='lat' dir='ltr'><strong>tamen</strong></span> <span class='ocrx_word' id='word_1_388' title='bbox 1225 2325 1326 2355; x_wconf 83' lang='lat' dir='ltr'><strong>eum,</strong></span> <span class='ocrx_word' id='word_1_389' title='bbox 1366 2317 1431 2357; x_wconf 90' lang='lat' dir='ltr'><strong>qui</strong></span> <span class='ocrx_word' id='word_1_390' title='bbox 1462 2316 1586 2349; x_wconf 76' lang='lat' dir='ltr'><strong>audax</strong></span> 
     </span>
     <span class='ocr_line' id='line_1_64' title="bbox 904 2361 1586 2401; baseline 0.004 -10"><span class='ocrx_word' id='word_1_391' title='bbox 904 2361 970 2399; x_wconf 85' lang='lat' dir='ltr'><strong>sit,</strong></span> <span class='ocrx_word' id='word_1_392' title='bbox 1004 2370 1150 2401; x_wconf 87' lang='lat' dir='ltr'><strong>semper</strong></span> <span class='ocrx_word' id='word_1_393' title='bbox 1173 2369 1255 2393; x_wconf 89' lang='lat' dir='ltr'><strong>esse</strong></span> <span class='ocrx_word' id='word_1_394' title='bbox 1271 2361 1421 2400; x_wconf 83' lang='lat' dir='ltr'><strong>fortem,</strong></span> <span class='ocrx_word' id='word_1_395' title='bbox 1453 2363 1496 2394; x_wconf 89' lang='lat' dir='ltr'><strong>ut</strong></span> <span class='ocrx_word' id='word_1_396' title='bbox 1511 2371 1586 2394; x_wconf 90' lang='lat' dir='ltr'><strong>non</strong></span> 
     </span>
     <span class='ocr_line' id='line_1_65' title="bbox 904 2405 1586 2447; baseline 0.004 -11"><span class='ocrx_word' id='word_1_397' title='bbox 904 2405 954 2436; x_wconf 89' lang='lat' dir='ltr'><strong>sit</strong></span> <span class='ocrx_word' id='word_1_398' title='bbox 971 2414 1221 2446; x_wconf 83' lang='lat' dir='ltr'><strong>consequens,</strong></span> <span class='ocrx_word' id='word_1_399' title='bbox 1247 2406 1345 2447; x_wconf 87' lang='lat' dir='ltr'><strong>quod</strong></span> <span class='ocrx_word' id='word_1_400' title='bbox 1361 2405 1405 2438; x_wconf 87' lang='lat' dir='ltr'><strong>de</strong></span> <span class='ocrx_word' id='word_1_401' title='bbox 1424 2405 1586 2439; x_wconf 82' lang='lat' dir='ltr'><strong>audacia</strong></span> 
     </span>
     <span class='ocr_line' id='line_1_66' title="bbox 903 2449 1586 2492; baseline 0.003 -10"><span class='ocrx_word' id='word_1_402' title='bbox 903 2459 991 2482; x_wconf 86' lang='lat' dir='ltr'><strong>vere</strong></span> <span class='ocrx_word' id='word_1_403' title='bbox 1019 2449 1093 2481; x_wconf 92' lang='lat' dir='ltr'><strong>dici</strong></span> <span class='ocrx_word' id='word_1_404' title='bbox 1114 2451 1251 2492; x_wconf 89' lang='lat' dir='ltr'><strong>possit,</strong></span> <span class='ocrx_word' id='word_1_405' title='bbox 1274 2450 1371 2483; x_wconf 89' lang='lat' dir='ltr'><strong>idem</strong></span> <span class='ocrx_word' id='word_1_406' title='bbox 1390 2450 1522 2484; x_wconf 85' lang='lat' dir='ltr'><strong>cadere</strong></span> <span class='ocrx_word' id='word_1_407' title='bbox 1545 2451 1586 2483; x_wconf 88' lang='lat' dir='ltr'><strong>in</strong></span> 
     </span>
     <span class='ocr_line' id='line_1_67' title="bbox 904 2493 1582 2539; baseline 0.005 -13"><span class='ocrx_word' id='word_1_408' title='bbox 904 2493 1172 2536; x_wconf 82' lang='lat' dir='ltr'><strong>fortitudinem,</strong></span> <span class='ocrx_word' id='word_1_409' title='bbox 1188 2505 1224 2529; x_wconf 80' lang='lat' dir='ltr'><strong>v.</strong></span> <span class='ocrx_word' id='word_1_410' title='bbox 1243 2506 1328 2529; x_wconf 85' lang='lat' dir='ltr'><strong>ann.</strong></span> <span class='ocrx_word' id='word_1_411' title='bbox 1348 2496 1395 2529; x_wconf 82' lang='lat' dir='ltr'><strong>ad</strong></span> <span class='ocrx_word' id='word_1_412' title='bbox 1411 2507 1447 2539; x_wconf 89' lang='lat' dir='ltr'><strong>p.</strong></span> <span class='ocrx_word' id='word_1_413' title='bbox 1461 2495 1582 2531; x_wconf 74' lang='lat'><strong>3513.</strong></span> 
     </span>
    </p>
   </div>
   <div class='ocr_carea' id='block_1_11' title="bbox 901 2557 1585 2869">
    <p class='ocr_par' dir='ltr' id='par_1_14' title="bbox 901 2557 1585 2869">
     <span class='ocr_line' id='line_1_68' title="bbox 949 2557 1585 2607; baseline 0.006 -14"><span class='ocrx_word' id='word_1_414' title='bbox 949 2562 995 2594; x_wconf 94' lang='lat' dir='ltr'><strong>D.</strong></span> <span class='ocrx_word' id='word_1_415' title='bbox 1028 2572 1140 2601; x_wconf 87' lang='grc' dir='ltr'><strong><em>τους</em></strong></span> <span class='ocrx_word' id='word_1_416' title='bbox 1172 2559 1222 2597; x_wconf 73' lang='grc' dir='ltr'><strong>δὲ</strong></span> <span class='ocrx_word' id='word_1_417' title='bbox 1255 2557 1371 2607; x_wconf 87' lang='grc' dir='ltr'><strong><em>ανδρ</em></strong></span> <span class='ocrx_word' id='word_1_418' title='bbox 1381 2563 1507 2602; x_wconf 83' lang='grc' dir='ltr'><strong><em>είους</em></strong></span> <span class='ocrx_word' id='word_1_419' title='bbox 1538 2580 1585 2587; x_wconf 91' lang='lat'><strong>-—</strong></span> 
     </span>
     <span class='ocr_line' id='line_1_69' title="bbox 904 2576 1583 2653; baseline 0.006 -14"><span class='ocrx_word' id='word_1_420' title='bbox 904 2617 986 2639; x_wconf 78' lang='grc' dir='ltr'><strong>ουκ</strong></span> <span class='ocrx_word' id='word_1_421' title='bbox 1019 2602 1172 2649; x_wconf 80' lang='grc' dir='ltr'><strong><em>ὀρθῶς</em></strong></span> <span class='ocrx_word' id='word_1_422' title='bbox 1205 2576 1499 2653; x_wconf 76' lang='grc' dir='ltr'><strong><em>ωμολόγησα]</em></strong></span> <span class='ocrx_word' id='word_1_423' title='bbox 1531 2608 1583 2643; x_wconf 85' lang='lat' dir='ltr'><strong>de</strong></span> 
     </span>
     <span class='ocr_line' id='line_1_70' title="bbox 902 2652 1582 2693; baseline 0.005 -9"><span class='ocrx_word' id='word_1_424' title='bbox 902 2652 1104 2686; x_wconf 81' lang='lat' dir='ltr'><strong>fortibus</strong></span> <span class='ocrx_word' id='word_1_425' title='bbox 1137 2657 1300 2693; x_wconf 76' lang='lat' dir='ltr'><strong>autem,</strong></span> <span class='ocrx_word' id='word_1_426' title='bbox 1343 2664 1418 2687; x_wconf 90' lang='lat' dir='ltr'><strong>eos</strong></span> <span class='ocrx_word' id='word_1_427' title='bbox 1444 2653 1582 2687; x_wconf 80' lang='lat' dir='ltr'><strong>auda.-</strong></span> 
     </span>
     <span class='ocr_line' id='line_1_71' title="bbox 904 2699 1580 2742; baseline 0.005 -13"><span class='ocrx_word' id='word_1_428' title='bbox 904 2706 980 2730; x_wconf 89' lang='lat' dir='ltr'><strong>ces</strong></span> <span class='ocrx_word' id='word_1_429' title='bbox 1005 2707 1123 2741; x_wconf 86' lang='lat' dir='ltr'><strong>esse,</strong></span> <span class='ocrx_word' id='word_1_430' title='bbox 1161 2699 1205 2731; x_wconf 84' lang='lat' dir='ltr'><strong>id</strong></span> <span class='ocrx_word' id='word_1_431' title='bbox 1229 2699 1344 2741; x_wconf 87' lang='lat' dir='ltr'><strong>quod</strong></span> <span class='ocrx_word' id='word_1_432' title='bbox 1373 2709 1453 2742; x_wconf 84' lang='lat' dir='ltr'><strong>ego</strong></span> <span class='ocrx_word' id='word_1_433' title='bbox 1478 2709 1580 2732; x_wconf 87' lang='lat' dir='ltr'><strong>con-</strong></span> 
     </span>
     <span class='ocr_line' id='line_1_72' title="bbox 903 2743 1583 2784; baseline 0.003 -10"><span class='ocrx_word' id='word_1_434' title='bbox 903 2743 1042 2784; x_wconf 86' lang='lat' dir='ltr'><strong>cessi,</strong></span> <span class='ocrx_word' id='word_1_435' title='bbox 1090 2744 1218 2777; x_wconf 89' lang='lat' dir='ltr'><strong>nullo</strong></span> <span class='ocrx_word' id='word_1_436' title='bbox 1257 2743 1382 2778; x_wconf 89' lang='lat' dir='ltr'><strong>modo</strong></span> <span class='ocrx_word' id='word_1_437' title='bbox 1422 2748 1583 2778; x_wconf 86' lang='lat' dir='ltr'><strong>osten—</strong></span> 
     </span>
     <span class='ocr_line' id='line_1_73' title="bbox 902 2786 1580 2823; baseline 0.007 -5"><span class='ocrx_word' id='word_1_438' title='bbox 902 2786 1015 2820; x_wconf 89' lang='lat' dir='ltr'><strong>disti</strong></span> <span class='ocrx_word' id='word_1_439' title='bbox 1037 2798 1100 2822; x_wconf 85' lang='lat' dir='ltr'><strong>me</strong></span> <span class='ocrx_word' id='word_1_440' title='bbox 1123 2799 1209 2822; x_wconf 88' lang='lat' dir='ltr'><strong>non</strong></span> <span class='ocrx_word' id='word_1_441' title='bbox 1231 2792 1358 2822; x_wconf 86' lang='lat' dir='ltr'><strong>recte</strong></span> <span class='ocrx_word' id='word_1_442' title='bbox 1389 2799 1580 2823; x_wconf 86' lang='lat' dir='ltr'><strong>conces-</strong></span> 
     </span>
     <span class='ocr_line' id='line_1_74' title="bbox 901 2832 1580 2869; baseline 0.007 -5"><span class='ocrx_word' id='word_1_443' title='bbox 901 2832 1030 2867; x_wconf 87' lang='lat' dir='ltr'><strong>sisse.</strong></span> <span class='ocrx_word' id='word_1_444' title='bbox 1086 2834 1198 2867; x_wconf 84' lang='lat' dir='ltr'><strong>Hane</strong></span> <span class='ocrx_word' id='word_1_445' title='bbox 1238 2844 1318 2868; x_wconf 88' lang='lat' dir='ltr'><strong>esse</strong></span> <span class='ocrx_word' id='word_1_446' title='bbox 1357 2836 1580 2869; x_wconf 79' lang='lat' dir='ltr'><strong>sententiam</strong></span> 
     </span>
    </p>
   </div>
  </div>
 </body>
</html>
