1696 2976
456 113 874 162 PRQTAGORAS.
905 115 947 152 P.
966 117 1046 156 323.
1080 115 1160 151 ST.
1460 113 1515 156 75

103 231 234 276 παντὶ
258 240 454 289 μετεῖναι
478 228 628 288 αὐτῆς,
652 230 788 275 ταῦτα
813 230 945 288 λέγω·
978 228 1046 276 ὅτι
1070 230 1120 276 δὲ
1143 229 1283 289 αὐτὴν
1306 229 1359 277 οὐ
1382 229 1516 290 φύσει

103 296 312 357 ἡγοῦνται
336 298 451 345 εἶναι
474 296 571 344 οὐδ’
600 295 686 343 ἀπὸ
709 299 786 343 τοῦ
811 296 1075 357 αὐτομάτου,
1101 297 1213 345 ἀλλὰ
1238 297 1448 346 διδακτόν
1470 319 1515 346 τε

102 367 176 412 καὶ
202 368 246 421 ἐξ
263 369 510 426 ἐπιμελείας
526 370 881 425 παραγίγνεσθαι
902 360 937 429 ᾦ
952 364 1007 413 ἂν
1025 373 1364 427 παραγίγνηται,
1388 367 1516 414 τοῦτό

101 450 172 481 σοι
194 434 302 494 μετὰ
326 437 453 482 τοῦτο
477 433 739 494 πειράσομαι
763 432 1003 489 ἀποδεῖξαι.
1049 434 1160 482 Ὅσα
1192 435 1275 496 γὰρ
1306 434 1517 494 ἡγοῦνται

100 501 317 562 ἀλλήλους
342 502 454 550 κακὰ
479 508 595 563 ἔχειν
617 500 850 562 ἅνθρωποι
880 501 1016 562 φύσει
1039 500 1067 562 ἢ
1089 503 1223 564 τύχῃ,
1255 502 1404 558 οὐδεὶς
1427 512 1515 551 θυτ
1538 521 1571 554 D

100 574 280 630 μοῦται,
313 570 419 618 οὐδὲ
444 579 652 618 νουθετεῖ
661 607 673 629 ,
705 569 812 617 οὐδὲ
837 569 1061 629 διδάσκει,
1093 570 1198 618 οὐδὲ
1223 571 1393 628 κολάζει
1415 572 1516 627 τοὺς

100 643 236 686 ταῦτα
262 645 462 699 ἔχοντας,
488 644 562 687 ἵνα
585 637 645 698 μὴ
668 642 857 686 τοιοῦτοι
882 632 1007 697 αἷσιν,
1032 638 1129 686 ἀλλ’
1160 643 1370 688 ἐλεοῦσιν.
1420 638 1517 688 οἷον

99 706 200 761 τοὺς
241 707 450 768 αἰσχροὺς
481 705 508 767 ἢ
542 706 752 767 σμικροὺς
784 704 1039 766 ἢᾶσθενεῖς
1062 713 1128 763 τίς
1152 707 1290 763 οὕτως
1314 707 1514 768 ἀνόητος,

101 774 211 822 ὥστε
235 796 276 822 τι
300 775 469 823 τούτων
488 778 726 836 ἐπιχειρεῖν
748 788 917 832 ποιεῑν;
964 779 1101 822 ταῦτα
1132 778 1214 836 μὲν
1237 775 1345 837 γάρ,
1378 777 1514 836 οἶμαι,

101 851 251 890 ἴσασιν
297 843 363 891 ὅτι
403 844 538 903 φύσει
578 864 625 891 τε
667 845 741 891 καὶ
772 843 882 905 τύχῃ
913 855 1005 899 τοῖς
1037 843 1293 902 ἀνθρώποις
1317 850 1516 904 γίγνεται

94 911 147 957 τὰ
194 911 306 958 κακὰ
352 914 426 959 καὶ
471 911 683 960 τάναντία
729 911 917 967 τούτοις·
985 911 1067 959 ὅσα
1108 914 1156 959 δὲ
1190 916 1233 968 ἐξ
1267 916 1515 974 ἐπιμελείας

94 982 167 1026 καὶ
186 979 412 1039 ἀσκήσεως
431 982 505 1027 καὶ
524 984 706 1040 διδαχῆς
725 989 893 1028 οἴονται
912 986 1148 1040 γίγνεσθαι
1165 980 1316 1040 ἀγαθὰ
1334 980 1516 1041 ἀνθρώ-
1540 999 1570 1031 Ε

92 1067 214 1107 ποις,
249 1047 326 1096 ε’άν
350 1069 414 1103 τις
438 1052 577 1096 ταῦτα
601 1049 661 1108 μὴ
687 1055 788 1110 ἔχῃ,
819 1048 931 1095 ἄλλα
956 1048 1168 1096 τάναντία
1192 1049 1361 1096 τούτων
1386 1050 1514 1109 κακά,

94 1118 166 1163 ἐπὶ
197 1115 367 1172 τούτοις
399 1135 487 1165 που
527 1121 574 1164 οἵ
602 1137 648 1165 τε
679 1119 819 1177 θὌμοὶ
850 1122 1079 1176 γίγνονται
1115 1119 1189 1164 καὶ
1220 1121 1267 1164 αἱ
1299 1118 1511 1173 κολάσεις.

93 1187 166 1231 καὶ
190 1188 240 1232 αἱ
260 1185 566 1245 νουθετήσεις.
600 1179 664 1232 ὧν
689 1188 809 1232 ἐστιν
835 1189 885 1232 ἓν
908 1188 982 1232 καὶ
1006 1184 1033 1245 ἡ
1068 1184 1219 1232 ἀδικία
1251 1188 1324 1233 καὶ
1348 1185 1375 1246 ἡ
1409 1185 1514 1234 ἆσέ-

95 1258 195 1311 βεια
219 1255 293 1300 καὶ
317 1253 577 1313 συλλήβδην
600 1257 689 1300 πᾶν
712 1253 759 1300 τὸ
785 1256 989 1301 ἐναντίον
1011 1257 1087 1314 τῆς
1103 1258 1326 1314 πολιτικῆς
1342 1254 1509 1316 ἀρετῆς.
1527 1274 1593 1305 324

121 1371 130 1381 ⁴
184 1386 273 1432 Cap
291 1387 393 1421 XIII.
419 1388 462 1440 Ρ.
481 1390 558 1423 323.
588 1389 635 1422 D.
667 1380 1259 1433 ἅνθρωποιφύσειῆτύχη]
1280 1389 1513 1424 Heindorfius

91 1426 296 1466 malebat
271 1445 295 1476 η
313 1444 354 1476 φ.
374 1426 399 1477 ἢ
416 1428 521 1477 τύχῃ.

181 1485 332 1532 οἶμαι,
352 1488 525 1534 ἴσασιν]
546 1488 877 1547 Βοᾱ1.ῑ7ιιι.οἰ’μαι
896 1489 1057 1525 εἴσασιν.
1076 1491 1161 1525 Vat.
1179 1500 1208 1526 t.
1227 1494 1264 1524 et
1276 1491 1383 1526 vind.
1403 1488 1511 1536 οἶμαι

92 1533 239 1576 ι’σασιν;
258 1535 325 1567 alii
342 1538 378 1568 et
398 1535 501 1570 editt.
520 1539 611 1569 vett.
630 1535 770 1578 ἴσασιν,
788 1539 910 1579 οὶμαι.

181 1609 233 1646 τὰ
251 1609 372 1647 κακὰ
400 1612 479 1647 καὶ
503 1608 706 1658 τᾶναντ.]
734 1615 839 1648 Libri
862 1625 986 1648 omnes
1012 1610 1057 1648 τὰ
1082 1610 1182 1649 καλὰ
1204 1613 1272 1649 καὶ
1296 1610 1451 1651 τάναντ.
1475 1628 1510 1653 V.

91 1658 193 1692 Stud.
211 1658 340 1701 philol.
359 1670 394 1702 p.
413 1661 478 1693 847
496 1670 549 1702 sq.

121 1764 230 1805 ΓὈσα
246 1767 330 1815 γὰρ
343 1766 486 1815 ἡγοῦ-ν
496 1771 637 1816 ται--]
655 1773 687 1806 Ν
697 1784 762 1806 am
830 1773 940 1806 Ibid.:
975 1769 1225 1817 κολαζόμενος
1248 1773 1314 1808 καὶ
1332 1771 1510 1809 διδασκό-

90 1827 383 1859 quaecunque
419 1818 537 1851 mala
559 1818 762 1852 homines
830 1829 956 1862 μενος.

90 1864 206 1895 inter
220 1873 262 1894 se
280 1862 364 1896 hab
375 1873 446 1896 ere
466 1864 541 1896 arb
554 1864 674 1896 itran
689 1867 764 1896 tur

88 1911 281 1940 naturae
298 1907 371 1940 vel
389 1908 600 1941 fortunae
616 1909 718 1952 culp
729 1920 761 1944 a.

86 1953 144 1986 De
161 1953 336 1996 proximis
350 1952 557 1986 Stallbaum
571 1954 664 1987 haee
679 1955 764 1988 sub-

88 1998 206 2031 tiliter
227 1997 450 2052 disputavit.
494 1999 622 2032 Facile
653 1999 765 2032 alicui

86 2043 186 2076 istud
202 2037 294 2076 οὔδε
313 2038 490 2077 διδασκει
499 2045 632 2078 ceteris
642 2046 763 2078 verbis

86 2090 294 2131 importune
322 2089 558 2122 interiectum
579 2090 762 2132 videatur,

86 2137 127 2166 ut
142 2134 347 2167 mirandum
362 2134 412 2168 sit
428 2135 608 2168 neminem
625 2136 735 2169 dum
725 2147 763 2168 ιιι

86 2179 372 2281 Ξοοχοῖθῐὲἐιὲεὲ’
381 2181 762 2282 Πξὲἶῗέῗῗὲωτὲᾞῖῃ
832 2204 917 2246 quid
934 2204 1099 2238 hocloco
1126 2205 1198 2239 sibi
1213 2206 1343 2245 velint,
1374 2218 1445 2250 quo
1462 2208 1508 2241 de

137 2267 150 2303 ὶ
373 2265 418 2304 λ
575 2269 588 2304 l
830 2250 936 2283 bonis
955 2253 991 2283 et
1000 2251 1107 2283 malis
1117 2254 1258 2293 agatur,
1272 2262 1377 2285 nemo
1395 2252 1507 2286 facile

85 2281 133 2312 μῦ
172 2267 238 2303 καὶ
261 2265 305 2303 αἴ
324 2281 368 2303 ²¹⁰
394 2281 498 2310 “⁶⁵⁶9
521 2283 571 2304 κα
610 2268 654 2305 αῖ
675 2283 761 2351 νὲἒᾱ
830 2294 976 2330 dixerit.
1009 2295 1262 2328 EtFicinum‘
1251 2307 1324 2329 iam
1342 2291 1388 2330 τὰ
1405 2293 1506 2333 κακὰ

828 2341 1035 2382 invenisse,
1061 2352 1106 2374 ex
1129 2341 1202 2375 hae
1226 2342 1304 2376 eius
1327 2343 1505 2386 interpre-

828 2386 972 2419 tatione
1005 2389 1124 2429 patet:
1157 2386 1373 2430 intelligunt
1403 2399 1506 2432 sane,

830 2434 871 2464 ut
902 2432 1072 2474 arbitror,
1102 2442 1244 2474 omneS,
1284 2433 1379 2467 haee
1406 2434 1506 2467 mala

831 2486 1026 2518 eorumque
1045 2478 1232 2510 contraria
1249 2479 1503 2513 naturahomi-

828 2522 936 2555 nibus
953 2522 1175 2564 fortunaque
1192 2525 1396 2565 provenire.

878 1886 1028 1920 ταῦτα
1045 1883 1182 1930 μὲν-
1196 1882 1248 1922 τὰ
1265 1884 1398 1932 κακὰ]
1419 1889 1510 1923 ταῦ-

834 1943 880 1966 τα
899 1935 958 1965 est
980 1932 1245 1972 nominativus,
1270 1944 1304 1968 v.
1330 1945 1364 1986 p
1383 1937 1449 1968 357
1466 1936 1509 1975 Ε,

836 1980 873 2010 et
927 1977 1100 2010 cohaeret
1161 1988 1242 2011 cum
1298 1991 1343 2012 τα
1394 1977 1508 2024 κακὰ,

834 2026 874 2056 ιιι
907 2023 1193 2067 comprehendat
1224 2007 1508 2065 deformitatem,

832 2068 1069 2111 parvitatem,
1087 2069 1394 2110 imbecillitatem,
1413 2081 1509 2117 quae

830 2113 1058 2148 naturalium
1109 2114 1288 2148 malorum
1342 2117 1510 2160 exempla

832 2158 952 2192 allata
969 2162 1087 2194 erant.
1109 2159 1272 2194 Pulchra
1288 2161 1509 2197 etdeformia

86 2309 264 2358 θετήσεις
298 2320 634 2350 commemorentur.

85 2371 233 2403 vereor,
257 2371 303 2393 ne
328 2361 420 2394 nihil
442 2361 522 2395 loco
545 2362 760 2396 movendum

84 2407 146 2448 sit,
165 2406 197 2438 si
206 2405 351 2448 quidem
361 2401 573 2450 διδάσκειν,
593 2408 762 2450 quemad·

85 2451 227 2484 modum
257 2455 420 2484 nostrum
459 2453 761 2486 zurechtwei-

86 2507 188 2539 sen,
228 2496 272 2529 de
305 2496 446 2530 leniore
478 2498 760 2540 reprehensione

85 2541 158 2574 dici
185 2546 286 2575 recte
318 2542 507 2597 colligitur
534 2554 579 2575 ex
606 2543 759 2587 Apolog.

87 2585 186 2620 Socr.
205 2598 240 2630 p.
257 2587 364 2619 26A:
401 2584 435 2621 εἰ
457 2584 500 2620 δὲ
533 2599 637 2622 ακων
656 2588 757 2641 ,δια-
871 2590 912 2622 Ε.
945 2587 1024 2622 καὶ
1046 2584 1070 2633 ἡ
1095 2584 1308 2634 ἀσέβεια]
1344 2592 1421 2624 Nec
1446 2593 1501 2625 iu-

86 2631 256 2711 φίθείρω,
274 2631 349 2666 τῶν
365 2628 546 2667 τοιούτων
562 2632 628 2667 καὶ
643 2645 758 2668 ακου-
826 2636 952 2668 stitiae
985 2645 1052 2667 nec
1085 2638 1372 2679 temperantiae,
1409 2647 1502 2679 quas

85 2676 176 2710 σίων
221 2673 505 2731 ααρτημάτων
551 2673 597 2712 οὐ
640 2678 758 2732 δεῦρο
825 2682 1050 2723 Protagoras
1068 2680 1187 2714 adhue
1201 2681 1330 2714 civiles
1346 2683 1502 2716 virtutes

85 2715 128 2755 νό
130 2732 238 2773 ‘tofis
256 2718 389 2775 σάγειν
412 2718 533 2766 ἐστίν,
564 2718 651 2757 αλλ’
675 2692 758 2769 ἰδίᾳ
825 2726 918 2759 dixit
935 2735 1028 2768 esse,
1045 2727 1230 2760 contraria
1246 2730 1302 2760 est
1319 2728 1501 2770 impietas.

87 2733 252 2810 λαβόντα
285 2763 485 2803 διδάσκειν
522 2767 588 2802 καὶ
620 2760 758 2804 νουθέ-
827 2771 898 2804 Sed
931 2771 1096 2814 sophista
1128 2782 1224 2804 nune
1257 2771 1302 2804 ad
1325 2773 1499 2806 virtutem

87 2814 179 2854 τεῖν,
196 2812 320 2856 Moxp
325 2816 416 2848 3.25
433 2815 479 2846 A:
500 2810 566 2848 τὸν
582 2810 632 2857 μή
650 2814 757 2867 μετέ-
826 2817 1035 2849 universam
1056 2820 1254 2850 transitum
1283 2817 1356 2850 sibi
1378 2823 1498 2861 parat,

85 2867 200 2901 χοντα
217 2825 756 2903 καὶδιδάσκεινκαὶκολαζειν.
825 2872 859 2895 v.
878 2872 912 2905 p.
931 2863 997 2895 325
1013 2862 1056 2897 A.
1074 2864 1139 2896 329
1158 2861 1197 2895 C.
1216 2864 1282 2896 330
1297 2863 1339 2896 A.
