1676 2938
384 152 625 194 GORGIAS.
652 151 697 191 P.
729 153 821 190 522.
855 153 947 189 523.
978 150 1036 189 ed.
1068 149 1123 188 St.
1348 149 1425 185 331

85 265 282 319 Κρόνου,
323 262 395 306 καὶ
432 262 497 305 αἐὶ
521 260 593 304 καὶ
627 267 712 302 νῦν
750 257 809 301 ἔτι
837 257 951 301 ἔστιν
989 258 1036 301 ἐν
1062 260 1204 309 θεοῖς,
1243 259 1331 298 τῶν
1357 256 1429 297 άν-

81 331 271 385 θρώπων
297 331 375 371 τὸν
402 327 479 383 μὲν
508 327 681 376 δικαίως
707 325 786 367 τὸν
813 325 911 379 βίον
937 321 1164 366 διελθόντα
1189 321 1262 364 καὶ
1288 321 1429 372 ὁσίως,

79 396 253 438 ἐπειδὰν
288 395 538 449 τελευτήσῃ,
578 391 620 442 ἐς
657 391 864 445 μακάρων
897 391 1060 445 νήσους
1087 388 1269 430 ἀπιόντα
1298 387 1431 429 οἰκεῖν
1460 392 1499 433 Β

78 461 124 503 ἐν
162 463 276 515 πάσῃ
319 459 569 514 εὐδαιμονίᾳ
606 457 725 506 ἐκτὸς
763 458 934 505 κακῶν
971 454 1048 495 τὸν
1086 453 1131 495 δε
1169 452 1326 502 άδίκως
1362 467 1433 494 και

78 525 221 575 άθέως
260 526 319 574 εἰς
345 524 393 566 τὸ
421 530 496 579 τῆς
531 523 677 572 τίσεως
712 536 756 563 τε
794 521 867 563 καὶ
903 520 1022 574 δίκης
1057 519 1369 573 δεσμωτήριον,
1408 515 1432 559 ὃ

78 592 133 646 δὴ
169 592 384 643 τάρταρον
419 592 648 638 καλοῦσιν,
691 586 810 629 ἰέναι.
849 586 1016 628 τούτων
1053 585 1099 626 δε
1135 584 1328 626 δικασταὶ
1364 582 1432 624 ἐπὶ

78 658 256 710 Κρόνου
284 655 355 698 καὶ
384 652 444 696 ἔτι
470 652 620 696 νεωστὶ
646 660 725 696 τοῦ
744 652 851 701 Διὸς
872 651 951 706 τὴν
981 649 1116 705 ἀρχὴν
1137 647 1308 704 ἔχοντος
1331 651 1432 700 ζῶν-

76 737 142 771 τες
169 716 280 775 ἦσαν
309 718 506 771 ζώντων,
552 718 689 773 ἐκείνῃ
726 725 778 774 τῆ
806 717 942 773 ἡμέρα
979 717 1245 767 δικάζοντες,
1281 716 1310 768 ᾑ
1339 712 1431 768 μέλ-

76 790 191 829 λοιεν
220 788 430 828 τελευτᾶν.
461 787 600 834 κακῶς
627 781 709 827 οὗν
738 784 782 826 αἱ
808 784 922 826 δίκαι
950 782 1182 835 ἐκρίνοντο.
1227 780 1251 822 ὅ
1279 794 1322 822 τε
1351 782 1432 821 οὐν

80 853 291 894 Πλούτων
331 850 402 893 καὶ
441 851 484 892 οἷ
519 848 761 904 ἐπιμεληταὶ
799 848 845 890 ἐκ
880 849 1088 903 μακάρων
1123 848 1269 906 νήσων
1297 846 1433 893 ἰόντες

77 915 224 971 ἔλεγον
251 917 359 969 πρὸς
385 916 462 958 τὸν
491 917 600 963 Δία,
641 911 703 957 ὅτι
734 913 918 967 φοιτῷέν
955 924 1060 967 σφιν
1086 915 1315 965 ἄνθρωποι
1343 909 1435 952 ἕκα-
1467 913 1502 958 C

76 980 230 1036 τέρωσε
255 982 432 1033 α’νάξιοι.
460 977 580 1023 εἶπεν
600 977 681 1022 οὖν
702 979 726 1022 ὁ
755 980 879 1031 Ζεύς,
901 977 1017 1020 Ἀλλ’
1041 976 1136 1033 ἐγώ,
1160 975 1259 1031 ἔφη,
1281 978 1433 1018 παύσω

75 1052 204 1090 τοῦτο
232 1048 502 1102 γιγνόμενον.
541 1053 625 1088 νῦν
665 1046 744 1101 μὲν
778 1045 860 1099 γὰρ
897 1046 1040 1093 κακῶς
1079 1043 1125 1086 αἱ
1161 1043 1276 1085 δίκαι
1318 1043 1433 1084 δικά-

79 1116 232 1164 ζονται.
262 1113 545 1167 ἀμπεχόμενοι
572 1113 675 1166 γάρ,
706 1111 811 1164 ἔφη,
851 1110 894 1152 οἵ
918 1111 1164 1164 κρινόμενοι
1190 1108 1430 1162 κρίνονται·

78 1181 228 1229 ζῶντες
257 1178 339 1232 γὰρ
369 1178 600 1230 κρίνονται.
639 1175 788 1218 πολλοὶ
818 1171 923 1224 οὖν,
959 1171 986 1230 ἦ
1014 1173 1052 1217 δ’
1082 1174 1152 1224 ὅς,
1191 1173 1333 1228 ψυχὰς
1358 1188 1432 1215 πο-

78 1243 213 1298 νηρὰς
253 1241 418 1297 ἔχοντες
455 1242 735 1296 ἠμφιεσμένοι
774 1239 862 1294 εἰσὶ,
902 1241 1075 1294 σώματά
1124 1253 1167 1281 τε
1210 1238 1318 1281 καλὰ
1363 1238 1434 1281 καὶ

79 1366 261 1398 Bekkerus
296 1375 433 1407 quoque
462 1364 666 1408 repudiavit.
712 1364 808 1397 Infra
840 1374 872 1407 p.
906 1362 984 1397 526.
1014 1362 1053 1396 C.
1084 1361 1183 1396 codd.
1213 1362 1286 1395 fere
1316 1372 1434 1395 omnes

81 1411 117 1445 ἐς
141 1410 307 1466 μακάρων
334 1408 474 1466 νήσους.

148 1455 297 1498 ἐκείνῃ
324 1459 368 1498 τῇ
392 1453 527 1498 ἡμέρᾳ
552 1454 643 1497 δικ]
670 1458 708 1498 τῇ
721 1465 764 1487 ex
778 1453 1122 1487 Plutarchoeteodd.
1137 1454 1224 1486 Ven.
1245 1453 1284 1486 Ξ.
1305 1453 1384 1486 Par.
1392 1452 1436 1485 V.

85 1501 178 1534 Flor.
204 1502 226 1533 f.
252 1512 278 1534 s.
302 1501 508 1535 restitutum.

150 1546 193 1578 οἱ
225 1545 480 1588 ἐπιμεληταὶ
515 1544 559 1578 ἐκ
591 1543 824 1588 μακάρων]
872 1544 1068 1577 Articulum
1094 1543 1130 1576 οἱ
1158 1544 1261 1577 iterat
1292 1547 1373 1576 ante
1397 1542 1435 1576 ἐκ

81 1589 249 1633 μακάρων
279 1591 507 1632 Plutarchus,
545 1590 636 1623 unde
667 1590 890 1623 Heindorfius
921 1590 1081 1630 restituit,
1119 1589 1211 1632 quod
1249 1589 1434 1623 eonsilium

81 1637 239 1680 probavit
262 1637 465 1670 Schaeferus
489 1635 533 1668 ad
557 1636 736 1669 Demosth.
759 1636 887 1679 Appar.
912 1636 952 1668 Τ.
977 1635 1037 1668 IV.
1061 1646 1094 1678 Ρ.
1119 1634 1194 1670 119.

81 1750 214 1782 ratione
246 1749 388 1791 propius
419 1748 462 1781 ad
485 1759 603 1781 verum
630 1758 725 1781 acee-

82 1794 184 1826 dente
203 1793 479 1836 intelligendum‚
493 1798 532 1826 ut
546 1794 653 1836 Legg.
664 1794 724 1826 IX.

82 1850 115 1882 p.
145 1837 223 1872 872.
255 1840 298 1871 D.
320 1839 494 1871 Phaedon.
526 1849 557 1881 p.
590 1838 643 1873 64.
674 1839 726 1879 B.,

81 1884 143 1917 ubi
176 1894 209 1916 v.
241 1888 357 1916 annot.
404 1884 583 1926 Significat
611 1888 725 1917 autem

84 1930 263 1970 Socrates,
296 1929 366 1961 nisi
389 1929 511 1969 fallor,
541 1940 623 1962 vera
646 1929 726 1961 sub-

83 1985 158 2007 esse
181 1975 263 2007 huic
285 1975 484 2015 narrationi,
513 1974 725 2017 quandoqui-

83 2020 160 2052 dem
184 2020 250 2062 ipsi
282 2020 422 2053 omnino
453 2020 590 2062 quidem
622 2020 725 2063 plane

84 2075 320 2150 333233.
335 2066 726 2143 fffi¹3...¹'2⁸.}...¹1¹.⁰⁰{,‘3.¹‚2

84 2156 237 2187 futurum
261 2165 346 2188 esse.

123 2198 312 2242 Ὄμηρος
335 2199 518 2244 λέγει-]
535 2201 634 2234 Iliad
648 2201 724 2233 XV.

85 2256 118 2277 v.
143 2243 208 2278 187
233 2255 324 2287 seqq

129 2287 195 2322 αεὶ
248 2290 315 2322 καὶ
365 2293 446 2322 νῦν
493 2290 550 2322 ἔτι
589 2289 724 2334 ἔστιν]

85 2346 199 2368 nune
254 2335 395 2367 adhue
447 2338 492 2367 ut
544 2346 724 2378 semper.

84 2380 228 2412 Phaedr.
258 2391 289 2423 p.
322 2379 399 2413 254.
430 2380 483 2412 A.
475 2391 483 2399 ·
517 2377 578 2412 αέί
604 2392 638 2413 τε
669 2381 724 2414 καὶ

88 2424 171 2463 τότε,
195 2436 310 2458 nune
332 2429 377 2457 ut
399 2425 512 2457 olim.
525 2435 556 2459 v,
571 2425 727 2458 Sohae-

87 2471 160 2503 ἴοι.
185 2470 228 2503 ad
252 2470 413 2523 Sophocl.
426 2470 590 2512 Antigon.
603 2481 635 2502 v.
649 2470 726 2504 181.

132 2517 170 2547 Β.
212 2515 255 2549 ἐς
293 2513 501 2556 μακάρων
540 2513 725 2560 νήσους]

87 2561 139 2592 De
158 2560 212 2593 his
227 2561 320 2594 locos
338 2565 493 2593 veterum
514 2560 728 2604 collegerunt

90 2605 294 2638 Gataker.
320 2606 365 2638 ad
390 2605 554 2639 Antonin
579 2606 621 2646 X,
638 2604 671 2639 8.
694 2617 726 2649 p.

86 2648 163 2682 295
199 2650 361 2683 Cellar.
394 2650 588 2693 Geograph.
621 2652 727 2694 antiq.

88 2694 149 2729 lV.
178 2705 212 2738 Ρ.
238 2694 313 2728 141.
345 2699 381 2729 et
403 2694 480 2729 165.
508 2696 655 2739 interpp.
684 2697 728 2730 ad

793 1747 947 1781 Plinium
978 1748 1022 1781 N.
1046 1748 1092 1780 H.
1122 1748 1174 1788 ΙΙ,
1205 1745 1259 1781 92.
1284 1747 1351 1788 VI,
1380 1745 1436 1780 36.

793 1798 828 1826 et
851 1793 894 1825 ad
917 1793 1039 1826 Horat.
1063 1792 1172 1835 Epod.
1195 1792 1295 1833 XVI,
1318 1791 1374 1825 41.
1391 1810 1435 1816 -

795 1836 919 1873 ἐκτὸς
943 1841 1103 1876 κακῶν,
1135 1838 1345 1871 malorum
1371 1848 1437 1869 ex-

793 1889 953 1927 pertes-

839 1930 908 1962 καὶ
957 1929 1015 1961 ἔτι
1056 1928 1216 1961 νεωστὶ
1259 1931 1338 1960 τοῦ
1376 1927 1435 1971 Δ.]

794 1979 835 2007 et
866 1984 1003 2016 nuper
1040 1974 1190 2014 etiam,
1227 1973 1332 2006 Iove
1369 1974 1437 2005 im-

795 2020 967 2062 perium
991 2023 1178 2052 tenente.

840 2065 884 2097 οἱ
923 2064 1181 2107 ἐπιμεληταὶ
1223 2062 1270 2096 ἐκ
1309 2074 1342 2103 μ.
1384 2063 1438 2107 ν.]

794 2110 872 2143 Non
889 2121 975 2164 opus
999 2110 1181 2142 iteratione
1194 2109 1332 2142 articuli
1355 2113 1435 2142 ante

794 2154 832 2188 ἐκ
848 2153 1025 2197 μακάρων.
1046 2155 1193 2210 qugas:
1208 2155 1328 2198 ἔλεγον
1347 2153 1436 2195 πρὸς

795 2199 856 2233 τὸν
903 2201 977 2233 Διά
1025 2199 1138 2235 ἰόντες
1185 2199 1223 2232 ἐκ
1269 2198 1438 2241 μακάρων

793 2244 921 2288 νήσων.
932 2245 1250 2287 -ἑκατέρωσε,
1275 2246 1320 2276 in
1345 2245 1437 2278 bea-

794 2296 934 2324 torum
986 2291 1163 2324 insulas
1207 2295 1248 2323 et
1287 2291 1437 2323 Tarta-

794 2347 896 2369 rum.

841 2381 878 2416 C.
925 2379 1232 2422 ἀμπεχόμενοι
1269 2399 1315 2405 —-
1347 2382 1436 2422 κρί-

798 2438 845 2459 νο
857 2425 968 2469 νται]
1016 2427 1112 2458 Haec
1147 2426 1342 2459 imitatione
1379 2437 1437 2459 ex-

795 2472 920 2514 pressit
956 2470 1230 2503 Plutarchus
1261 2472 1315 2504 De
1354 2471 1438 2504 Sera

795 2518 896 2550 Num.
916 2515 1018 2548 Vind.
1039 2526 1071 2558 p.
1086 2515 1174 2556 110„
1197 2515 1258 2549 ubi
1277 2527 1309 2548 v.
1322 2517 1436 2558 Wyt-

796 2566 837 2595 te
848 2561 999 2595 abach.
1048 2560 1149 2602 Quod
1172 2564 1353 2602 κρίνονται
1376 2562 1437 2592 ite-

795 2610 910 2646 ratur,
940 2610 993 2638 est
1021 2606 1109 2639 haec
1137 2611 1234 2648 grata
1267 2606 1437 2648 quaedam

797 2652 964 2685 sermonis
987 2651 1179 2693 quotidiani
1202 2652 1362 2684 imitatio.

843 2694 1438 2741 ἠμφιεσμένοι-πλούτους]
