1702 2924
450 177 693 218 GORGIAS.
722 178 766 217 P.
797 180 892 216 464.
923 178 982 217 ed.
1013 178 1071 218 St.
1360 180 1438 216 139

94 288 198 342 ὅπερ
229 288 382 339 ὑπέδυ,
422 288 492 330 καὶ
532 291 610 330 τοῦ
648 285 726 340 μὲν
764 287 985 339 βελτίστου
1037 286 1165 329 οὐδὲν
1211 286 1439 341 φροντίζει,

87 360 145 408 τῷ
183 353 228 397 δὲ
268 354 332 396 ἀεὶ
370 355 527 410 ἡδίστῳ
564 352 793 408 θηρεύεται
827 351 906 407 τὴν
943 354 1099 394 ἄνοιαν
1140 352 1212 394 καὶ
1240 351 1437 405 ἐξαπατᾷ,

87 418 188 470 erma
215 420 334 462 δοκεῖ
357 421 557 463 πλείστου
584 418 686 471 α’ξία
713 413 835 460 εἶναι.
874 417 960 460 ὑπὸ
987 417 1065 472 μὲν
1094 414 1175 460 οὖν
1202 418 1282 472 τὴν
1310 418 1438 471 ἰατρι-

87 484 168 540 κὴν
203 485 232 539 ἦ
268 483 499 540 ὀψοποιικὴ
535 484 798 535 ὑποδέδυκε,
835 484 907 526 καὶ
943 486 1233 536 προςποιεῑται
1268 482 1320 525 τὰ
1349 481 1439 536 βέλ-

88 561 206 593 τιστα
240 551 351 593 σιτία
386 556 443 605 τῷ
481 549 642 604 σώματι
680 548 859 598 εἰδέναι,
902 545 1019 600 ὥςτ’,
1062 549 1098 590 εἰ
1126 549 1215 591 δέοι
1243 548 1290 590 ἐν
1319 548 1435 591 παισὶ

88 616 415 670 διαγωνίζεσθαι
454 616 668 667 ὀψοποιόν
705 630 748 657 τε
786 614 858 657 καὶ
896 614 1044 669 ἰατρὸν
1082 614 1108 668 ἢ
1148 613 1195 656 ἐν
1232 614 1441 668 ἀνδράσιν

88 680 224 731 οὕτως
251 682 472 738 ἀνοήτοις,
517 681 660 735 ὥςπερ
700 682 742 724 οἵ
768 680 937 732 παῖδες,
975 680 1154 733 πότερος
1182 679 1318 722 ἐπαΐει
1344 679 1441 734 περὶ

87 749 174 789 τῶν
199 749 394 802 χρηστῶν
432 747 577 790 σιτίων
613 746 686 790 καὶ
721 748 951 802 πονηρῶν,
988 745 1013 788 ὁ
1048 744 1192 799 ἰατρὸς
1230 746 1257 800 ἢ
1286 745 1310 788 ὁ
1337 746 1440 796 ὀψο-

87 813 233 864 ποιός,
271 816 378 868 λιμῷ
417 812 472 855 ἂν
510 813 752 855 ἀποθανεῖν
789 812 866 854 τὸν
904 812 1064 866 ἰατρόν.
1100 812 1329 855 κολακείαν
1362 810 1440 866 μὲν
1487 821 1525 863 Ε

87 874 168 920 οὖν
210 879 315 921 αὐτὸ
353 880 492 929 καλῶ,
529 877 601 921 καὶ
642 878 817 932 αἰσχρόν
855 893 966 932 φημι
1003 873 1113 919 εἶναι
1151 877 1201 920 τὸ
1228 884 1439 927 τοιοῦτον,

89 938 123 986 ὦ
151 946 290 994 Πῶλε,
320 968 369 975 -
398 950 526 987 τοῦτο
553 943 637 999 γὰρ
675 943 785 997 πρὸς
812 943 858 986 σὲ
884 942 994 998 λέγω
1023 966 1074 973 -
1103 943 1169 986 ὅτι
1209 950 1288 986 τοῦ
1315 942 1441 999 ἡδέος
1470 954 1555 997 465

86 1103 131 1136 sit
154 1113 198 1136 ex
228 1102 319 1136 male
350 1100 471 1136 sedula
502 1102 700 1136 criticorum
731 1102 954 1135 correctione.
1012 1102 1071 1135 Sic
1102 1102 1207 1135 etiam
1232 1112 1314 1135 mox
1337 1101 1440 1135 iidem

84 1147 165 1182 libri
187 1158 249 1203 pro
273 1147 329 1181 καὶ
355 1145 376 1192 ἦ
401 1146 603 1203 δικαιοσύνη
627 1148 792 1202 seriptum
816 1147 983 1181 exhibent
1007 1148 1108 1192 καὶη
1101 1145 1321 1191 ’δικαστικῄ

153 1193 190 1227 C.
214 1191 235 1238 ἦ
260 1190 548 1237 κολακευτικὴ
571 1191 846 1237 αἰσθομένη]
874 1193 1046 1226 SicVind.
1072 1161 1108 1226 bn
1131 1193 1438 1226 Par.F1v.Bodl.

85 1239 175 1279 F10r.
199 1238 233 1272 b.
258 1239 288 1272 d.
314 1239 337 1272 f.
362 1250 388 1272 s.
413 1250 446 1271 x.
472 1239 614 1272 Aristid.
646 1242 680 1272 et
702 1249 788 1272 corr.
815 1239 919 1272 Coisl.
945 1239 1034 1272 Vett.
1060 1238 1153 1272 editt.
1179 1237 1439 1281 αἰσθανομένη.

152 1285 195 1318 D.
223 1283 328 1328 ὅπερ
355 1282 520 1338 ὑπέδυ]
546 1282 635 1317 ὅπου
661 1281 776 1317 ὑπέδυ
801 1284 918 1318 Clark.

155 1329 398 1373 θηρεύεται
434 1328 510 1384 τὴν
548 1327 722 1374 ἄνοιαν]
771 1330 911 1363 Cernat.
953 1334 987 1363 et
1026 1330 1163 1363 Canter.
1201 1331 1288 1364 Nov.
1329 1330 1439 1363 Lectt

87 1373 217 1430 V„11,9.
244 1385 330 1408 corr.
355 1375 416 1419 τὴν
441 1373 615 1414 διάνοιαν,
639 1379 679 1407 ut
701 1379 754 1408 est
775 1376 811 1408 in
836 1376 913 1409 Par.
938 1377 976 1409 F.
1000 1375 1177 1409 Heusdius
1201 1375 1352 1409 malebat
1376 1373 1441 1420 τὴν

85 1418 239 1454 εὔιοιαν.
261 1421 391 1455 Neutro
416 1431 502 1464 opus
525 1424 586 1454 est.
611 1431 642 1453 v.
667 1431 746 1453 ann.

155 1465 283 1499 δοκεῖ
303 1466 529 1510 πλείστου]
568 1466 626 1499 Sic
651 1466 768 1499 Clark.
808 1477 829 1499 a
852 1466 1184 1510 pr.1n.Vat.Ve11.
1213 1466 1253 1499 Σ.
1279 1466 1382 1500 vind.
1409 1466 1439 1500 1.

85 1511 116 1546 2.
143 1510 173 1545 7.
198 1513 275 1545 Par.
300 1511 506 1545 BCFVW.
530 1512 622 1546 Flor.
648 1522 678 1544 a.
703 1512 736 1545 b.
761 1522 790 1545 ο.
817 1513 904 1556 Aug.
930 1512 1071 1545 Meerm.
1097 1511 1196 1545 Bodl.
1219 1512 1311 1546 Vett.
1345 1512 1439 1546 editt.

90 1557 220 1596 δοκεῖν,
244 1558 353 1590 Paris.
377 1557 405 1589 1.
430 1556 549 1590 δοκεῖι
571 1555 684 1599 ἀξίαν.

164 1600 172 1613 ‘
154 1600 440 1646 ηόψοπσιικὴ
465 1600 732 1646 ὑποδέδυκε]
767 1602 825 1635 Sic
849 1613 930 1635 cum
955 1602 1072 1636 Clark.
1097 1603 1218 1646 optimi
1242 1606 1276 1636 et
1298 1603 1439 1647 plurimi

87 1648 184 1683 codd.
209 1658 270 1704 pro
293 1647 388 1692 vulg.
413 1646 650 1703 ὀψοποιητική,
673 1652 712 1680 ut
725 1658 766 1704 p.
791 1646 868 1681 463.
891 1649 932 1681 Β.
955 1646 1033 1682 465.
1058 1649 1098 1681 Β.
1123 1648 1162 1682 C.

156 1692 176 1738 ἢ
201 1707 219 1727 ο
244 1691 486 1738 ὀψοποιός]
522 1694 564 1726 V.
589 1691 688 1727 καὶὸ
713 1691 785 1735 ὂψ..
810 1693 901 1736 quod
926 1694 992 1727 soli
1015 1693 1147 1726 habent
1170 1694 1246 1727 Par.
1271 1694 1350 1728 EF.

130 1819 174 1851 D.
206 1821 257 1862 τῷ
289 1818 336 1851 δὲ
360 1816 429 1851 ἀεὶ
463 1816 629 1863 ἡδιστῳ
653 1819 727 1861 θη-

90 1862 271 1904 ρεύεται
305 1861 378 1907 τὴν
415 1861 435 1896 ἄ
449 1876 467 1895 ν
476 1863 586 1907 οιαν]
617 1864 684 1951 Ap
692 1875 729 1896 u-

89 1909 205 1942 leius
229 1910 282 1942 De
305 1875 728 1952 Dogm.Plat.1..17.

87 1954 139 1988 ed.
161 1954 331 1995 Elmenh„
355 1953 417 1986 ubi
441 1954 485 1986 ad
501 1954 595 1988 hunc
611 1920 728 1987 lpocum

86 2000 240 2043 respicit,
263 2001 522 2042 interpretatur:
556 2011 575 2033 ο
588 2000 728 2043 pinio-

86 2056 178 2078 nem
201 2045 547 2088 imprudentium
567 2049 728 2088 captat.

86 2091 165 2123 Hoc
198 2090 266 2123 sibi
296 2090 371 2123 vult
405 2090 523 2123 Plato:
556 2092 641 2134 imp
652 2091 728 2123 eri-

86 2141 171 2169 tam
195 2135 533 2169 multitudinem
565 2136 728 2170 fallere

87 2192 139 2215 ac
177 2181 388 2233 decipere
427 2181 587 2215 studet.
656 2182 728 2215 Nos

86 2227 260 2260 similiter.
305 2227 353 2259 sie
384 2227 496 2260 macht
531 2225 629 2270 Jaqd
642 2227 734 2281 auf

86 2272 152 2305 den
185 2272 408 2305 Unverstand.
438 2273 527 2305 Nam
552 2271 614 2327 τὴν
637 2270 728 2305 ἄνοι-

87 2330 131 2349 αν
162 2316 291 2350 dictum
330 2328 391 2359 pro
434 2316 514 2352 τοὺς
546 2315 727 2361 ἀνοήτους,

86 2367 123 2395 ut
164 2373 245 2395 vere
288 2361 485 2395 observavit
521 2363 556 2395 H
565 2364 632 2395 ein
642 2363 729 2396 dor-

86 2408 185 2440 fius.
232 2407 414 2450 Loquendi
446 2418 555 2450 genus
588 2410 624 2440 in
648 2409 730 2441 Pro-

85 2453 176 2496 legg.
200 2453 244 2485 ad
267 2454 378 2496 Leges
402 2452 559 2486 Platonis
584 2453 729 2487 v01.11.

86 2509 126 2553 p.
142 2498 217 2531 LX.
241 2499 466 2532 tractavimus
490 2499 729 2541 copiosius.—

89 2541 129 2575 τὸ
156 2540 223 2576 ἀεὶ
250 2542 447 2587 ἥδιστον,
484 2543 548 2576 das
564 2543 732 2586 Jedesmal

88 2600 145 2622 αηι
161 2589 417 2645 anyenehmston
431 2589 572 2623 scienda.
597 2590 649 2622 De
664 2590 729 2623 hoc

87 2644 154 2667 usu
176 2644 250 2667 voc.
273 2632 334 2668 αἐί
359 2646 393 2668 v.
425 2635 571 2680 Apolog.
597 2635 727 2669 Socrat.

88 2677 261 2723 p.-.25C

849 1817 1038 1860 πότερος
1072 1817 1220 1851 ἐπαΐει
1245 1829 1278 1850 π.
1311 1830 1336 1851 τ.
1367 1818 1440 1862 χρ]

799 1863 1100 1897 Heindorfius
1134 1867 1271 1907 propter
1301 1874 1441 1907 praece-

780 1909 883 1942 -dens
914 1908 1002 1942 illud
1043 1909 1079 1941 εἰ
1110 1908 1180 1942 δέοι
1220 1908 1441 1942 scribendum

797 1956 941 1997 putabat
966 1953 1106 1988 ἐπαΐοι.
1152 1954 1220 1987 Sed
1251 1955 1289 1987 in
1322 1955 1442 1987 huius-

797 1999 890 2032 modi
926 2004 1098 2033 structura
1142 2011 1212 2033 non
1250 2010 1326 2033 raro
1364 2003 1444 2043 post

798 2046 990 2088 optativum
1042 2045 1270 2079 indicativum
1323 2046 1441 2079 inferri

797 2091 871 2133 ipse
902 2095 1020 2134 postea
1051 2090 1169 2124 docuit
1198 2091 1241 2124 ad
1264 2091 1440 2125 Phaedon.

797 2147 829 2179 p.
853 2135 909 2170 62.
932 2137 971 2169 Β.
996 2137 1034 2171 C.
1060 2137 1104 2170 cf.
1127 2137 1281 2170 Matth.
1308 2138 1338 2178 ἓ.
1363 2135 1441 2171 529.

799 2180 977 2215 ἐπαΐειν
1025 2186 1060 2214 et
1111 2181 1290 2215 ειδέναι
1338 2185 1445 2224 περί

801 2239 939 2264 τιν.ος
980 2227 1179 2260 alicuius
1228 2228 1291 2261 rei
1332 2227 1440 2271 peri-

797 2277 886 2305 tum
916 2283 1031 2313 esse,
1062 2273 1223 2316 frequens
1254 2277 1308 2306 est
1337 2273 1440 2306 dictio

798 2318 889 2361 apud
912 2318 1105 2351 Platonem.
1130 2330 1160 2350 v.
1184 2319 1312 2351 Criton.
1337 2330 1369 2362 p.
1384 2316 1440 2352 48.

797 2363 839 2396 A.
865 2364 969 2407 Hipp.
992 2364 1076 2397 Mai.
1100 2374 1133 2406 p.
1149 2362 1228 2397 289.
1241 2365 1281 2397 Ε.
1299 2365 1440 2397 Menon.

797 2420 829 2451 p.
855 2408 908 2442 71.
934 2410 972 2442 Β.
997 2420 1029 2452 p.
1054 2407 1109 2443 92.
1134 2409 1173 2442 C.
1197 2409 1338 2445 Lachet.
1365 2408 1440 2443 199.

842 2545 882 2577 Ε.
933 2549 1057 2577 τοῦτο
1106 2543 1185 2588 γὰρ
1234 2542 1345 2587 πρὸς
1395 2545 1440 2578 σὲ

798 2589 839 2622 λε’
847 2602 866 2633 γ
876 2602 902 2622 ω
911 2589 967 2634 -]
1017 2589 1105 2623 Vere
1141 2591 1275 2623 monuit
1312 2591 1347 2623 H
1356 2601 1374 2624 e
1384 2591 1441 2624 in·

799 2635 821 2667 d
830 2646 849 2669 ο
858 2647 875 2668 r
884 2636 902 2667 f
905 2636 948 2668 iu
958 2646 974 2668 s
1004 2635 1089 2669 haec
1118 2635 1199 2669 addi
1220 2637 1264 2669 ab
1290 2636 1442 2678 Socrate,

798 2691 842 2714 ne
862 2681 1026 2724 Gorgiam
1050 2681 1142 2714 istud
1153 2680 1290 2725 ,αἰσχρά
1296 2695 1314 2714 ν
1337 2682 1442 2715 offen-

800 2726 867 2759 dat.
892 2737 923 2759 v.
948 2737 980 2769 p.
1005 2725 1082 2760 462.
1105 2727 1146 2760 Ε.
