1702 2924
436 181 679 221 GORGIAS.
709 180 753 219 P.
784 181 877 219 472.
908 180 1000 219 473.
1030 181 1089 219 ed.
1121 180 1178 218 St.
1404 178 1480 216 167

134 291 275 331 ΠΩΛ.
296 285 459 332 ’Ἀτοποέ
486 304 554 344 γε,
585 285 618 332 ὦ
647 291 898 342 Σώκρατες,
928 288 1144 353 ἐπιχειρεῖς
1172 285 1321 342 λέγειν.
1377 287 1481 329 ΣΩ.
1511 289 1593 331 473

116 356 403 411 *Πειράσομαι
430 354 475 398 δέ
503 370 550 409 γε
577 354 648 398 καὶ
675 354 719 397 σὲ
747 361 942 409 ποιῆσαι,
973 370 1006 395 ω
1035 351 1198 408 ἑταῖρε,
1225 351 1358 395 ταύτὰ
1388 350 1480 406 ἐμοὶ

132 420 292 475 λέγειν·
332 422 460 474 φίλον
486 421 568 475 γάρ
606 431 652 462 σε
688 420 886 475 ἡγοῦμαι.
927 427 1010 461 νῦν
1037 418 1115 474 μὲν
1153 415 1234 461 οὖν
1272 420 1298 460 ἃ
1337 419 1479 471 διαφε-

133 488 299 542 ρόμεθα
326 486 443 529 ταῦτ’
472 485 577 528 ἐστί·
606 487 753 528 σκόπει
780 485 825 527 δὲ
852 484 924 527 καὶ
952 485 1018 526 σύ.
1057 481 1180 527 εἶπον
1209 483 1291 538 ἐγώ
1318 498 1405 525 που
1434 482 1480 525 ἐν

133 557 222 602 τοῖς
249 550 493 607 ἔμπροσθεν
528 551 575 594 τὸ
604 552 766 593 ἀδικεῖν
793 555 871 593 τοῦ
912 550 1150 592 ἀδικεῖσθαι
1178 553 1329 592 κάκιον
1356 545 1476 591 εἶναι.

139 620 281 661 ΠΩΛ.
314 618 442 660 Πάνυ
469 631 526 672 γε.
558 618 653 659 Σῼ.
684 617 753 658 Σὺ
780 615 825 658 δὲ
846 615 894 657 τὸ
917 616 1168 658 ἀδικεῖσθαι.
1203 617 1344 657 ΠῼΛ.
1376 614 1479 656 Ναί.

135 686 231 727 ΣΩ.
266 683 352 725 Καὶ
380 683 482 732 τοὺς
508 683 761 731 ἀδικοῦντας
789 682 970 731 ἀθλίους
999 679 1109 736 ἔφην
1138 677 1246 723 εἶναι
1275 680 1380 734 ἐγώ,
1408 678 1479 721 καὶ

134 748 390 804 ἐξηλέγχθην
417 746 501 790 ὑπὸ
528 752 620 789 σοῦ.
674 749 817 789 ΠΩΛ.
847 747 937 788 Ναὶ
963 746 1022 801 μὰ
1051 747 1150 788 Δία.
1190 748 1289 788 ΣΩ.
1314 746 1397 795 ‘539
1425 746 1478 787 σύ

132 829 178 868 γε
207 815 298 863 οἴει,
330 810 363 856 ὦ
393 816 528 855 Πῶλε.
570 815 712 855 ΠῼΛ.
743 816 898 867 Ἀληθῆ
925 827 973 867 γε
1002 813 1196 866 οἰόμενος
1223 812 1334 861 ἴσως.
1376 812 1472 852 ΣΩ.
1504 811 1541 853 Β

136 879 206 921 Σὺ
232 879 276 921 δέ
305 894 351 934 γε
380 879 633 933 εὐδαίμονας
670 874 725 920 αὗ
753 877 854 927 τοὺς
891 878 1168 928 ἀδικοῦντας,
1209 877 1285 919 ἐὰν
1324 875 1381 932 μὴ
1419 877 1476 918 δι-

135 946 237 987 δῶσι
263 946 397 1000 δίκην.
429 946 573 987 ΠῼΛ.
604 945 733 986 Πάνυ
757 942 835 998 μὲν
856 940 947 986 οὖν.
978 946 1076 985 Σῼ.
1104 943 1219 997 Ἐγὼ
1247 942 1292 985 δὲ
1321 937 1478 991 αὐτοὺς

133 1011 424 1059 ἀθλιωτάτους
452 1010 572 1065 φημί,
602 1009 703 1059 τοὺς
730 1009 774 1051 δὲ
802 1010 998 1058 διδόντας
1026 1009 1148 1063 δίκην
1164 1002 1304 1064 ἧττον.
1334 1009 1479 1061 βούλει

132 1076 199 1118 καὶ
231 1083 358 1118 τοῦτο
387 1074 587 1130 ἐλέγχειν,
627 1077 771 1117 ΠΩΛ.
798 1071 911 1117 Ἀλλ’
941 1073 1000 1116 ἔτι
1027 1070 1137 1117 τοῦτ’
1167 1074 1335 1116 ἐκείνου
1362 1076 1476 1128 χαλε-

130 1142 322 1195 πώτερόν
349 1140 483 1193 ἐστιν,
515 1136 548 1182 ὦ
577 1142 826 1193 Σώκρατες,
866 1139 1078 1193 ἐξελέγξαι.
1132 1141 1230 1182 ΔΩ.Δ
1265 1140 1330 1181 Οὐ
1358 1140 1476 1193 δῆτα,

134 1202 167 1248 ὠ
197 1210 335 1256 Πῶλε,
364 1205 448 1248 ἄλλ’
478 1207 715 1248 ἀδύνατον·
767 1206 814 1247 τὸ
842 1204 924 1259 γὰρ
952 1206 1107 1260 ἀληθὲς
1137 1206 1338 1248 οὐδέποτε
1367 1202 1477 1258 ἐλέγ-

132 1287 255 1327 χεται.
286 1274 430 1314 ΠῼΛ.
463 1274 565 1320 Πῶς
591 1270 742 1325 λέγεις,
781 1269 855 1312 ἐὰν
881 1271 1041 1312 α’δικῶν
1067 1273 1301 1325 ἄνθρωπος
1327 1272 1477 1325 ληφθῇ

133 1338 355 1391 τυραννίδι
404 1336 713 1390 ἐπιβουλεύων,
765 1335 834 1378 καὶ
878 1335 1057 1390 ληφθεὶς
1110 1337 1363 1391 στρεβλοῦται
1407 1334 1478 1377 καὶ

133 1489 194 1521 pro
218 1488 285 1520 quo
316 1476 396 1509 libri
425 1475 578 1509 Platonis
609 1475 737 1508 habent
765 1475 829 1515 μὲν
860 1478 989 1508 τοίνυν.
1037 1475 1140 1519 Apud
1170 1475 1317 1509 eundem
1348 1473 1478 1508 ἀθλιώ-

133 1534 226 1557 τατος
250 1533 310 1565 pro
333 1519 544 1563 ἀθλιώτερος
561 1522 726 1564 seriptum
749 1525 874 1554 exstat.

199 1615 238 1646 Ρ.
262 1610 340 1646 473.
369 1613 408 1645 Β.
450 1609 512 1646 Ὠς
547 1609 599 1644 σύ
628 1623 672 1655 γε
705 1610 805 1655 οἱέι]
838 1623 877 1655 γε
908 1611 1061 1644 additum
1093 1623 1111 1644 e
1143 1612 1230 1645 Ven.
1265 1610 1342 1644 ΞΣ.
1375 1611 1479 1644 vind.

130 1659 163 1692 2.
187 1657 218 1694 7.
241 1658 333 1691 Flor.
357 1658 389 1690 d.
413 1669 446 1692 x.
471 1658 560 1700 Aug.
585 1657 725 1691 Meerm.
749 1657 847 1690 Bodl.
870 1660 903 1690 et
927 1656 980 1690 ed.
1005 1658 1083 1690 Bas.
1107 1656 1139 1690 2.

132 1784 164 1816 p.
188 1770 265 1804 471.
290 1770 326 1803 G.
351 1781 383 1813 p.
406 1768 483 1803 470.
509 1769 546 1802 C.
582 1770 770 1802 Prinste-

131 1828 207 1850 rer.
231 1815 502 1859 Prosopograph.
526 1815 613 1847 Plat.
638 1826 669 1858 p.
694 1814 770 1849 106.

133 1863 219 1896 ἴσως
237 1861 380 1904 putabat
396 1861 530 1893 Socrati
552 1859 770 1893 tribuendum

132 1918 216 1941 esse.
259 1908 378 1948 Itaque
404 1906 682 1948 distinguendum
707 1907 771 1938 erit

137 1955 205 1986 sie:
224 1950 341 1985 Ἴσως·
369 1948 410 1983 σύ
436 1949 474 1983 δέ
496 1962 545 1994 γε.
569 1952 647 1984 Non
671 1951 770 1983 male.

179 1994 274 2030 Ἀλλ’
321 1997 382 2028 ἔτι
432 1993 540 2028 τοῦτ’
583 1995 768 2029 ἐκείνου

133 2042 227 2087 lah]
267 2043 373 2075 Recte
397 2046 514 2074 censet
537 2041 644 2074 schol.
667 2042 770 2074 etiam

132 2090 218 2122 haec
256 2088 347 2120 diota
384 2097 458 2119 esse
496 2097 573 2119 cum
602 2087 769 2120 irrisione.

134 2134 340 2167 Referuntur
368 2135 482 2164 autem
505 2132 547 2164 ad
570 2132 648 2173 illa,
682 2143 770 2176 quae

135 2190 166 2222 p.
189 2177 266 2211 470.
291 2178 329 2210 C.
352 2177 524 2220 leguntur.

182 2222 256 2256 ἐὰν
287 2220 449 2256 ἀδικῶν
480 2220 679 2264 ἄνθρωπ.
705 2225 769 2266 λη-

135 2270 227 2312 φθῇ
249 2267 306 2311 —]
337 2269 381 2300 H.
405 2279 433 2300 e.
457 2269 670 2311 καταληφθῇ.
693 2269 771 2301 Ho-

133 2325 228 2347 mer.
253 2313 350 2346 Iliad.
382 2310 419 2345 λ’.
442 2323 475 2345 v·
499 2312 580 2347 126:
622 2317 681 2346 τοῦ
705 2325 768 2356 περ

135 2358 177 2403 δὴ
242 2356 304 2391 δύο
358 2357 458 2390 παῖδε
507 2357 591 2401 λάβε
641 2361 772 2400 κρείων

134 2403 366 2447 Ἀγαμέμνων,
391 2402 447 2435 εἰν
472 2402 525 2435 ἑνὶ
550 2403 669 2447 δίφρῳ
694 2402 770 2437 ἐόν-

138 2462 205 2488 τας,
231 2447 319 2489 ὁμοῦ
345 2446 373 2481 δ’
399 2448 475 2490 ἔχον
502 2446 609 2483 ὠκέας
633 2451 769 2484 ἵππους.

137 2494 342 2538 Sophoel.
374 2493 457 2527 Oed.
489 2495 570 2535 Tyr.
603 2505 636 2526 v.
674 2494 771 2528 1024.

138 2541 189 2573 ed.
226 2540 361 2572 Herm:
392 2541 427 2571 τί
454 2536 482 2571 δ’
514 2538 615 2592 ἄλγος
648 2537 770 2582 ἴσχοντ’

138 2585 177 2618 ἐν
215 2589 332 2619 κακοῖς
371 2595 411 2623 με
449 2585 655 2626 λαμβανεις;
698 2587 773 2618 De-

135 2631 341 2663 mosthen.
365 2629 442 2662 adV.
462 2630 625 2665 Aristoer.
648 2640 680 2672 p.
695 2630 772 2672 721,

136 2675 190 2710 20.
214 2675 265 2709 ed.
289 2675 423 2708 Reisk.:
458 2672 576 2717 ἐπειδὴ
606 2674 685 2710 τούς
715 2675 772 2709 νό-

138 2732 224 2761 μους
247 2724 452 2764 κακουργῶν
476 2721 639 2763 εἴληπται.
685 2722 773 2754 Adv.

839 1769 922 1804 Mid.
950 1781 985 1822 p.
1011 1768 1095 1810 526,
1127 1768 1166 1803 7:
1199 1768 1300 1812 δίκην
1332 1767 1392 1802 τὸν
1422 1765 1478 1802 ἀεὶ

839 1816 1039 1858 ληφθεντα,
1064 1813 1109 1859 ἣν
1134 1811 1308 1858 προςήκει,
1331 1812 1478 1847 διδόναι.

839 1861 949 1893 Plat.
982 1860 1124 1895 Phaedr.
1158 1871 1190 1903 p.
1214 1859 1292 1893 256.
1318 1860 1354 1893 C.
1380 1860 1478 1903 Reip.

838 1907 880 1938 X.
904 1917 936 1948 p.
961 1904 1038 1939 609.
1062 1907 1099 1938 C.
1130 1906 1236 1948 Legg.
1260 1906 1320 1938 IX.
1344 1916 1377 1947 p.
1401 1904 1478 1938 854.

839 1951 877 1983 C.
918 1951 976 1983 Sic
1015 1952 1117 1983 etiam
1154 1951 1282 1984 Latini.
1327 1950 1475 1983 Horat.

839 1996 902 2029 Od.
927 1997 980 2037 ΙΙ,
1006 1996 1066 2037 16,
1092 1996 1131 2029 1;
1170 1997 1314 2030 Otium
1350 2001 1477 2039 rogat

838 2043 882 2073 in
905 2042 1081 2084 patenti
1104 2052 1296 2085 prensus
1319 2042 1474 2085 Aegeo.

838 2087 991 2131 virgil.
1023 2088 1109 2120 Aen.
1142 2088 1183 2119 V.
1215 2098 1246 2119 v.
1271 2086 1325 2120 52.
1372 2087 1477 2120 Plura

838 2131 934 2165 dabit
970 2132 1158 2165 Dorvill.
1195 2133 1238 2165 ad
1276 2132 1405 2165 Charit.
1443 2143 1476 2175 p.

838 2177 914 2212 599.
933 2178 1024 2210 Dein
1039 2177 1222 2220 τυραννίδι
1236 2176 1478 2221 ἐπιβουλεύειν

839 2227 890 2256 est
913 2223 1077 2256 callide
1107 2224 1390 2267 tyrannidem
1421 2223 1477 2255 af-

838 2270 1019 2302 fectare.
1042 2280 1074 2301 V.
1090 2269 1134 2302 ad
1150 2269 1287 2312 Protag.
1298 2280 1330 2311 p.
1346 2267 1423 2302 343.
1437 2269 1475 2302 O.

838 2316 891 2347 De
913 2315 1078 2357 proximis
1103 2315 1192 2347 conf.
1217 2315 1400 2347 Lucian.
1423 2315 1476 2346 De

838 2361 950 2393 Luctu
988 2361 1019 2399 §-
1057 2358 1094 2392 8:
1134 2358 1408 2402 στρεβλούμενοί
1443 2371 1476 2391 τε

838 2405 895 2439 καὶ
920 2403 1096 2444 καιόμενοι
1114 2423 1157 2428 -—
1177 2406 1232 2437 καὶ
1258 2408 1367 2448 τροχῷ
1393 2414 1475 2444 συμ-

841 2449 1039 2491 φερόμενοι.
1087 2450 1196 2482 Plat.
1244 2450 1285 2483 de
1330 2449 1475 2492 Republ.

839 2497 883 2528 11.
906 2506 938 2538 p.
963 2494 1040 2528 361.
1070 2496 1117 2528 E:
1148 2494 1198 2528 ὅτι
1228 2494 1319 2528 οὕτω
1350 2495 1476 2528 διακεί-

840 2552 943 2581 μενος
991 2538 1009 2572 ο’
1051 2539 1180 2575 δίκαιος
1223 2539 1477 2584 μαστιγώσεται,

842 2583 1102 2628 στρεβλώσεται,
1139 2585 1330 2629 δεδήσεται,
1354 2585 1476 2619 ἐκκαυ-

841 2630 986 2674 θήσεται
1038 2629 1254 2672 τώφθαλμώ,
1313 2633 1477 2664 τελευτῶν

842 2675 951 2709 πάντα
967 2675 1052 2709 κακὰ
1071 2675 1195 2710 παθών
1208 2675 1373 2721 α’νςσχινδ
1381 2678 1476 2709 niev-

840 2722 1005 2766 θήσεται,
1037 2722 1092 2755 καὶ
1123 2721 1310 2767 γνώσεται,
1343 2721 1390 2756 ὅτι
1413 2718 1478 2754 οὐκ
