1696 2976
179 63 233 106 88
350 33 356 44 *
724 68 1022 107 PLA'roms
1044 53 1067 110 ’,
1244 116 1247 123 y

179 200 305 227 καιον
335 179 468 228 αὐτὸν
492 181 606 228 εἶναι
634 183 708 228 καὶ
731 181 996 243 δημιουργὸν
1017 181 1173 229 τούτου
1201 185 1279 230 τοῦ
1303 183 1565 244 πράγματος,

122 258 155 290 D
181 252 222 294 εἰ
244 249 335 294 δέοι
352 246 486 295 αὐτὸν
509 253 740 308 κρίνεσθαι
756 248 863 309 πρὸς
879 247 1159 310 ἀνθρώπους,
1182 247 1247 304 οἷς
1269 250 1373 310 μήτε
1391 256 1566 298 παιδεία

179 316 271 361 ἐστὶ
302 314 409 374 μήτε
443 314 700 374 δικαστήρια
733 315 840 375 μήτε
862 315 1009 376 νόμοι,
1039 317 1150 376 μηδὲ
1179 315 1348 376 ἀνάγκη
1377 322 1566 377 μηδεμία

179 380 252 428 διὰ
282 379 440 435 παντὸς
472 381 773 440 ἆναγκαζονσα
811 381 964 442 ἀρετῆς
996 386 1322 443 ἐπιμελεῖσθαι,
1353 382 1449 431 ἀλλ’
1478 385 1567 432 εἷεν

178 447 326 508 ἅγριοί
344 468 481 507 τινες,
520 447 610 495 οἷοί
627 467 709 510 περ
733 448 810 504 οὓς
841 453 998 510 πέρυσι
1030 449 1303 532 Φερεκράτης
1333 449 1356 496 ὁ
1389 449 1567 510 ποιητὴς

182 518 381 570 ἐδίδαξεν
406 518 477 562 ἐπὶ
498 521 686 579 Ληναίω.
730 510 757 576 ἦ
781 516 952 577 σφόδρα
976 520 1024 564 ἐν
1046 529 1135 572 τοῖς
1158 516 1366 572 τοιούτοις
1389 517 1566 578 ἀνθρω-

178 600 274 636 ποις
299 582 544 642 γενόμενος,
569 581 715 645 ωσπερ
737 588 783 630 oc
798 587 846 631 ἐν
869 587 1022 631 ἐκείνω
1038 588 1098 646 τῷ
1115 588 1229 647 χορῷ
1245 584 1566 645 μισάνθρωποι,

263 737 308 769 D.
333 731 672 782 μισάνθρωποι]
693 737 731 770 C.
749 738 790 771 F.
802 738 1038 771 Heinrichius
1055 738 1389 772 hancPhereeratis
1404 739 1567 772 fabulam

177 782 327 814 eandem
350 782 464 815 fuisse
488 792 532 815 ac
549 782 739 816 Chironem
763 786 799 815 et
815 783 959 816 chorum
983 794 1001 815 e
1019 782 1211 816 Centauris
1234 783 1443 816 constitisse
1466 788 1567 817 ratus

177 827 214 858 in
231 829 460 859 commentat.
465 837 581 869 ‚quae
598 828 774 870 inscripta
791 830 864 860 est.
882 828 1151 860 Demonstratio
1170 827 1396 861 etrestitutio
1412 827 1481 860 loci
1491 839 1566 862 cor-

175 872 274 913 rupti
291 882 310 903 e
326 871 471 904 Platon.
489 872 689 914 Protagora
706 871 841 911 (Kiliae
860 874 956 905 1813.
974 871 1020 914 4),
1038 867 1304 915 ἡμιάνθρωποι
1321 873 1488 914 coniecit,
1505 883 1567 916 pro

175 926 243 957 quo
261 915 397 948 leniore
413 917 613 949 mutatione
629 912 891 959 μιξάνθρωποι
908 916 1138 949 scribendum
1162 918 1304 949 censuit
1325 917 1473 950 Jacobs.
1497 917 1567 949 An-

174 960 262 992 thol
279 960 401 992 Palat.
418 961 484 994 111.
502 963 534 993 2.
551 972 584 1003 p
602 961 679 994 800.
719 962 819 1001 Quas
844 962 1071 994 coniecturas
1094 961 1224 994 reiecit
1239 961 1407 994 Meineke
1423 962 1453 993 F
1456 971 1556 1004 ragm

174 1004 273 1038 Com.
290 1005 420 1038 Graec.
438 1005 465 1038 1.
482 1016 515 1047 p.
533 1007 573 1038 71
593 1015 668 1047 sqq.
685 1005 827 1047 prolato
844 1006 924 1038 loco
941 1005 1114 1038 'lheniist-
1131 1016 1182 1041 or.
1199 1008 1253 1039 26.
1270 1017 1305 1049 p.
1322 1008 1386 1039 323
1403 1005 1442 1039 C.

174 1125 322 1156 causas,
363 1126 426 1147 cur
456 1116 602 1157 tyranni
632 1116 671 1148 in
701 1117 835 1149 virtute

172 1161 416 1203 comparanda
438 1161 579 1193 civibus
601 1160 675 1192 sint
689 1161 836 1194 inferio-

902 1117 980 1159 ipse
998 1116 1140 1149 videtur
1146 1116 1295 1159 gloriari
1305 1127 1361 1160 ap.
1368 1117 1569 1160 Hephaest.

903 1172 939 1204 p.
958 1163 1038 1203 1013
1055 1161 1430 1195 v.schol.Arist.Nub.
1447 1173 1480 1195 v.
1490 1164 1582 1202 563..

172 1216 242 1243 res,
251 1205 479 1257 hasprofert:
499 1200 837 1243 τούςίδιώταςὲστὶ

171 1246 293 1283 πολλὰ
324 1245 369 1282 τὰ
399 1244 644 1291 παιδεύοντα,
677 1245 839 1305 μάλιστα

171 1291 240 1345 μξν
270 1291 311 1326 τὸ
327 1290 470 1372 prk&
408 1294 583 1347 τρυφᾶν.
605 1275 777 1328 ,ἐηπειθ
801 1291 839 1327 οἱ

172 1334 306 1389 νόμοι.
387 1350 422 1372 τι,
507 1335 526 1381 ἡ
551 1338 740 1381 παρρησία
771 1337 837 1372 καὶ

172 1379 213 1417 τὸ
243 1383 414 1427 φανερῶς
442 1379 582 1424 ἐξεῖναι
613 1386 690 1422 τοῖς
713 1393 751 1416 τε
775 1383 838 1424 φί-

176 1430 253 1467 λοις
276 1423 478 1470 ἐπιπλῆξαι
501 1426 567 1461 καὶ
589 1430 667 1466 τοις
686 1422 837 1480 ἐχθροῖς

170 1468 381 1506 ἐπιθέσθαι
412 1475 495 1511 ταῖς
526 1467 696 1513 ἀλλήλων
721 1467 838 1515 ἁμαρ-

172 1518 271 1556 τίαις
293 1512 367 1552 κτὲ.
414 1517 601 1549 Eiusmodi
625 1517 838 1549 admonitio-

172 1573 236 1595 nes
275 1565 312 1594 et
353 1562 593 1595 coercitiones
623 1561 726 1593 nulla
756 1561 837 1603 lege

172 1607 392 1640 constitutae
400 1607 460 1638 hie
468 1608 552 1639 sunt
563 1605 838 1648 intelligendae,

171 1652 301 1694 quibus
317 1651 502 1693 solivagus
519 1650 621 1683 homo
635 1661 705 1683 non
721 1650 837 1692 magis

172 1706 279 1737 quam
295 1699 470 1747 tyrannus
488 1694 688 1735 corrigitur.

214 1742 261 1773 D.
310 1734 406 1773 ἀλλ’
447 1736 542 1773 εἷεν
579 1735 633 1795 ἄν
670 1738 737 1772 ιοί
771 1750 835 1772 τι-

173 1796 255 1824 νες
262 1783 318 1827 -]
343 1786 387 1817 H.
407 1796 437 1817 e.
461 1778 546 1817 αλλ’
563 1781 600 1817 οι
618 1750 695 1817 εἷεν
711 1777 840 1826 ἅγριοί

175 1840 295 1871 τινες,
320 1829 397 1862 sed
420 1839 525 1870 quos
545 1829 754 1871 fingamus
776 1829 834 1861 fe-

171 1885 243 1907 ros
276 1884 374 1907 esse
408 1876 450 1905 et
483 1876 712 1916 agrestes.
774 1873 835 1905 Sic

171 1920 266 1951 enim
290 1919 349 1951 hic
379 1919 564 1960 optativus
588 1917 837 1960 explicandus.

170 1974 204 1996 v.
243 1963 289 1995 ad
325 1963 448 2005 Remp
486 1962 763 2004 VI11.p.549
794 1962 835 1994 A.

171 2008 290 2041 stallo.

215 2048 313 2084 οἷοί
325 2062 405 2093 περ
422 2043 501 2089 οὓς
531 2033 688 2093 πέρυσι
706 2051 836 2092 Φερε-

171 2091 356 2138 κράτης]
383 2095 519 2135 Quales
537 2096 666 2127 erant·
656 2106 694 2127 ιιι
711 2095 838 2128 fabula

171 2151 278 2183 quam
294 2140 478 2182 superiore
496 2150 589 2172 anno
606 2139 730 2172 (locuit
744 2139 835 2172 Phe—

171 2188 331 2218 recrates
367 2185 404 2216 in
436 2185 632 2217 certamine
664 2184 837 2218 Lenaico.

171 2231 228 2262 Ita
258 2231 351 2262 haec
389 2229 565 2270 explicuit
600 2229 838 2261 Casaubonus

173 2274 221 2307 ad
242 2274 374 2306 Athen.
402 2274 464 2308 lib.
488 2274 531 2305 V.
560 2283 593 2315 p.
610 2274 676 2305 218
692 2273 743 2314 D,
775 2273 837 2305 ubi

172 2330 242 2361 quo
258 2322 418 2361 tempore
436 2317 563 2351 fabula
586 2321 671 2350 acta
686 2317 752 2357 sit,
780 2317 836 2349 his

171 2364 291 2397 verbis
309 2363 486 2414 proditur.
512 2339 776 2412 ἐδιδάχθησαν
792 2358 834 2394 δὲ

173 2401 233 2441 οῖ’
227 2409 254 2440 Α
256 2417 354 2450 γριοι
375 2401 435 2439 ἐπ’
456 2401 682 2449 Ἀριστίωνος
704 2398 836 2449 ἄρχον·

173 2462 234 2491 τος
250 2452 285 2486 h.
292 2462 323 2485 e.
341 2451 398 2483 Ol.
409 2452 464 2491 89,
481 2453 517 2489 4,
526 2462 560 2485 ν.
577 2451 732 2494 praefat.
751 2461 784 2492 p.
794 2452 836 2483 23

173 2496 306 2530 Paucis
327 2496 491 2537 reliquiis
514 2496 677 2537 exceptis
695 2498 731 2527 et
746 2495 838 2527 haec

174 2541 299 2574 fabula
317 2543 505 2573 etceterae
514 2540 755 2579 Pherecratis,
774 2540 836 2581 qui

172 2587 210 2618 in
226 2586 361 2618 veteris
375 2584 580 2617 comoediae
603 2585 720 2627 poetis
735 2584 834 2616 nobi-

175 2631 309 2662 issimis
343 2632 552 2662 numeratus
588 2633 643 2661 est
666 2632 702 2662 et
733 2623 835 2662 ἀττι-

174 2670 330 2712 Ῑωτατος
351 2674 483 2706 dicitur
502 2674 694 2707 Athenaeo
726 2684 760 2716 p.
771 2673 836 2706 268

174 2730 195 2752 κ
213 2718 504 2751 intmrciderunt.
544 2719 674 2750 Notum
693 2721 749 2750 est
765 2728 835 2750 me-

175 2768 267 2797 trum
285 2763 587 2803 Pherecratem,
605 2773 672 2804 quo
690 2763 835 2796 invento

903 1205 1071 1238 Meineke
1094 1206 1237 1248 Fragm.
1270 1205 1368 1241 Com.
1391 1206 1521 1242 Graec.
1537 1209 1566 1247 Ι,

906 1250 1031 1289 68;11,
1050 1251 1125 1287 283,

930 1274 1002 1327 ἐπὶ
1015 1295 1075 1337 Λη
1085 1305 1137 1328 να
1147 1293 1164 1327 ί
1168 1291 1212 1338 ω]
1216 1293 1402 1345 Aristoph.
1412 1295 1569 1331 Acharn.

905 1350 939 1373 v.
947 1340 1028 1371 504·
1048 1306 1162 1372 Αὐτοὶ
1177 1350 1246 1382 γαρ
1260 1334 1370 1383 ἔσμεν
1385 1335 1477 1373 οὑπὶ
1493 1342 1568 1374 A-

906 1383 999 1434 ναίῳ
1017 1378 1050 1416 τ’
1068 1378 1182 1426 ἀγών,
1192 1384 1496 1417 ubischoliastes.
1515 1395 1530 1417 ε
1550 1396 1568 1423 ς

905 1423 950 1460 τὰ
968 1418 1116 1471 Λήναια
1138 1427 1288 1470 καθῆκε
1314 1424 1354 1462 τὸ
1377 1427 1566 1471 δρᾶμα,ν.

904 1472 1091 1505 Demosth.
1108 1483 1160 1506 or.
1181 1474 1240 1514 21,
1265 1475 1317 1506 10.
1359 1473 1570 1515 Agebantur

906 1520 1027 1549 autem
1035 1517 1174 1549 Bacchi
1181 1517 1320 1550 Lenaei
1335 1517 1413 1550 dies
1420 1518 1509 1550 festi
1523 1529 1568 1551 ac

904 1561 1083 1594 solemnes
1113 1571 1248 1593 summa
1286 1562 1416 1602 hieme,
1445 1572 1568 1595 mense

906 1605 1133 1644 Gamelione,
1164 1608 1203 1637 ut
1225 1605 1330 1638 docet
1347 1606 1498 1639 Proclus
1522 1606 1568 1639 ad

903 1649 1054 1684 Hesiod.
1071 1650 1138 1692 Op
1158 1653 1194 1682 et
1210 1650 1254 1681 D.
1272 1660 1306 1683 v
1323 1651 1407 1682 506.
1425 1649 1474 1696 τῷ
1494 1651 1566 1684 Γα-

902 1693 1074 1746 μηλιῶνι,
1091 1661 1187 1727 καθ’
1210 1704 1255 1727 ον
1276 1692 1341 1727 καὶ
1357 1689 1403 1727 τὰ
1420 1683 1569 1738 Λήναια

903 1750 979 1781 παρ
1017 1733 1241 1789 Ἂθηναιοις.
1278 1732 1403 1790 Ἴωνες
1424 1735 1467 1772 δὲ
1484 1739 1568 1773 τοῦ·

905 1794 969 1817 τον
987 1778 1070 1824 (τὸν
1084 1782 1202 1826 μῆνα)
1219 1777 1306 1816 ουδ’
1324 1776 1455 1825 ἄλλως,
1473 1778 1568 1817 ἀλλὰ

904 1827 1106 1875 Ληναιῶνα
1128 1827 1301 1861 καλοῦσι.
1348 1828 1404 1861 De
1427 1828 1566 1862 Lenae-

903 1883 1002 1906 orum
1028 1873 1167 1914 origine
1199 1874 1236 1904 et
1264 1871 1510 1906 celebratione
1532 1883 1566 1907 v.

903 1917 995 1959 Aug.
1032 1917 1229 1949 Mommsen
1265 1917 1502 1959 Heortologia
1532 1929 1566 1960 p.

902 1963 967 1995 332
983 1972 1000 1993 s

949 1971 1094 2057 ωσςσὲερ
1116 2001 1161 2038 οἵ
1182 1999 1229 2039 ἕν
1245 1999 1409 2048 ἐκείνῳ
1425 2017 1457 2039 τ,
1475 2016 1525 2049 χο

904 2045 1239 2100 μισάνθρωποι]
1257 2050 1323 2084 int.
1339 2039 1526 2103 ἐγένοντο
1526 2017 1568 2085 ἓν

905 2097 985 2145 τοῖς
1014 2089 1196 2132 τοιούτοις
1212 2094 1248 2127 h.
1267 2105 1298 2126 e.
1330 2088 1475 2137 ἀγρίοις
1502 2106 1567 2128 αν-

904 2133 1084 2181 θρώποις.
1144 2139 1373 2181 Longissime
1419 2150 1441 2171 a
1482 2150 1568 2173 vero

905 2184 1052 2217 aberrat
1060 2183 1182 2234 opinio
1192 2193 1326 2223 eorum,
1344 2193 1406 2225 qm
1396 2178 1567 2226 ἀγρίους

904 2239 949 2260 ac
978 2222 1270 2270 μισανθρωπους
1308 2227 1451 2260 eosdem
1489 2238 1567 2262 esse

904 2272 1139 2305 arbitrantur.
1171 2272 1220 2304 Hi
1236 2272 1330 2304 enim
1346 2272 1441 2305 inter
1455 2273 1567 2306 homi·

902 2327 967 2350 nes
983 2317 1125 2349 educati
1150 2319 1187 2348 et
1209 2317 1275 2349 snb
1292 2316 1434 2358 legibus
1450 2326 1566 2358 aequo

903 2362 981 2393 iure
1020 2371 1101 2393 cum
1143 2361 1274 2394 ceteris
1311 2361 1435 2394 vivere
1468 2360 1566 2394 docti

903 2408 1050 2448 propter
1066 2405 1198 2438 civium
1213 2405 1432 2448 pravitatem
1454 2404 1566 2438 homi-

902 2460 986 2482 num
1002 2455 1128 2483 coetus
1142 2450 1321 2491 urbesque
1332 2448 1566 2491 reliquerant,

904 2494 959 2527 illi
976 2496 1021 2528 ab
1031 2495 1127 2528 omni
1136 2494 1247 2527 animi
1256 2492 1357 2527 cultu
1364 2502 1505 2535 semper
1511 2505 1565 2528 re·

904 2541 990 2571 moti
998 2539 1058 2572 vel
1066 2539 1224 2582 pessimo
1247 2538 1326 2571 cive
1340 2537 1452 2571 multo
1462 2541 1567 2571 erant

903 2584 1065 2635 peiores.
1072 2583 1254 2636 Aristoph.
1270 2582 1424 2632 Lysistr.
1438 2592 1473 2615 v.
1482 2585 1565 2616 812:

903 2620 1013 2667 οὗτος
1041 2621 1103 2670 ἄρ’
1134 2623 1154 2661 ὁ
1190 2627 1316 2679 Τίμων
1342 2619 1462 2677 ᾤχεθ’
1487 2621 1562 2660 ὑπὸ

902 2673 1034 2723 μίσους
1086 2667 1204 2706 πολλα
1256 2666 1565 2714 καταρασάμενος

901 2711 1109 2768 α’νδρᾴσι
1117 2727 1228 2759 πονη
1264 2717 1345 2756 οἷς,
1363 2715 1563 2750 ubischols

902 2752 1109 2806 ἐπιεικὴς
1084 2773 1133 2806 ην
1152 2758 1218 2794 καὶ
1260 2770 1377 2803 φευγε
1395 2771 1481 2800 τους
1497 2770 1563 2794 πο-
