1722 2964
281 70 360 115 106
826 74 1131 113 PLA'roms

378 185 483 244 Cap.
516 184 648 230 XXll.
695 183 909 239 Εἰπόντος
931 181 1014 233 οὖν
1041 191 1178 235 ταῦτα
1201 188 1358 248 αὐτοῦ,
1389 196 1435 239 οί
1465 194 1678 251 παρόντες

279 252 645 312 ἀνεθορύβησαν,
679 250 737 304 ὡς
762 246 812 297 εὖ
843 254 971 310 λέγοι.
1021 257 1095 300 καὶ
1128 255 1213 314 ἐγώ
1245 257 1391 304 εἷπον
1413 252 1466 305 Ὦ
1490 267 1675 318 Πρωτα-

278 320 410 380 γόρα,
437 318 520 377 ἐγώ
543 317 745 376 τυγχάνω
770 319 1021 377 ἐπιλήσμων
1042 341 1108 375 τις
1132 341 1196 368 ων
1217 320 1476 382 ἅνθρωπος,
1501 329 1573 372 καὶ
1599 328 1677 374 ἐάν

220 402 254 435 D
277 393 342 441 τίς
365 406 438 445 μοι
460 383 604 444 μακροὶ
628 386 748 443 λέγη,
782 386 1131 446 ἐπιλανθάνομαι
1155 391 1256 448 περὶ
1278 384 1333 436 οὖ
1355 388 1412 438 ἂν
1434 385 1462 450 ᾖ
1488 391 1510 438 ὁ
1536 392 1672 451 λόγος.

276 470 426 511 ωσπερ
457 446 538 498 οὖν
570 457 611 497 εἰ
642 452 881 509 ἐτύγχανον
910 451 1144 511 ὑπόκωφος
1175 454 1261 512 ὥν,
1298 456 1388 517 ᾤου
1419 454 1475 504 ἄν
1505 462 1675 517 χρῆναι,

276 527 399 578 εἴπερ
424 520 597 577 ἔμελλές
621 537 694 576 μοι
719 521 1018 577 διαλέξεσθαι,
1049 527 1196 578 μεῖζον
1217 526 1495 581 φθέγγεσθαι
1518 522 1545 583 ἦ
1569 529 1677 584 πρὸς

274 585 375 639 τούς
399 585 581 641 ἄλλους,
612 584 725 630 οὕτω
757 587 830 630 καὶ
853 589 958 642 νῦν,
993 588 1144 646 ἐπειδὴ
1176 589 1431 649 ἐπιλήσμονι
1464 594 1676 651 ἐνέτυχες,

270 652 488 711 σύντεμνέ
499 670 571 710 μοι
583 651 658 705 τὰς
676 650 928 710 ἀποκρίσεις
947 656 1020 698 καὶ
1038 657 1309 714 βραχυτέρας
1322 666 1455 707 ποίει,
1476 664 1518 704 εἰ
1530 662 1674 717 μέλλω

273 735 343 766 σοι
368 721 566 765 ἕπεσθαι
612 721 715 771 Πῶς
746 713 827 764 οὖν
850 719 1041 773 κελεύεις
1065 740 1118 778 με
1142 725 1308 780 βραχέα
1331 723 1674 783 ἀποκρίνεσθαι;

216 801 246 833 Ε
272 782 301 844 ἢ
325 784 571 844 βραχύτερα
594 800 678 841 σοι,
704 789 811 842 ἔφη,
837 784 1139 845 ἀποκρίνωμαι
1162 785 1189 845 ἢ
1215 793 1303 844 δεῖ,
1351 796 1595 850 Μηδαμῶς,
1620 787 1676 850 ἦν

273 851 316 898 δ’
345 852 440 910 ἐγώ.
462 850 581 898 ”Αλλ
610 850 694 896 ὅσα
719 856 813 897 δει·
803 874 814 907 ;
861 857 956 911 ἔφη
985 860 1092 910 Ναί,
1119 849 1176 912 ἦν
1200 854 1245 900 δ’
1275 857 1371 914 ἐγώ
1398 857 1571 915 Πότερα
1594 853 1677 905 οὖν

270 918 353 965 ὅσα
378 920 474 999 ἐμοὶ
498 923 620 964 δοκεῖ
642 923 739 964 δεῖν
762 917 1097 977 ἀποκρίνεσθαι,
1120 923 1311 968 τοσαῦτά
1334 938 1404 969 σοι
1427 923 1677 982 οέποκρίνωἤ

270 1006 363 1044 μαι,
387 983 414 1043 ἢ
437 985 520 1031 ὅσα
544 990 635 1039 σοί,
654 983 839 1041 Ἀκήκοα
864 989 987 1043 γοῦν,
1011 981 1068 1044 ἦν
1093 986 1133 1032 δ’
1163 988 1311 1045 ἐγώ,“
1287 1008 1352 1035 οτι
1377 990 1433 1035 σύ
1456 990 1546 1044 οἷός
1569 991 1607 1037 τ’
1637 993 1678 1038 εἶ

271 1054 345 1097 καὶ
371 1050 500 1104 αὐτὸς
534 1053 607 1096 καὶ
638 1049 774 1096 α’λλον
806 1051 980 1106 διδαξαι
1011 1055 1111 1110 περὶ
1145 1058 1235 1100 τῶν
1265 1054 1413 1102 αὐτῶν
1435 1060 1508 1102 καὶ
1531 1057 1675 1116 μακρὰ

269 1121 436 1176 λέγειν,
469 1117 545 1164 ἐὰν
568 1116 729 1176 βούλη,
761 1117 921 1172 οὕτως,
954 1134 1064 1166 ωστε
1086 1118 1163 1166 τὸν
1186 1120 1318 1178 λόγον
1340 1126 1556 1181 μηδέποτε
1581 1127 1676 1170 ἐπι-

269 1192 431 1243 λιπεῖν,
450 1186 525 1231 καὶ
548 1204 604 1230 αυ
628 1186 793 1243 βραχέα
817 1184 970 1242 οὕτως,
996 1201 1106 1232 ωστε
1130 1190 1300 1246 μηδένα
1330 1193 1412 1235 σοῦ
1436 1193 1485 1236 ἐν
1507 1196 1675 1249 βραχυ-

191 1268 257 1301 335
268 1254 407 1310 τέροις
432 1256 583 1298 εἰπεῖν.
630 1256 670 1297 εί
692 1245 773 1297 οὖν
802 1254 972 1309 μέλλεις
1005 1255 1098 1311 ἐμοὶ
1123 1257 1425 1313 διαλέξεσθαι,
1457 1260 1517 1319 τῷ
1542 1260 1674 1319 ετερῳ

268 1322 359 1378 χρῶ
382 1317 528 1379 τρόπῳ
553 1317 660 1376 πρός
684 1337 759 1376 με,
792 1322 843 1377 τῇ
877 1324 1159 1380 βραχυλογία.
1201 1315 1254 1367 Ω
1279 1321 1537 1382 Σώκρατες,
1571 1329 1672 1383 ἔφη,

359 1449 448 1491 Cap.
465 1449 580 1480 XXII.
605 1449 651 1481 D.
684 1444 869 1490 ἔμελλές
902 1459 976 1491 μοι
1010 1448 1333 1495 διαλέξεσθαι]
1370 1454 1400 1484 Υ
1403 1454 1474 1496 ulg.
1501 1452 1673 1497 διαλέγε-

267 1494 363 1526 σθαι
382 1493 605 1525 auctoritate
621 1492 856 1534 plurimorum
879 1494 1168 1536 optimorumque
1188 1496 1290 1531 codd.
1307 1502 1482 1530 mutatum
1502 1500 1674 1532 est.1)e-

265 1537 350 1571 inde
373 1548 437 1580 pro
461 1531 722 1579 ἀποκρίνωμαι
738 1537 841 1571 Bodl.
859 1538 940 1570 Vat
960 1538 992 1571 Θ
1009 1541 1045 1570 et
1065 1549 1083 1573 t
1108 1542 1143 1571 et
1162 1539 1271 1572 Coisl.
1290 1536 1540 1585 αποκρίνομαι
1569 1546 1674 1575 item-

267 1592 338 1625 que
355 1582 393 1614 in
409 1592 508 1624 prox.
527 1584 615 1614 sect.

357 1638 378 1659 κ
389 1637 413 1659 α
424 1624 436 1659 l
454 1625 504 1669 βρ
513 1637 537 1658 α
546 1637 566 1668 χ
577 1637 626 1658 υτ
637 1620 654 1658 έ
661 1637 680 1666 ρ
691 1636 714 1657 α
724 1636 742 1663 ς
758 1635 830 1702 πο3
824 1625 840 1657 ι’
845 1636 860 1658 ε
870 1623 899 1669 ι]
919 1626 1058 1658 Iniuria
1073 1627 1165 1660 haec
1178 1627 1335 1662 delenda
1349 1634 1473 1663 censet
1488 1631 1673 1674 Hirsebig

268 1672 520 1714 Argumentat.
540 1670 830 1747 Socratic.p.13

357 1716 395 1748 P
415 1717 492 1748 335.
521 1710 708 1757 μέλλεις
758 1712 836 1756 μοὶ
858 1713 1191 1766 διαλέξεσθαι]
1227 1717 1347 1750 Etiam
1371 1719 1430 1751 hic
1452 1723 1543 1752 vett.
1569 1719 1672 1752 editt.

267 1763 394 1794 eontra
411 1759 515 1792 fidem
533 1759 767 1801 plurimorum
783 1759 954 1792 librorum
973 1754 1224 1802 διαλέγεσθαι
1243 1761 1428 1796 exhibent.

312 1871 400 1913 Cap.
433 1870 550 1903 XXII.
588 1870 635 1902 D.
667 1867 743 1902 καὶ
776 1868 936 1912 βραχυ-

266 1913 400 1956 τέρας
423 1912 564 1957 ποίει]
590 1915 696 1946 Haeo
719 1924 791 1946 non
807 1914 937 1946 redun-

265 1959 363 2000 dant,
381 1959 444 1991 sed
459 1960 669 1991 accuratius
678 1958 846 1990 Socrates
864 1969 936 1990 rem

263 2004 375 2036 verbo
384 2000 939 2045 translato(ovvts'gwewhigni—

264 2048 411 2080 fieatam
436 2058 529 2079 nune
549 2048 735 2089 exprimit,
758 2058 793 2080 v.
817 2058 851 2089 p.
874 2049 938 2080 314

264 2093 312 2125 A:
353 2087 403 2135 μὴ
435 2090 522 2134 περὶ
554 2094 631 2130 τοῖς
654 2086 850 2142 φιλτάτοις
873 2103 938 2123 nv

266 2132 377 2187 βεύῃς
394 2147 432 2169 τε
446 2134 511 2169 καὶ
534 2131 774 2179 κινδυνεύῃς.
807 2138 873 2168 320
890 2137 937 2167 B:

264 2191 484 2224 καμπτομαι
501 2176 684 2224 καὶοῖμαί
698 2181 737 2213 τί
750 2189 789 2213 σε
801 2178 935 2233 λέγειν.

267 2226 313 2258 al.
330 2225 466 2258 Similis
483 2235 568 2257 usus
590 2226 694 2258 verbi
716 2222 937 2266 συντέμνειν

266 2271 448 2302 invenitur
513 2269 606 2313 apud
663 2270 938 2319 Aristophanem

264 2315 482 2367 Thesmoph.
514 2316 652 2347 v.1”17:
691 2313 812 2355 σοφοῦ
843 2308 938 2363 πρὸς

266 2353 417 2409 ανδρός,
427 2368 529 2397 οστις
544 2354 589 2392 ἒν
605 2358 768 2411 βραχεῖ
777 2353 938 2395 πολλοὺς

264 2404 387 2441 καλως
403 2384 483 2442 οἷός
500 2414 538 2436 τε
552 2402 771 2454 συντέμνειν
789 2399 830 2436 λό
856 2413 934 2440 ους.

310 2449 355 2480 Ε.
385 2447 641 2491 Μηδαμῶς,
674 2439 734 2499 ἦν
761 2442 800 2479 δ’
833 2414 934 2499 Ξγώ]

265 2460 458 2525 ΒεΙιιιιεΤι
473 2493 596 2525 Intell
614 2492 658 2536 βρ
661 2488 824 2535 αχύτερα
842 2502 934 2525 απο-

264 2537 396 2579 κρίνου
411 2529 436 2589 ᾖ
460 2536 531 2570 δεῖ.
579 2538 723 2570 Menex.
781 2538 871 2570 ,236
888 2536 935 2568 C:

264 2580 460 2659 ,”ῒέῗῖιᾮῗῗ,
475 2572 725 2668 ἶρξῗὲατῦἷ
743 2575 832 2668 ἷὲἒῗ,
841 2578 935 2668 ‘1⁶⁷‘ss

265 2672 331 2702 350
347 2671 388 2701 Ε.
406 2670 601 2713 Phaedr.p
607 2672 741 2705 2.34D.
759 2682 793 2704 v.
813 2673 934 2703 annot.

266 2714 311 2746 nd
313 2725 368 2766 p.
386 2715 508 2747 318Β.
536 2714 652 2749 Stallb.

309 2768 381 2791 οτι
414 2768 466 2792 συ
499 2754 595 2798 οἶός
629 2754 662 2792 τ’
698 2755 835 2793 εἶκαὶ
861 2753 935 2792 αὖ·

1007 1864 1097 1920 τὰς]
1117 1870 1208 1903 haec
1226 1872 1279 1903 ita
1299 1874 1553 1926 coniungenda
1571 1879 1673 1908 sunt.

1006 1907 1063 1946 ὅτι
1096 1910 1141 1946 σὺ
1165 1910 1244 1954 οἷός
1274 1928 1293 1949 τ
1342 1914 1377 1950 εἶ
1403 1917 1467 1951 καὶ
1493 1914 1608 1958 αυτὸς
1630 1938 1674 1944 -

1006 1957 1090 2000 περὶ
1108 1958 1180 1992 τῶν
1197 1955 1321 1994 αὐτῶν
1333 1959 1534 2014 καὶμακρά
1552 1962 1673 2015 λέγειν

1007 2021 1051 2026 —-
1066 2002 1130 2036 καὶ
1154 2015 1204 2036 αυ
1227 2004 1367 2049 βραχέα
1375 2025 1446 2058 —‚
1470 2007 1535 2040 καὶ
1558 2003 1673 2042 ἄλλον

1007 2043 1163 2098 διδαξαι
1180 2047 1245 2082 καὶ
1261 2047 1386 2103 μακρὰ
1400 2049 1570 2095 λέγεινκ.
1588 2064 1618 2086 τ.
1639 2054 1672 2086 λ.

1051 2102 1162 2124 ωστε
1201 2089 1275 2126 τὸν
1308 2096 1396 2138 loy.
1430 2097 1530 2139 μηδ.
1573 2092 1672 2130 ἔπι-

1009 2135 1182 2179 λιπειν]
1224 2142 1269 2169 ut
1300 2150 1521 2182 nunqnam
1554 2141 1673 2174 desit

1006 2181 1089 2213 tibi
1123 2184 1285 2216 oratio
1321 2185 1352 2216 h.
1384 2196 1415 2216 e.
1449 2187 1671 2219 orationis

1007 2230 1325 2267 argumentum.
1364 2234 1409 2261 ut
1448 2231 1530 2263 tibi
1563 2241 1672 2263 sem-

1006 2280 1083 2312 per
1121 2276 1335 2313 suppetat
1378 2275 1490 2315 quod
1529 2275 1672 2308 dicae.

1008 2315 1126 2348 Stallb.

1052 2360 1092 2393 Ρ.
1124 2362 1200 2392 335.
1256 2360 1341 2403 χρῶ
1381 2380 1423 2385 -
1459 2357 1568 2403 πρός
1601 2361 1668 2405 με]

1004 2404 1190 2436 Enclitiea
1213 2407 1435 2446 pronominis
1458 2407 1572 2439 forma
1589 2411 1673 2448 post

1004 2449 1292 2490 praepositiones
1319 2451 1356 2482 in
1378 2450 1540 2484 Platonis
1568 2451 1672 2484 libris

1004 2503 1075 2525 non
1093 2503 1174 2525 raro
1196 2498 1346 2527 servata
1369 2498 1435 2528 est.
1467 2495 1612 2528 Menon.
1636 2507 1670 2548 p.

1004 2539 1047 2570 79
1063 2538 1103 2569 A.
1128 2538 1231 2573 codd.
1260 2549 1384 2572 omnes
1411 2539 1558 2590 παίζεις
1579 2549 1672 2582 προς

1005 2591 1061 2623 με.
1063 2583 1191 2633 Gorg.
1209 2593 1241 2635 p.
1260 2584 1391 2617 48913:
1409 2583 1480 2617 νῦν
1498 2579 1548 2627 δὴ
1567 2581 1673 2627 εἰρω-

1005 2622 1118 2659 νεόου
1146 2638 1238 2670 προς
1269 2637 1347 2670 με.,
1387 2628 1450 2660 ubi
1481 2639 1515 2662 v.
1547 2632 1671 2661 annot.

1004 2671 1059 2712 Ly
1062 2670 1127 2705 sid.
1215 2673 1277 2704 211
1302 2672 1343 2706 A.
1393 2671 1577 2715 Cratyl.p
1582 2674 1671 2706 ,384

1004 2681 1059 2748 A?
1069 2682 1219 2748 Thesfet.
1253 2727 1286 2758 p.
1310 2717 1439 2750 1701).
1471 2684 1669 2769 Xeneph.

1005 2759 1164 2795 Anabas.
1183 2761 1253 2802 111,
1277 2763 1316 2801 3,
1340 2762 1378 2793 2:
1427 2759 1557 2803 λέξατε
1588 2752 1670 2804 οὖν,
