1682 2944
463 197 537 236 AD
566 195 810 236 GORGIAM
839 194 1110 234 PLATONIS.
1411 195 1461 231 35

107 315 258 362 partem
286 311 415 350 vocari
443 311 485 349 in
503 310 830 360 disceptationem,
861 319 960 360 quae
990 308 1038 346 ad
1056 306 1332 358 rempublicam
1360 306 1461 345 eius-

108 382 183 420 que
212 368 530 418 gubernationem
557 367 763 418 pertineat.
802 366 946 415 Agitur
964 365 1083 414 igitur
1111 365 1158 403 de
1186 377 1266 402 una
1293 364 1462 401 maxime

109 425 331 476 eloquentia
369 425 472 464 civili
509 427 549 463 et
576 423 752 474 politica,
792 422 879 460 aliis
916 422 1125 461 rhetorices
1160 421 1365 471 generibus
1394 434 1461 459 ex-

110 482 227 520 clusis
258 485 326 520 aut
343 481 482 521 leviter
510 484 662 520 tantum
691 479 1007 527 commemoratis,
1037 479 1076 517 id
1106 479 1207 530 quod
1235 492 1272 529 p.
1305 482 1396 516 500.
1415 478 1460 516 E.

108 561 165 565 --
206 541 297 576 502.
334 539 382 576 D.
421 538 478 576 ita
523 538 607 575 fieri
654 536 1016 583 animadvertimus,
1067 549 1142 587 quo
1182 535 1299 573 simul
1336 535 1462 574 civilis

109 594 350 646 eloquentiae
381 607 468 632 cum
495 594 572 632 illis
592 593 767 643 coguatio
797 606 841 631 ac
861 593 1072 631 similitudo
1092 592 1341 641 significetur.
1380 593 1462 629 Nec

110 665 201 689 vero
229 651 269 688 id
297 651 459 701 scriptor
486 651 568 701 ipse
598 664 675 688 uon
703 650 909 689 indicavit:
950 649 1250 699 prudentissime
1290 648 1392 687 enim
1420 649 1462 685 in

108 708 191 758 ipso
221 707 345 758 operis
374 708 536 746 introitu
557 707 738 756 Gorgiam
765 707 821 745 ita
847 707 1080 757 loquentem,
1100 705 1267 753 induxit,
1296 709 1342 744 ut
1369 705 1464 743 artis

109 777 201 802 suae
238 777 353 802 usum
390 762 516 803 totum
553 765 633 803 fere
671 765 719 801 ad
758 763 913 812 negotia
953 762 1107 812 publica
1154 767 1194 800 et
1230 776 1292 800 res
1332 762 1464 800 civiles

108 820 338 870 restringat,
390 834 467 872 quo
504 821 606 859 facto
645 820 856 870 disputatio
897 819 1020 857 omnis
1059 819 1115 857 ita
1153 819 1370 868 peragitur,
1419 824 1464 856 ut

109 877 262 915 omnino
292 878 339 915 de
377 890 456 915 una
490 877 594 916 civili
625 876 846 928 eloquentia
884 890 1098 914 sermonem
1125 876 1207 913 fore
1235 888 1347 913 nemo
1384 889 1463 913 nou

109 934 262 972 sentiat.
320 934 391 972 Oui
420 934 561 972 rationi
588 933 746 971 minime
775 927 1004 971 adversatur
1032 933 1140 980 illud,
1172 933 1274 984 quod
1304 932 1465 981 Gorgias

109 990 191 1040 ipso
228 991 388 1028 Platone
428 995 527 1029 teste
564 991 720 1028 Menon.
756 1004 792 1040 p.
825 994 888 1028 95.
927 990 968 1028 G.
1018 989 1113 1026 alios
1153 989 1278 1027 ridere
1317 989 1465 1027 solebat

109 1046 318 1096 sophistas,
358 1046 426 1098 qui
456 1060 496 1085 se
525 1047 712 1085 virtutem
750 1046 960 1085 tradituros
998 1046 1250 1097 hominesque
1290 1046 1464 1084 doctrina

108 1116 178 1141 sua
207 1103 326 1141 etiam
355 1105 402 1141 ad
432 1103 584 1142 civilem
613 1103 800 1142 virtutem
828 1103 985 1141 idoneos
1013 1102 1229 1141 reddituros
1266 1115 1350 1140 esse
1379 1115 1464 1152 pro-

107 1159 335 1207 fitebantur3
367 1160 449 1210 ipse
479 1173 520 1198 se
539 1160 747 1210 discipulos
778 1158 929 1205 δεινοὺς
958 1157 1078 1210 λέγειν
1096 1159 1333 1208 gloriabatur
1352 1160 1465 1197 adeo-

109 1229 184 1267 que
222 1230 300 1254 non
339 1217 551 1267 sophistae,
591 1218 657 1255 sed
695 1217 862 1255 rhetoris
901 1216 1056 1254 nomine
1096 1216 1281 1266 appellari
1309 1216 1465 1255 volebat

107 1319 287 1361 qestaleem
316 1320 364 1352 sie
394 1320 509 1352 warde
539 1320 594 1353 die
620 1321 821 1363 Geqensiltze
851 1321 909 1353 des
941 1320 1086 1353 Wissens
1110 1320 1183 1353 und
1205 1320 1263 1353 des
1287 1321 1323 1353 K
1325 1323 1464 1362 ὃππεηε,

109 1365 171 1397 der
201 1364 342 1398 Tkeorie
364 1365 437 1398 und
466 1365 527 1398 der
551 1365 700 1407 Praaeis,
724 1377 766 1398 zu
789 1367 882 1398 einer
906 1366 1045 1398 Eiwlceit
1068 1366 1279 1408 ausyleiclten
1308 1366 1382 1399 und
1403 1378 1465 1399 zur

110 1409 355 1443 lebemvollsten
382 1410 570 1453 Thatiqkeit
593 1411 803 1453 vereiniqen;
827 1411 874 1444 sie
898 1411 1012 1444 wiirde
1036 1411 1167 1444 endliclz
1191 1411 1258 1444 den
1284 1412 1464 1444 Meneclem

111 1455 165 1488 die
190 1455 504 1498 Grundbedinquny
527 1455 622 1488 ihrer
639 1455 895 1499 Glibckselz'ykeit
916 1456 990 1488 und
1012 1456 1066 1488 die
1086 1455 1200 1496 Quelle
1223 1456 1307 1489 aller
1327 1457 1466 1490 wahren

113 1500 219 1532 Gmer
246 1501 390 1533 werden.
438 1500 514 1533 Das
540 1499 678 1534 Suchen
706 1501 796 1534 nach
827 1502 937 1534 dieser
970 1501 1085 1534 Kunst
1115 1501 1216 1534 hildae
1243 1502 1299 1534 die
1333 1502 1464 1545 Haupt-

112 1545 259 1589 aufyabe
288 1545 346 1578 des
378 1546 519 1588 Dialoys
551 1546 626 1588 (des
658 1545 840 1589 Gor-qim),
874 1558 916 1579 zu
945 1547 1049 1579 deren
1080 1546 1219 1590 Les-unq
1250 1547 1315 1580 alle
1349 1545 1464 1580 Seiteoz

110 1590 278 1623 desselben
301 1591 471 1633 beitraqen
493 1591 566 1624 und
589 1592 644 1624 ein
666 1603 702 1624 80
716 1587 921 1634 iffortres'fliclz
936 1592 1175 1634 abyeruncletes
1194 1592 1327 1625 Ganzes
1340 1593 1464 1635 bilden,

110 1635 228 1669 dessen
251 1636 395 1669 eivnzelne
414 1636 538 1677 leeile,
554 1636 655 1678 jeder
676 1638 714 1669 in
738 1638 884 1670 audeo-er
908 1637 1021 1678 Weise,
1046 1637 1110 1670 alle
1136 1637 1303 1670 Momente
1325 1638 1382 1670 dee
1398 1638 1464 1671 Be-

109 1681 205 1723 9r3‘ff8
221 1680 323 1723 jener
346 1682 616 1723 umfasse‘ndsten
646 1682 730 1715 aller
755 1683 886 1715 Kit'nste
917 1683 954 1715 in
985 1683 1078 1715 einer
1101 1682 1209 1715 nicht-s
1238 1684 1383 1726 weniyer
1414 1684 1465 1716 als

109 1725 361 1769 qleichyziltiyen
384 1726 601 1770 Reihenfolqe
625 1727 833 1760 dua-stellenl'
867 1728 961 1760 Haec
984 1729 1091 1771 igitur
1114 1732 1166 1760 est
1187 1729 1254 1760 viri
1276 1729 1467 1761 acutissimi

113 1772 293 1812 sententia,
318 1782 421 1813 quam
444 1771 504 1805 ifle
528 1774 631 1805 etiam
655 1773 754 1805 docta
769 1773 967 1815 sollertique
992 1774 1224 1816 disputatione
1241 1774 1466 1807 callidissime

111 1817 154 1849 ad
178 1817 489 1850 verisimilitudinis
513 1819 662 1860 speciem
685 1819 876 1851 exornavit.
936 1819 1008 1851 Iam
1033 1829 1130 1859 vero,
1163 1819 1309 1851 aliorum
1333 1821 1464 1862 opinio-

114 1863 215 1894 nibus
240 1861 378 1895 silentio
407 1864 637 1904 transmissis,
669 1864 839 1906 reliquum
877 1867 946 1904 est,
985 1868 1023 1895 ut
1057 1865 1159 1896 etiam
1200 1864 1463 1896 Susemihlii

113 1908 279 1940 rationem
304 1908 540 1950 afferamus*).
588 1909 622 1940 Is
645 1920 726 1941 vero
760 1913 852 1941 totus
883 1909 954 1941 fere
987 1909 1174 1941 assentitur
1203 1910 1463 1950 Refflharto,

113 1953 213 1986 cuius
237 1953 320 1984 adeo
345 1952 460 1985 verbis
485 1954 694 1995 scrvatis**)
718 1953 847 1997 dialogi
877 1954 1073 1996 primariam
1098 1955 1303 1987 sententiam
1335 1956 1386 1987 ita
1410 1955 1465 1987 de-

113 1998 243 2030 clarat:
277 2020 300 2038 „
313 1997 383 2030 Wir
406 1998 540 2030 werden
569 1998 677 2030 daher
707 1999 898 2031 schwerlz'clz
910 1998 1050 2042 selden,
1081 2010 1178 2032 we‘mz
1207 2000 1270 2032 wir
1293 1999 1348 2033 die
1372 2000 1466 2032 Dar-

114 2042 256 2085 stellwny
279 2042 341 2075 der
365 2042 579 2085 Philosopkie
611 2044 661 2076 als
690 2044 751 2076 der
775 2043 898 2076 ethisclz
908 2043 1121 2086 -politisclzen
1146 2045 1377 2078 Lebenskumt
1397 2046 1467 2088 fiir

114 2088 179 2121 den
196 2087 412 2130 Mittelpunkt
433 2088 491 2121 des
518 2087 649 2121 Werkes
672 2088 857 2122 eri-lmen?
882 2090 1098 2131 Quamquam
1117 2094 1264 2122 ceterum
1290 2090 1330 2123 de
1353 2092 1466 2133 operis

115 2136 187 2165 arte
211 2137 246 2165 ct
267 2133 514 2176 compositione
538 2144 629 2167 nova
652 2134 819 2176 quaedam
843 2135 1001 2176 protulit,
1033 2146 1121 2177 quae
1144 2140 1279 2176 tamen,
1304 2137 1467 2178 quoniam

115 2189 159 2211 ex
182 2178 263 2210 libri
288 2179 434 2211 consilio
459 2183 549 2212 recte
573 2179 710 2212 demum
734 2181 906 2212 aestimari
930 2185 1082 2222 possent,
1106 2181 1141 2212 in
1165 2182 1338 2223 praesenti
1362 2182 1466 2214 silen-

116 2224 164 2256 tio
187 2223 450 2257 transmittenda
474 2224 688 2257 arbitramur.
735 2226 854 2267 Itaque
879 2231 999 2268 sponte
1030 2226 1097 2258 iam
1128 2226 1335 2269 intelligitur
1358 2228 1466 2259 maxi-

115 2278 206 2300 mam
231 2279 313 2300 sane
345 2269 439 2301 omni
467 2273 619 2312 tempore
648 2270 690 2303 de
715 2271 863 2313 Gorgiae
894 2270 1050 2303 consiliis
1082 2275 1116 2303 et
1145 2272 1335 2304 rationibus
1364 2273 1468 2304 exsti-

114 2313 198 2345 tisse
222 2314 423 2355 opinionum
444 2315 645 2347 varietatem
671 2319 773 2358 atque
797 2315 1061 2348 multitudinem.
1120 2317 1289 2349 Nimirum
1323 2328 1467 2350 caussae

116 2359 167 2391 rei
199 2359 309 2400 primo
339 2358 504 2402 adspectu
542 2361 626 2393 satis
655 2362 762 2394 mirae
790 2358 1034 2403 propemodum
1077 2366 1213 2404 apertae
1251 2366 1342 2395 sunt.
1396 2363 1470 2395 Alii

117 2404 209 2436 enim
250 2403 452 2437 arctioribus
491 2405 620 2438 finibus
661 2407 1004 2449 circumscripserunt
1040 2407 1237 2450 philosophi
1275 2408 1469 2449 eonsilium,

117 2459 223 2492 quum
247 2450 398 2492 patuerit
420 2450 527 2483 multo
550 2451 672 2491 latius;
709 2452 769 2483 aiii
799 2452 834 2484 in
859 2453 1066 2484 contrariam
1097 2453 1166 2485 fere
1200 2456 1328 2494 partem
1353 2463 1472 2496 pecca-

116 2497 207 2534 runt,
231 2498 265 2526 et
287 2504 376 2536 quae
399 2496 595 2528 accuratius
619 2495 814 2529 definienda
837 2501 950 2538 erant,
982 2498 1096 2529 minus
1119 2497 1258 2530 definite
1281 2502 1472 2541 posuerunt

118 2542 292 2581 totamque
323 2549 481 2572 caussam
511 2541 601 2573 iusto
631 2541 737 2575 latius
768 2542 1014 2583 extenderunt3
1046 2542 1107 2575 alii
1131 2542 1278 2585 denique
1303 2544 1406 2575 etiam
1431 2554 1471 2576 eo

117 2583 207 2626 lapsi
231 2588 326 2625 sunt,
360 2584 452 2626 quod
474 2585 613 2619 Platoni
646 2597 711 2619 sua
740 2587 961 2620 obtruserunt
991 2589 1149 2628 inventa,
1181 2588 1223 2620 de
1247 2589 1373 2630 quibus
1397 2590 1470 2631 ipse

118 2628 344 2672 philosophus
377 2641 421 2662 ne
445 2631 634 2664 somniasse
667 2632 803 2674 quidem
836 2633 981 2666 videtur.
1041 2633 1258 2675 Quamquam
1291 2634 1390 2666 nulla
1421 2637 1474 2666 est

117 2675 209 2719 inter
230 2675 316 2707 istas
340 2675 532 2718 opiniones,
558 2687 646 2719 quae
669 2688 739 2710 non
762 2678 893 2720 aliquid
917 2678 991 2710 veri
1016 2679 1203 2711 contineat.

155 2756 247 2822 :gt—fi)
255 2759 361 2818 Ηξέιιιιὲ
377 2734 453 2785 eius:
473 2759 525 2785 Die
536 2760 692 2792 ymetische
700 2761 916 2794 Entwickelunq
930 2762 982 2788 der
994 2762 1103 2788 Platon.
1124 2762 1229 2788 Philas.
1240 2762 1271 2788 Τ.
1281 2762 1302 2788 Ι.
1312 2769 1338 2794 p.
1348 2762 1476 2787 91—113.

248 2810 254 2817 .
329 2800 343 2818 s
362 2800 388 2825 q.

1169 2827 1191 2864 3
1199 2829 1218 2850 23
