1702 2924
4 2669 42 2924 ι

459 199 704 239 GORGIAS.

155 310 315 359 λάττης
357 309 409 351 οὐ
446 309 769 363 χρηματιστικῆς

733 200 776 237 P.
809 199 902 238 477.
934 199 1028 237 478.
1058 199 1118 238 ed.
1150 199 1207 237 St.

828 309 970 349 1152A.
1025 308 1126 349 Ναί.

1430 201 1503 236 181

1195 308 1292 348 252.
1355 308 1428 356 Τίς
1466 305 1511 348 δὲ

155 376 312 425 νόσους
343 375 423 416 οὐκ
452 375 642 428 ἰατρικῆς
684 375 828 415 II52A.
858 374 1061 426 ’Λνοὲγκη.
1119 372 1336 436 252.-Tc&
1363 370 1408 413 δὲ
1437 387 1509 413 πο-

153 441 304 495 νηρίας
331 439 403 482 καὶ
429 439 614 488 ἀδικίας;
654 439 712 480 Εἰ
738 437 797 493 μὴ
826 438 963 487 οὕτως
992 438 1199 490 εὐπορεῐς,
1230 437 1312 479 dade
1340 437 1507 478 σκόπει·

155 509 234 547 ποῖ
257 507 419 559 ἄγομεν
446 503 516 547 καὶ
543 504 659 557 παρὰ
686 504 806 553 τίνας
832 503 934 552 τοὺς
962 503 1207 557 κάμνοντας
1233 502 1285 544 τὰ
1314 504 1510 556 σώματας

157 572 300 612 ΠῼΛ.
332 569 461 622 Παρὰ
488 569 590 619 τοὺς
618 569 805 622 ἰατρούς,
847 563 881 610 ὦ
910 564 1152 622 Σώκρατες.

1210 570 1307 610 252.
1350 570 1442 610 Ποῖ
1468 566 1513 609 δὲ

154 636 255 685 τοὺς
275 636 531 683 ἀδικοῦντας
552 634 623 677 καὶ
644 634 746 683 τοὺς
766 634 1174 683 ἀκολασταίνοντας,·
1206 635 1349 675 H52A.
1382 632 1513 685 Παρὰ

152 700 253 749 τοὺς
291 700 491 750 δικαστὰς
528 697 672 754 λέγεις.

158 768 301 808 ΠΩΛ.
348 766 474 820 Φημί.

740 701 838 742 252.
892 700 1069 742 Οὐκοῦν
1106 699 1231 753 δίκην
1270 695 1511 748 δώσονταςς

530 767 630 807 252.
671 757 766 819 ῗΑρ’
806 761 888 807 οὖν
926 762 980 806 οὐ
1007 765 1260 818 δικαιοσύνῃ
1289 763 1373 806 τινὶ
1400 765 1511 818 χρώ-

154 845 276 885 μενοι
312 832 569 883 κολάζουσιν
605 830 648 872 οἷ
680 831 825 882 ὀρθῶς
852 832 1124 882 κολάζοντες;
1177 831 1319 871 ΠΩΛ.
1363 832 1514 883 Δῆλον

155 898 219 952 δή.
287 898 385 938 252.
436 894 750 951 Χρηματιστικὴ
794 896 873 950 μὲν
918 898 1003 949 ἄρα
1049 896 1198 945 πενίας
1245 895 1513 942 ἀπαλλάττει,

156 961 321 1016 ἰατρικὴ
345 961 390 1004 δὲ
410 962 561 1014 νόσου,
589 962 685 1016 δίκη
713 961 758 1003 δὲ
786 962 1018 1011 ἀκολασίας
1046 960 1117 1003 καὶ
1145 960 1323 1009 ἀδικίας.

438 1029 536 1069 252.
591 1028 642 1068 Τί
679 1023 760 1070 οὖν
797 1028 965 1069 τούτων
1004 1026 1230 1068 κάλλιστόν
1269 1024 1407 1075 ἐστιν,
1450 1025 1513 1066 ὡν

160 1029 374 1069 Φαίνεται.

1370 961 1512 1024 ΠΩᾼ.

157 1092 286 1147 λέγοις
327 1094 467 1135 II52A.
507 1093 649 1135 Τίνων
676 1091 830 1146 liras-3
870 1094 968 1134 252.
1002 1095 1355 1146 Χρηματιστικῆς,
1385 1090 1512 1144 ἰατρι-

204 1218 242 1250 P.
266 1215 342 1250 478.
390 1218 429 1249 Β.
484 1217 532 1250 Τί
553 1211 634 1248 οὖι
661 1213 828 1248 τούτων
853 1214 1088 1248 κάλλιστόν
1112 1213 1251 1253 ἐστιν,
1276 1209 1335 1246 ὦν
1359 1212 1513 1257 λέγω;]

158 1257 227 1295 οὖν
252 1273 318 1295 οιιι.
342 1262 459 1295 Clark.
482 1266 516 1294 et
539 1262 616 1294 Vat.
642 1261 735 1294 Flor.
759 1272 793 1293 x.
818 1261 913 1293 Stob.
961 1261 1052 1293 Dein
1076 1259 1158 1293 libri
1182 1254 1235 1292 ὦν
1259 1258 1382 1303 λέγεις,

158 1311 198 1340 ut
219 1307 372 1340 absurda

159 1354 365 1385 stinxerunt.

161 1398 309 1431 bendum
344 1399 489 1440 putabat
520 1391 548 1430 ὦ
580 1396 688 1430 Πῶλε.

1421 1258 1513 1301 quod

428 1307 530 1339 uncis
555 1306 698 1339 seclusit
711 1307 911 1347 Hermann.
937 1306 1118 1338 Bekkerus
1141 1305 1270 1347 aliique
1293 1315 1433 1347 prorsus
1458 1315 1515 1337 ex-

438 1352 480 1384 ed
503 1352 601 1384 Bodl.
624 1352 766 1384 Routhii
797 1352 903 1384 habet
926 1363 953 1384 ω
978 1351 1082 1395 λέγω,
1114 1350 1205 1384 unde
1229 1350 1410 1383 Heindorf.
1435 1350 1516 1382 scri-

753 1397 820 1429 Sed
853 1407 935 1429 vere
966 1396 1164 1429 Findeisen.
1195 1390 1247 1429 ὦν
1278 1394 1380 1438 λέγω,
1424 1395 1515 1437 quod

160 1443 310 1486 postulat
333 1454 480 1485 sequens
503 1443 582 1475 Poli
604 1443 844 1485 interrogatio:
877 1443 919 1475 T
905 1454 994 1474 ιιων
1017 1441 1144 1485 Lirem:
1168 1442 1367 1474 Proximum
1396 1440 1516 1473 Τίνων

161 1488 267 1530 λέγεις
276 1501 288 1527 ;
312 1489 407 1522 deest
429 1489 466 1520 in
490 1488 592 1520 vind.
615 1487 647 1521 6.
682 1489 759 1520 Par.
786 1488 866 1520 [W.

159 1601 313 1634 omnium
360 1601 562 1634 auctoritate
601 1599 801 1632 reduximus

159 1658 220 1690 pro
243 1646 338 1689 vulg.
363 1650 482 1684 τοῦτο,
514 1646 642 1678 referas
666 1645 710 1678 ad
734 1648 802 1677 τῶν

162 1695 352 1734 πονηριῶν.
400 1691 455 1724 Ad
484 1691 555 1724 loci
578 1691 803 1724 constructio-

159 1748 238 1769 nem
273 1737 360 1769 conf.
383 1747 417 1779 p.
440 1735 518 1770 475.
541 1737 581 1769 B.
615 1755 659 1760 —
696 1737 803 1768 Porro

159 1780 340 1823 ἀμφότερα
373 1781 532 1815 absolute
562 1782 711 1824 positum
742 1792 803 1824 pro

160 1826 388 1869 ἀμφοτέροις,
425 1838 492 1869 quo
524 1837 592 1859 usu
620 1826 710 1859 nihil
739 1827 804 1859 fre-

160 1873 333 1916 quamius,
362 1876 401 1905 ut
422 1872 584 1916 miremur
606 1872 806 1904 Hirschi-

160 1920 275 1962 gium
306 1918 474 1951 arbitratu
503 1927 565 1950 suo
594 1914 805 1958 ἀμφοτέροις

163 1963 302 1996 Platoni
324 1963 523 1995 obtrusisse.
559 1962 690 1995 Verum
713 1961 805 1995 idem

161 2014 269 2042 totum
285 2008 400 2040 locum
417 2008 465 2040 ita
489 2007 682 2040 mutilavit:
715 2005 805 2041 Οὐκ-

163 2058 230 2087 οῦι
242 2051 349 2108 ἦτοι
374 2053 452 2095 (sic)
483 2050 714 2094 α’νιαρότατόι
736 2051 806 2086 ἐστι

164 2101 219 2132 καὶ
228 2097 275 2155 1αἰ
278 2101 312 2142 ίᾳ
321 2095 543 2141 ὑπερβάλλον
552 2096 683 2130 ἐστὶν*
663 2111 682 2141 η
691 2097 805 2141 βλάβῃ

165 2143 185 2189 ἢ
216 2142 444 2185 ἀμφοτέροις,·
470 2143 540 2175 vid.
571 2143 806 2177 Heindorf.

164 2190 207 2223 ad
224 2189 397 2223 Charmid.
404 2190 443 2245 ’5'
459 2188 491 2222 2.
538 2190 592 2222 De
615 2189 806 2224 interiectis

165 2234 291 2275 verbis,
314 2235 370 2267 καὶ
390 2231 437 2267 ἀν
441 2236 532 2277 ι’ᾳ-
550 2233 683 2267 τούτων
700 2233 806 2277 ἐστίν,

164 2290 303 2324 prorsus
346 2268 465 2312 eodeni
500 2279 602 2312 modo
636 2290 740 2322 supra
774 2291 807 2323 p.

163 2325 241 2360 475.
266 2326 311 2357 B:
354 2321 425 2380 ἦτοι
460 2322 702 2366 λυπηρότερόν
737 2324 808 2358 ἐστι

164 2372 220 2404 καὶ
245 2368 333 2412 λύπῃ
360 2367 581 2424 ὑπερβάλλον
603 2370 740 2412 αἴσχιον
763 2369 808 2403 ἂν

165 2417 221 2459 εἴη
245 2414 265 2459 ἢ
290 2418 383 2459 κακῷ
407 2413 427 2458 ἢ
451 2411 676 2456 ἀμφοτέροις.

209 2501 289 2546 'Ap’
343 2499 427 2538 οὖν
484 2501 810 2561 α’λγεινότερόν

171 2550 282 2605 ἐστι]
329 2551 373 2583 H.
407 2560 436 2582 e.
473 2550 579 2591 μείζω
614 2547 721 2583 ἀνίαν
752 2552 808 2584 καὶ

170 2594 210 2629 21¹
204 2607 284 2639 πην
307 2594 494 2638 παρέχεται.

221 2684 308 2720 Οὐκ
345 2687 490 2729 ἔμοιγε
531 2705 566 2712 -
600 2682 685 2718 ἀπὸ
723 2685 810 2720 τού-

174 2743 258 2764 των
280 2730 344 2775 γε]
369 2732 461 2764 Non
480 2731 588 2764 mihi
608 2731 673 2764 sic
697 2731 811 2764 vide-

870 1603 939 1631 tur
977 1610 1027 1631 ex
1064 1599 1135 1631 his
1171 1598 1365 1640 quidem,
1408 1608 1517 1640 quae

871 1644 1104 1688 disputata
1151 1648 1262 1676 sunt.
1330 1644 1392 1676 Lu
1405 1643 1517 1676 aian.

873 1690 1076 1746 Hermotim
1102 1690 1131 1729 ξ.
1156 1687 1212 1722 47.
1235 1699 1268 1731 p.
1293 1687 1377 1721 788.
1369 1700 1377 1707 ·
1408 1688 1520 1720 ἔοικεν

873 1733 945 1767 ἀπό
956 1747 996 1778 γε
1012 1733 1155 1772 τούτων,
1174 1745 1275 1776 quem
1288 1733 1404 1766 locum
1418 1734 1519 1766 iuxta

874 1791 954 1813 cum
970 1780 1049 1814 aliis
1062 1779 1276 1822 comparavit
1290 1779 1323 1810 H
1335 1790 1354 1811 e
1362 1780 1374 1810 i
1382 1789 1404 1810 ιι
1414 1778 1435 1810 d
1444 1790 1464 1811 o
1472 1778 1518 1832 tf:

874 1826 1043 1858 Addimus
1067 1824 1213 1857 Phaedr.
1237 1835 1271 1866 p.
1284 1822 1360 1857 230.
1379 1824 1423 1856 Β.
1450 1821 1518 1856 ἀπὸ

875 1875 945 1903 τῶι
959 1874 1078 1926 κορῶν
1098 1881 1131 1902 τε
1147 1871 1203 1902 καὶ
1223 1867 1428 1912 ἀγαλμάτων
1452 1869 1519 1901 ἔοι·

875 1928 936 1948 κεν
954 1911 1046 1948 εἶναι
1063 1913 1174 1955 ἱερόν.
1194 1914 1314 1958 Lysid.
1327 1925 1359 1956 p.
1372 1913 1449 1947 ⁶204.
1464 1914 1520 1954 D.,

875 1962 937 1994 ubi
952 1964 1004 1994 est
1020 1958 1089 1993 ἀπὸ
1108 1959 1231 1993 τούτου
1248 1958 1457 2003 γιγνώσκεσι
1446 1960 1518 1991 θαι.

875 2009 928 2040 De
942 2006 1110 2062 proximis
1130 2006 1220 2039 conf.
1236 2005 1368 2047 Cratyl.
1390 2015 1423 2047 p.
1441 2003 1520 2037 395.

876 2054 921 2084 B:
948 2050 968 2095 ἡ
984 2049 1073 2093 ὑπὲρ
1090 2055 1147 2094 τῆς
1163 2051 1326 2106 κεφαλῆς
1333 2053 1394 2082 τοῦ
1412 2051 1519 2082 λίθοι

878 2110 938 2130 zar
930 2098 1055 2130 ταλειά
1085 2094 1272 2139 θαυμαστὴ
1299 2093 1347 2130 ὥς
1373 2093 1519 2136 σύμφω-

880 2154 938 2177 νος
970 2146 1015 2186 τῷ
1040 2140 1192 2181 ὀνόματι.
1239 2141 1383 2183 Colligit
1405 2145 1520 2173 autem

876 2200 920 2221 ex
945 2199 997 2229 eo,
1026 2187 1118 2230 quod
1142 2187 1249 2219 animi
1272 2187 1427 2229 pravitas
1450 2197 1521 2218 non

875 2233 955 2277 plus
979 2233 1085 2266 dolo
1098 2233 1158 2265 ris
1181 2232 1308 2265 habeat
1324 2241 1427 2273 qnam
1452 2231 1522 2263 alia

876 2279 968 2311 mala
979 2304 987 2319 ‚
1039 2279 1243 2310 immensum
1300 2287 1374 2309 esse
1420 2280 1523 2319 atque

876 2334 1018 2367 prorsus
1043 2323 1219 2366 singulare
1243 2322 1265 2354 d
1275 2333 1295 2354 a
1303 2333 1337 2354 m
1345 2333 1368 2354 ιι
1376 2332 1400 2354 u
1409 2332 1442 2354 m
1476 2332 1497 2354 a
1505 2331 1523 2354 c

877 2369 1191 2402 detrimentum
1203 2393 1211 2407 ‚
1230 2367 1321 2410 quod
1335 2377 1375 2400 ea
1388 2367 1522 2407 afferat,

878 2413 1157 2457 quandoquidem
1173 2413 1240 2445 hoo
1254 2423 1324 2445 uno
1342 2411 1524 2452 efficiatur,

877 2464 917 2492 ut
947 2459 1101 2491 omnium
1133 2458 1301 2490 malorum
1324 2457 1429 2501 longe
1453 2462 1523 2490 tur-

877 2505 1058 2560 pissimum
1091 2503 1252 2536 habenda
1281 2503 1448 2536 videatur.
1481 2522 1521 2527 —

881 2547 901 2583 ὑ
910 2561 959 2582 πε
972 2561 990 2591 ρ
1002 2548 1224 2591 βάλλουσα
1242 2560 1286 2581 τα
1276 2543 1386 2586 λλα,
1412 2547 1523 2580 intell.

878 2599 994 2628 cetera
1006 2594 1107 2635 mala,
1124 2604 1268 2636 quorum
1280 2598 1383 2627 antea
1395 2593 1525 2626 mentio

879 2642 973 2673 facta
1013 2643 1073 2672 est.
1106 2639 1183 2673 ,Ad
1217 2650 1274 2671 vv.
1308 2635 1428 2680 ἐπειδὴ
1459 2635 1525 2670 οὐκ

881 2683 1047 2730 ἀλγηδόνι
1083 2696 1121 2728 γε
1157 2696 1175 2716 e
1206 2685 1440 2727 superioribus
1474 2683 1524 2715 in-

879 2731 1020 2774 telligas
1046 2727 1265 2772 ὑπερβάλλει.

1541 440 1624 481 478
