<?xml version="1.0" encoding="UTF-8"?>
<!DOCTYPE html PUBLIC "-//W3C//DTD XHTML 1.0 Transitional//EN"
    "http://www.w3.org/TR/xhtml1/DTD/xhtml1-transitional.dtd">
<html xmlns="http://www.w3.org/1999/xhtml" xml:lang="en" lang="en">
 <head>
  <title>
</title>
<meta http-equiv="Content-Type" content="text/html;charset=utf-8" />
  <meta name='ocr-system' content='tesseract 3.04.00' />
  <meta name='ocr-capabilities' content='ocr_page ocr_carea ocr_par ocr_line ocrx_word'/>
</head>
<body>
  <div class='ocr_page' id='page_1' title='image "./operaomniarecens02platuoft_0253.png"; bbox 0 0 1690 2892; ppageno 0'>
   <div class='ocr_carea' id='block_1_1' title="bbox 446 183 1499 224">
    <p class='ocr_par' dir='ltr' id='par_1_1' title="bbox 446 183 1499 224">
     <span class='ocr_line' id='line_1_1' title="bbox 446 183 1499 224; baseline 0.001 -1"><span class='ocrx_word' id='word_1_1' title='bbox 446 183 692 223; x_wconf 83' lang='lat' dir='ltr'><strong>GORGIAS.</strong></span> <span class='ocrx_word' id='word_1_2' title='bbox 719 184 764 222; x_wconf 90' lang='lat' dir='ltr'><strong>P.</strong></span> <span class='ocrx_word' id='word_1_3' title='bbox 795 187 890 223; x_wconf 84' lang='lat'><strong>496.</strong></span> <span class='ocrx_word' id='word_1_4' title='bbox 920 185 1015 224; x_wconf 83' lang='lat'><strong>497.</strong></span> <span class='ocrx_word' id='word_1_5' title='bbox 1045 186 1105 224; x_wconf 88' lang='lat' dir='ltr'><strong>ed.</strong></span> <span class='ocrx_word' id='word_1_6' title='bbox 1137 186 1194 224; x_wconf 86' lang='lat' dir='ltr'><strong>St.</strong></span> <span class='ocrx_word' id='word_1_7' title='bbox 1420 186 1499 224; x_wconf 83' lang='lat'><strong>247</strong></span> 
     </span>
    </p>
   </div>
   <div class='ocr_carea' id='block_1_2' title="bbox 144 287 1611 1070">
    <p class='ocr_par' dir='ltr' id='par_1_2' title="bbox 144 287 1611 1070">
     <span class='ocr_line' id='line_1_2' title="bbox 148 287 1501 349; baseline 0.001 -14"><span class='ocrx_word' id='word_1_8' title='bbox 148 290 230 336; x_wconf 80' lang='grc' dir='ltr'><strong>οὖν</strong></span> <span class='ocrx_word' id='word_1_9' title='bbox 266 296 316 335; x_wconf 82' lang='grc' dir='ltr'><strong>τὸ</strong></span> <span class='ocrx_word' id='word_1_10' title='bbox 355 294 621 348; x_wconf 79' lang='grc' dir='ltr'><strong><em>συμβαῖνον,</em></strong></span> <span class='ocrx_word' id='word_1_11' title='bbox 659 287 724 335; x_wconf 54' lang='lat' dir='ltr'><strong>&lt;Tu</strong></span> <span class='ocrx_word' id='word_1_12' title='bbox 749 294 1025 347; x_wconf 84' lang='grc' dir='ltr'><strong><em>λυπούμενον</em></strong></span> <span class='ocrx_word' id='word_1_13' title='bbox 1052 295 1213 349; x_wconf 79' lang='grc' dir='ltr'><strong><em>χαίρειν</em></strong></span> <span class='ocrx_word' id='word_1_14' title='bbox 1238 294 1372 348; x_wconf 70' lang='grc' dir='ltr'><strong><em>λέγεις</em></strong></span> <span class='ocrx_word' id='word_1_15' title='bbox 1398 294 1501 348; x_wconf 81' lang='grc' dir='ltr'><strong><em>ἅμα,</em></strong></span> 
     </span>
     <span class='ocr_line' id='line_1_3' title="bbox 146 358 1501 414; baseline 0.001 -13"><span class='ocrx_word' id='word_1_16' title='bbox 146 359 251 401; x_wconf 82' lang='grc' dir='ltr'><strong><em>ὅταν</em></strong></span> <span class='ocrx_word' id='word_1_17' title='bbox 289 359 482 409; x_wconf 78' lang='grc' dir='ltr'><strong><em>διψῶντα</em></strong></span> <span class='ocrx_word' id='word_1_18' title='bbox 517 359 657 401; x_wconf 84' lang='grc' dir='ltr'><strong><em>πίνειν</em></strong></span> <span class='ocrx_word' id='word_1_19' title='bbox 683 358 836 413; x_wconf 68' lang='grc' dir='ltr'><em>λέγῃςς</em></span> <span class='ocrx_word' id='word_1_20' title='bbox 875 359 902 412; x_wconf 88' lang='grc' dir='ltr'>ἢ</span> <span class='ocrx_word' id='word_1_21' title='bbox 932 361 1010 414; x_wconf 83' lang='grc' dir='ltr'><strong>οὐχ</strong></span> <span class='ocrx_word' id='word_1_22' title='bbox 1038 360 1127 414; x_wconf 84' lang='grc' dir='ltr'><strong>ἅμα</strong></span> <span class='ocrx_word' id='word_1_23' title='bbox 1155 366 1282 402; x_wconf 82' lang='grc' dir='ltr'><strong><em>τοῦτο</em></strong></span> <span class='ocrx_word' id='word_1_24' title='bbox 1311 361 1501 414; x_wconf 75' lang='grc' dir='ltr'><strong><em>γίγνεται</em></strong></span> 
     </span>
     <span class='ocr_line' id='line_1_4' title="bbox 147 423 1499 480; baseline 0 -13"><span class='ocrx_word' id='word_1_25' title='bbox 147 427 255 467; x_wconf 83' lang='grc' dir='ltr'><strong><em>κατὰ</em></strong></span> <span class='ocrx_word' id='word_1_26' title='bbox 293 427 371 468; x_wconf 88' lang='grc' dir='ltr'><strong>τὸν</strong></span> <span class='ocrx_word' id='word_1_27' title='bbox 405 425 539 467; x_wconf 81' lang='grc' dir='ltr'><strong><em>αὐτὸν</em></strong></span> <span class='ocrx_word' id='word_1_28' title='bbox 573 425 709 466; x_wconf 86' lang='grc' dir='ltr'><strong><em>τόπον</em></strong></span> <span class='ocrx_word' id='word_1_29' title='bbox 742 423 812 466; x_wconf 83' lang='grc' dir='ltr'><strong>καὶ</strong></span> <span class='ocrx_word' id='word_1_30' title='bbox 851 426 1013 478; x_wconf 83' lang='grc' dir='ltr'><strong><em>χρόνον</em></strong></span> <span class='ocrx_word' id='word_1_31' title='bbox 1041 426 1121 467; x_wconf 82' lang='grc' dir='ltr'><strong><em>εἴτε</em></strong></span> <span class='ocrx_word' id='word_1_32' title='bbox 1149 431 1288 480; x_wconf 79' lang='grc' dir='ltr'><strong><em>ψυχῆς</em></strong></span> <span class='ocrx_word' id='word_1_33' title='bbox 1314 425 1395 467; x_wconf 81' lang='grc' dir='ltr'><strong><em>εἴτε</em></strong></span> <span class='ocrx_word' id='word_1_34' title='bbox 1422 427 1499 467; x_wconf 84' lang='grc' dir='ltr'><strong>σώ-</strong></span> 
     </span>
     <span class='ocr_line' id='line_1_5' title="bbox 147 486 1499 545; baseline 0.001 -14"><span class='ocrx_word' id='word_1_35' title='bbox 147 506 278 545; x_wconf 81' lang='grc' dir='ltr'><strong><em>ματος</em></strong></span> <span class='ocrx_word' id='word_1_36' title='bbox 314 491 486 543; x_wconf 82' lang='grc' dir='ltr'><strong><em>βούλει,·</em></strong></span> <span class='ocrx_word' id='word_1_37' title='bbox 523 489 653 533; x_wconf 80' lang='grc' dir='ltr'><strong><em>οὐδὲν</em></strong></span> <span class='ocrx_word' id='word_1_38' title='bbox 677 491 783 545; x_wconf 80' lang='grc' dir='ltr'><strong><em>γάρ,</em></strong></span> <span class='ocrx_word' id='word_1_39' title='bbox 823 486 967 544; x_wconf 82' lang='grc' dir='ltr'><strong><em>οἶμαι,</em></strong></span> <span class='ocrx_word' id='word_1_40' title='bbox 1005 490 1209 545; x_wconf 73' lang='grc' dir='ltr'><strong><em>διαφέρει.</em></strong></span> <span class='ocrx_word' id='word_1_41' title='bbox 1239 489 1326 533; x_wconf 78' lang='grc' dir='ltr'><strong><em>ἔστι</em></strong></span> <span class='ocrx_word' id='word_1_42' title='bbox 1351 498 1499 542; x_wconf 75' lang='grc' dir='ltr'><strong><em>ταῦτα,</em></strong></span> 
     </span>
     <span class='ocr_line' id='line_1_6' title="bbox 146 551 1501 611; baseline 0 -13"><span class='ocrx_word' id='word_1_43' title='bbox 146 556 174 611; x_wconf 83' lang='grc' dir='ltr'>ἢ</span> <span class='ocrx_word' id='word_1_44' title='bbox 202 559 276 607; x_wconf 70' lang='grc' dir='ltr'><strong>οὕς</strong></span> <span class='ocrx_word' id='word_1_45' title='bbox 317 558 454 598; x_wconf 88' lang='grc' dir='ltr'><em>ΚΑΛ.</em></span> <span class='ocrx_word' id='word_1_46' title='bbox 472 551 640 598; x_wconf 83' lang='grc' dir='ltr'><strong><em>”.Εστιν.</em></strong></span> <span class='ocrx_word' id='word_1_47' title='bbox 695 557 799 598; x_wconf 76' lang='grc' dir='ltr'><strong>ΣΩ.</strong></span> <span class='ocrx_word' id='word_1_48' title='bbox 833 552 968 598; x_wconf 80' lang='grc' dir='ltr'><strong>Ἀλλὰ</strong></span> <span class='ocrx_word' id='word_1_49' title='bbox 995 555 1082 610; x_wconf 86' lang='grc' dir='ltr'><strong>μὴν</strong></span> <span class='ocrx_word' id='word_1_50' title='bbox 1110 552 1157 598; x_wconf 84' lang='grc' dir='ltr'><strong>εὗ</strong></span> <span class='ocrx_word' id='word_1_51' title='bbox 1185 571 1232 610; x_wconf 75' lang='grc' dir='ltr'><strong>γε</strong></span> <span class='ocrx_word' id='word_1_52' title='bbox 1259 557 1501 610; x_wconf 77' lang='grc' dir='ltr'><strong><em>πράττοντα</em></strong></span> 
     </span>
     <span class='ocr_line' id='line_1_7' title="bbox 146 617 1497 676; baseline -0.001 -12"><span class='ocrx_word' id='word_1_53' title='bbox 146 624 289 671; x_wconf 77' lang='grc' dir='ltr'><strong><em>κακῶς</em></strong></span> <span class='ocrx_word' id='word_1_54' title='bbox 306 623 507 676; x_wconf 78' lang='grc' dir='ltr'><strong><em>πράττειν</em></strong></span> <span class='ocrx_word' id='word_1_55' title='bbox 533 621 622 676; x_wconf 78' lang='grc' dir='ltr'><strong>ἅμα</strong></span> <span class='ocrx_word' id='word_1_56' title='bbox 648 621 868 663; x_wconf 77' lang='grc' dir='ltr'><strong><em>ἀδύνατον</em></strong></span> <span class='ocrx_word' id='word_1_57' title='bbox 896 619 1004 675; x_wconf 78' lang='grc' dir='ltr'><strong><em>ἔφης</em></strong></span> <span class='ocrx_word' id='word_1_58' title='bbox 1031 617 1155 663; x_wconf 85' lang='grc' dir='ltr'><strong><em>εἶναι.</em></strong></span> <span class='ocrx_word' id='word_1_59' title='bbox 1214 624 1352 663; x_wconf 88' lang='grc' dir='ltr'><em>ΚΑΛ.</em></span> <span class='ocrx_word' id='word_1_60' title='bbox 1384 622 1497 676; x_wconf 85' lang='grc' dir='ltr'><strong><em>Φημὶ</em></strong></span> 
     </span>
     <span class='ocr_line' id='line_1_8' title="bbox 145 683 1611 742; baseline 0.001 -12"><span class='ocrx_word' id='word_1_61' title='bbox 145 689 240 742; x_wconf 79' lang='grc' dir='ltr'><strong><em>γάρ.</em></strong></span> <span class='ocrx_word' id='word_1_62' title='bbox 306 689 410 730; x_wconf 73' lang='grc' dir='ltr'><strong>Σῼ.</strong></span> <span class='ocrx_word' id='word_1_63' title='bbox 452 683 710 742; x_wconf 85' lang='grc' dir='ltr'><strong><em>’Λνιώμενον</em></strong></span> <span class='ocrx_word' id='word_1_64' title='bbox 755 686 802 729; x_wconf 81' lang='grc' dir='ltr'><strong>δέ</strong></span> <span class='ocrx_word' id='word_1_65' title='bbox 846 702 894 741; x_wconf 80' lang='grc' dir='ltr'><strong>γε</strong></span> <span class='ocrx_word' id='word_1_66' title='bbox 938 687 1101 742; x_wconf 76' lang='grc' dir='ltr'><strong><em>χαίρειν</em></strong></span> <span class='ocrx_word' id='word_1_67' title='bbox 1150 688 1341 730; x_wconf 87' lang='grc' dir='ltr'><strong><em>δυνατὸν</em></strong></span> <span class='ocrx_word' id='word_1_68' title='bbox 1390 689 1499 742; x_wconf 79' lang='grc' dir='ltr'><strong><em>ὡμο-</em></strong></span> <span class='ocrx_word' id='word_1_69' title='bbox 1528 690 1611 732; x_wconf 85' lang='grc'><strong>497</strong></span> 
     </span>
     <span class='ocr_line' id='line_1_9' title="bbox 145 753 1501 810; baseline -0.001 -14"><span class='ocrx_word' id='word_1_70' title='bbox 145 756 342 810; x_wconf 80' lang='grc' dir='ltr'><strong><em>λόγηκας.</em></strong></span> <span class='ocrx_word' id='word_1_71' title='bbox 400 754 541 795; x_wconf 86' lang='grc' dir='ltr'><em>ΚΑΛ.</em></span> <span class='ocrx_word' id='word_1_72' title='bbox 581 753 797 795; x_wconf 85' lang='grc' dir='ltr'><strong><em>Φαίνεται.</em></strong></span> <span class='ocrx_word' id='word_1_73' title='bbox 854 755 959 800; x_wconf 72' lang='grc' dir='ltr'><strong>ΣΩ,</strong></span> <span class='ocrx_word' id='word_1_74' title='bbox 1005 754 1097 796; x_wconf 81' lang='grc' dir='ltr'><strong>Οὐκ</strong></span> <span class='ocrx_word' id='word_1_75' title='bbox 1133 756 1218 807; x_wconf 83' lang='grc' dir='ltr'><strong>ἄρα</strong></span> <span class='ocrx_word' id='word_1_76' title='bbox 1252 755 1300 796; x_wconf 80' lang='grc' dir='ltr'><strong>τὸ</strong></span> <span class='ocrx_word' id='word_1_77' title='bbox 1339 755 1501 808; x_wconf 83' lang='grc' dir='ltr'><strong><em>χαίρειν</em></strong></span> 
     </span>
     <span class='ocr_line' id='line_1_10' title="bbox 146 816 1499 874; baseline 0 -12"><span class='ocrx_word' id='word_1_78' title='bbox 146 820 260 862; x_wconf 81' lang='grc' dir='ltr'><strong><em>ἐστὶν</em></strong></span> <span class='ocrx_word' id='word_1_79' title='bbox 287 816 335 862; x_wconf 83' lang='grc' dir='ltr'><strong>εὖ</strong></span> <span class='ocrx_word' id='word_1_80' title='bbox 362 819 573 872; x_wconf 72' lang='grc' dir='ltr'><strong><em>πράττειν,</em></strong></span> <span class='ocrx_word' id='word_1_81' title='bbox 602 817 703 860; x_wconf 80' lang='grc' dir='ltr'><strong><em>οὐδὲ</em></strong></span> <span class='ocrx_word' id='word_1_82' title='bbox 729 818 778 860; x_wconf 84' lang='grc' dir='ltr'><strong>τὸ</strong></span> <span class='ocrx_word' id='word_1_83' title='bbox 806 819 1012 861; x_wconf 75' lang='grc' dir='ltr'><strong><em>ἀνιᾶσθαι</em></strong></span> <span class='ocrx_word' id='word_1_84' title='bbox 1039 822 1194 869; x_wconf 80' lang='grc' dir='ltr'><strong><em>κακῶς,</em></strong></span> <span class='ocrx_word' id='word_1_85' title='bbox 1224 818 1326 868; x_wconf 81' lang='grc' dir='ltr'><strong><em>ὥςτε</em></strong></span> <span class='ocrx_word' id='word_1_86' title='bbox 1354 818 1499 874; x_wconf 78' lang='grc' dir='ltr'><strong><em>ἕτερον</em></strong></span> 
     </span>
     <span class='ocr_line' id='line_1_11' title="bbox 144 881 1499 939; baseline 0.001 -13"><span class='ocrx_word' id='word_1_87' title='bbox 144 886 333 939; x_wconf 79' lang='grc' dir='ltr'><strong><em>γίγνεται</em></strong></span> <span class='ocrx_word' id='word_1_88' title='bbox 368 883 417 927; x_wconf 84' lang='grc' dir='ltr'><strong>τὸ</strong></span> <span class='ocrx_word' id='word_1_89' title='bbox 457 883 542 938; x_wconf 80' lang='grc' dir='ltr'><strong>ἡδὺ</strong></span> <span class='ocrx_word' id='word_1_90' title='bbox 579 891 659 926; x_wconf 82' lang='grc' dir='ltr'><strong>τοῦ</strong></span> <span class='ocrx_word' id='word_1_91' title='bbox 695 884 880 938; x_wconf 78' lang='grc' dir='ltr'><strong><em>ἀγαθοῦ.</em></strong></span> <span class='ocrx_word' id='word_1_92' title='bbox 951 886 1088 926; x_wconf 88' lang='grc' dir='ltr'><em>ΚΑΛ.</em></span> <span class='ocrx_word' id='word_1_93' title='bbox 1141 885 1232 926; x_wconf 81' lang='grc' dir='ltr'><strong>Οὐκ</strong></span> <span class='ocrx_word' id='word_1_94' title='bbox 1271 881 1355 927; x_wconf 82' lang='grc' dir='ltr'><strong><em>οἶδ’</em></strong></span> <span class='ocrx_word' id='word_1_95' title='bbox 1394 886 1499 928; x_wconf 80' lang='grc' dir='ltr'><strong><em>ἅττα</em></strong></span> 
     </span>
     <span class='ocr_line' id='line_1_12' title="bbox 144 944 1499 1009; baseline 0.001 -17"><span class='ocrx_word' id='word_1_96' title='bbox 144 951 332 1009; x_wconf 80' lang='grc' dir='ltr'><strong><em>σοφίζει,</em></strong></span> <span class='ocrx_word' id='word_1_97' title='bbox 371 944 407 992; x_wconf 78' lang='grc' dir='ltr'><em>ὦ</em></span> <span class='ocrx_word' id='word_1_98' title='bbox 445 945 685 1003; x_wconf 74' lang='grc' dir='ltr'><strong><em>Σώκρατες.</em></strong></span> <span class='ocrx_word' id='word_1_99' title='bbox 750 951 853 991; x_wconf 73' lang='grc' dir='ltr'><strong>ΣΩ.</strong></span> <span class='ocrx_word' id='word_1_100' title='bbox 896 946 1061 1001; x_wconf 82' lang='grc' dir='ltr'><strong><em>Οἶσθα,</em></strong></span> <span class='ocrx_word' id='word_1_101' title='bbox 1102 949 1208 992; x_wconf 72' lang='grc' dir='ltr'><strong>ἀλλὰ</strong></span> <span class='ocrx_word' id='word_1_102' title='bbox 1243 951 1425 1003; x_wconf 57' lang='lat' dir='ltr'><strong>nimam,</strong></span> <span class='ocrx_word' id='word_1_103' title='bbox 1465 946 1499 993; x_wconf 78' lang='grc' dir='ltr'>ὦ</span> 
     </span>
     <span class='ocr_line' id='line_1_13' title="bbox 147 1013 1498 1070; baseline 0.001 -12"><span class='ocrx_word' id='word_1_104' title='bbox 147 1016 408 1066; x_wconf 78' lang='grc' dir='ltr'><strong><em>Καλλίκλεις.</em></strong></span> <span class='ocrx_word' id='word_1_105' title='bbox 447 1015 519 1057; x_wconf 87' lang='grc' dir='ltr'><strong>καὶ</strong></span> <span class='ocrx_word' id='word_1_106' title='bbox 555 1015 709 1069; x_wconf 79' lang='grc' dir='ltr'><strong><em>πρόϊθί</em></strong></span> <span class='ocrx_word' id='word_1_107' title='bbox 745 1030 793 1069; x_wconf 76' lang='grc' dir='ltr'><strong>γε</strong></span> <span class='ocrx_word' id='word_1_108' title='bbox 834 1014 894 1057; x_wconf 78' lang='grc' dir='ltr'><strong>ἔτι</strong></span> <span class='ocrx_word' id='word_1_109' title='bbox 935 1016 993 1065; x_wconf 79' lang='grc' dir='ltr'><strong>εἰς</strong></span> <span class='ocrx_word' id='word_1_110' title='bbox 1029 1015 1078 1058; x_wconf 81' lang='grc' dir='ltr'><strong>τὸ</strong></span> <span class='ocrx_word' id='word_1_111' title='bbox 1119 1013 1383 1070; x_wconf 77' lang='grc' dir='ltr'><strong><em>ἔμπροσθεν,</em></strong></span> <span class='ocrx_word' id='word_1_112' title='bbox 1434 1016 1498 1059; x_wconf 79' lang='grc' dir='ltr'><strong>ὅτι</strong></span> 
     </span>
    </p>
   </div>
   <div class='ocr_carea' id='block_1_3' title="bbox 143 1126 1538 1662">
    <p class='ocr_par' dir='ltr' id='par_1_3' title="bbox 145 1126 1538 1352">
     <span class='ocr_line' id='line_1_14' title="bbox 148 1126 1496 1172; baseline -0.002 -10"><span class='ocrx_word' id='word_1_113' title='bbox 148 1140 196 1172; x_wconf 81' lang='grc' dir='ltr'><strong>φη</strong></span> <span class='ocrx_word' id='word_1_114' title='bbox 190 1127 217 1163; x_wconf 78' lang='grc' dir='ltr'><strong>’ς</strong></span> <span class='ocrx_word' id='word_1_115' title='bbox 247 1127 361 1161; x_wconf 77' lang='lat' dir='ltr'><strong>habet.</strong></span> <span class='ocrx_word' id='word_1_116' title='bbox 414 1127 599 1160; x_wconf 77' lang='lat' dir='ltr'><strong>Praeterea</strong></span> <span class='ocrx_word' id='word_1_117' title='bbox 635 1126 744 1160; x_wconf 82' lang='lat' dir='ltr'><strong>verba</strong></span> <span class='ocrx_word' id='word_1_118' title='bbox 780 1128 830 1160; x_wconf 82' lang='lat' dir='ltr'><strong>sic</strong></span> <span class='ocrx_word' id='word_1_119' title='bbox 860 1127 1025 1160; x_wconf 85' lang='lat' dir='ltr'><strong>distincta</strong></span> <span class='ocrx_word' id='word_1_120' title='bbox 1055 1128 1219 1171; x_wconf 71' lang='lat' dir='ltr'><strong>leguntux</strong></span> <span class='ocrx_word' id='word_1_121' title='bbox 1246 1130 1282 1160; x_wconf 90' lang='lat' dir='ltr'><strong>in</strong></span> <span class='ocrx_word' id='word_1_122' title='bbox 1316 1128 1496 1172; x_wconf 58' lang='lat' dir='ltr'><strong>stephan:</strong></span> 
     </span>
     <span class='ocr_line' id='line_1_15' title="bbox 146 1171 1498 1216; baseline 0 -9"><span class='ocrx_word' id='word_1_123' title='bbox 146 1174 262 1207; x_wconf 81' lang='grc' dir='ltr'><strong><em>ΚΑΛ.</em></strong></span> <span class='ocrx_word' id='word_1_124' title='bbox 295 1171 461 1206; x_wconf 77' lang='grc' dir='ltr'><strong><em>Μάλιστα.</em></strong></span> <span class='ocrx_word' id='word_1_125' title='bbox 504 1171 576 1206; x_wconf 84' lang='grc' dir='ltr'><strong>ΣΩ.</strong></span> <span class='ocrx_word' id='word_1_126' title='bbox 610 1171 780 1214; x_wconf 81' lang='grc' dir='ltr'><strong><em>Διψιῦντά</em></strong></span> <span class='ocrx_word' id='word_1_127' title='bbox 810 1184 849 1216; x_wconf 78' lang='grc' dir='ltr'><strong>γε</strong></span> <span class='ocrx_word' id='word_1_128' title='bbox 883 1173 951 1216; x_wconf 73' lang='grc' dir='ltr'><strong>φῂς</strong></span> <span class='ocrx_word' id='word_1_129' title='bbox 984 1172 1228 1213; x_wconf 78' lang='grc' dir='ltr'><strong><em>λυπούμενον.</em></strong></span> <span class='ocrx_word' id='word_1_130' title='bbox 1267 1173 1383 1207; x_wconf 77' lang='grc' dir='ltr'><strong><em>ΚΑΛ.</em></strong></span> <span class='ocrx_word' id='word_1_131' title='bbox 1416 1173 1498 1207; x_wconf 86' lang='grc' dir='ltr'><strong><em>Ναί.</em></strong></span> 
     </span>
     <span class='ocr_line' id='line_1_16' title="bbox 146 1215 1538 1260; baseline 0.001 -7"><span class='ocrx_word' id='word_1_132' title='bbox 146 1218 219 1253; x_wconf 79' lang='grc' dir='ltr'><strong>ΣΩ.</strong></span> <span class='ocrx_word' id='word_1_133' title='bbox 258 1216 437 1251; x_wconf 75' lang='grc' dir='ltr'><strong><em>Αἰσθάνει</em></strong></span> <span class='ocrx_word' id='word_1_134' title='bbox 467 1218 535 1250; x_wconf 81' lang='grc' dir='ltr'><strong>οὐν</strong></span> <span class='ocrx_word' id='word_1_135' title='bbox 558 1215 594 1250; x_wconf 81' lang='grc' dir='ltr'><strong>τὸ</strong></span> <span class='ocrx_word' id='word_1_136' title='bbox 622 1219 724 1260; x_wconf 85' lang='grc' dir='ltr'><strong><em>συμβ.</em></strong></span> <span class='ocrx_word' id='word_1_137' title='bbox 769 1219 882 1260; x_wconf 82' lang='lat' dir='ltr'><strong>Quam</strong></span> <span class='ocrx_word' id='word_1_138' title='bbox 905 1219 1090 1252; x_wconf 85' lang='lat' dir='ltr'><strong>lectionem</strong></span> <span class='ocrx_word' id='word_1_139' title='bbox 1113 1219 1310 1254; x_wconf 82' lang='lat' dir='ltr'><strong>Findeisen.</strong></span> <span class='ocrx_word' id='word_1_140' title='bbox 1335 1224 1370 1253; x_wconf 87' lang='lat' dir='ltr'><strong>et</strong></span> <span class='ocrx_word' id='word_1_141' title='bbox 1392 1221 1500 1253; x_wconf 82' lang='lat' dir='ltr'><strong>Hein-</strong></span> <span class='ocrx_word' id='word_1_142' title='bbox 1530 1246 1538 1255; x_wconf 89' lang='lat'>.</span> 
     </span>
     <span class='ocr_line' id='line_1_17' title="bbox 145 1263 1497 1309; baseline 0.001 -12"><span class='ocrx_word' id='word_1_143' title='bbox 145 1265 231 1299; x_wconf 83' lang='lat' dir='ltr'><strong>dorf.</strong></span> <span class='ocrx_word' id='word_1_144' title='bbox 246 1265 295 1296; x_wconf 82' lang='lat' dir='ltr'><strong>ita</strong></span> <span class='ocrx_word' id='word_1_145' title='bbox 311 1264 537 1304; x_wconf 87' lang='lat' dir='ltr'><strong>retinuerunt,</strong></span> <span class='ocrx_word' id='word_1_146' title='bbox 560 1267 599 1295; x_wconf 85' lang='lat' dir='ltr'><strong>nt</strong></span> <span class='ocrx_word' id='word_1_147' title='bbox 619 1274 638 1296; x_wconf 93' lang='lat' dir='ltr'><strong>e</strong></span> <span class='ocrx_word' id='word_1_148' title='bbox 653 1263 752 1296; x_wconf 90' lang='lat' dir='ltr'><strong>Bodl.</strong></span> <span class='ocrx_word' id='word_1_149' title='bbox 766 1266 856 1308; x_wconf 89' lang='lat' dir='ltr'>Aug.</span> <span class='ocrx_word' id='word_1_150' title='bbox 875 1266 1015 1298; x_wconf 89' lang='lat' dir='ltr'><strong>Meerm.</strong></span> <span class='ocrx_word' id='word_1_151' title='bbox 1035 1266 1207 1306; x_wconf 80' lang='grc' dir='ltr'><strong><em>Διψῶντα</em></strong></span> <span class='ocrx_word' id='word_1_152' title='bbox 1224 1264 1264 1298; x_wconf 80' lang='grc' dir='ltr'><strong>δὲ</strong></span> <span class='ocrx_word' id='word_1_153' title='bbox 1287 1266 1497 1309; x_wconf 80' lang='lat' dir='ltr'>scripserint.</span> 
     </span>
     <span class='ocr_line' id='line_1_18' title="bbox 145 1309 753 1352; baseline -0.005 -8"><span class='ocrx_word' id='word_1_154' title='bbox 145 1311 217 1344; x_wconf 86' lang='lat' dir='ltr'><strong>Nos</strong></span> <span class='ocrx_word' id='word_1_155' title='bbox 242 1309 379 1352; x_wconf 86' lang='lat' dir='ltr'><strong>sequuti</strong></span> <span class='ocrx_word' id='word_1_156' title='bbox 402 1319 521 1341; x_wconf 86' lang='lat' dir='ltr'><strong>sumus</strong></span> <span class='ocrx_word' id='word_1_157' title='bbox 543 1309 753 1342; x_wconf 84' lang='lat' dir='ltr'><strong>Bekkerum.</strong></span> 
     </span>
    </p>

    <p class='ocr_par' dir='ltr' id='par_1_4' title="bbox 143 1353 1496 1570">
     <span class='ocr_line' id='line_1_19' title="bbox 211 1353 1496 1399; baseline 0.002 -12"><span class='ocrx_word' id='word_1_158' title='bbox 211 1353 436 1388; x_wconf 76' lang='grc' dir='ltr'><strong><em>ἀδύνατον</em></strong></span> <span class='ocrx_word' id='word_1_159' title='bbox 469 1354 601 1396; x_wconf 70' lang='grc' dir='ltr'><strong><em>ἔφης]</em></strong></span> <span class='ocrx_word' id='word_1_160' title='bbox 633 1355 799 1387; x_wconf 78' lang='lat' dir='ltr'>Badham.</span> <span class='ocrx_word' id='word_1_161' title='bbox 830 1355 867 1387; x_wconf 88' lang='lat' dir='ltr'><strong>in</strong></span> <span class='ocrx_word' id='word_1_162' title='bbox 899 1355 1025 1389; x_wconf 82' lang='lat' dir='ltr'><strong>Philol.</strong></span> <span class='ocrx_word' id='word_1_163' title='bbox 1058 1355 1272 1391; x_wconf 77' lang='lat' dir='ltr'><strong>Schneidew.</strong></span> <span class='ocrx_word' id='word_1_164' title='bbox 1296 1356 1341 1389; x_wconf 90' lang='lat' dir='ltr'><strong>X.</strong></span> <span class='ocrx_word' id='word_1_165' title='bbox 1363 1354 1496 1399; x_wconf 82' lang='lat' dir='ltr'><strong>p..730</strong></span> 
     </span>
     <span class='ocr_line' id='line_1_20' title="bbox 146 1399 1499 1444; baseline 0.001 -11"><span class='ocrx_word' id='word_1_166' title='bbox 146 1402 327 1444; x_wconf 76' lang='grc' dir='ltr'><strong><em>ἔφησθα</em></strong></span> <span class='ocrx_word' id='word_1_167' title='bbox 347 1400 501 1442; x_wconf 74' lang='lat' dir='ltr'>requirit.</span> <span class='ocrx_word' id='word_1_168' title='bbox 525 1410 558 1432; x_wconf 75' lang='lat' dir='ltr'><strong>V.</strong></span> <span class='ocrx_word' id='word_1_169' title='bbox 581 1399 736 1434; x_wconf 87' lang='lat' dir='ltr'><strong>Lobeck.</strong></span> <span class='ocrx_word' id='word_1_170' title='bbox 759 1400 803 1433; x_wconf 81' lang='lat' dir='ltr'><strong>ad</strong></span> <span class='ocrx_word' id='word_1_171' title='bbox 826 1401 1002 1444; x_wconf 83' lang='lat' dir='ltr'><strong>Phryn.p</strong></span> <span class='ocrx_word' id='word_1_172' title='bbox 1005 1399 1108 1434; x_wconf 94' lang='grc'><strong><em>,236.</em></strong></span> <span class='ocrx_word' id='word_1_173' title='bbox 1153 1401 1271 1434; x_wconf 80' lang='lat' dir='ltr'>Habet</span> <span class='ocrx_word' id='word_1_174' title='bbox 1294 1402 1382 1444; x_wconf 78' lang='grc' dir='ltr'><em>ἔφης</em></span> <span class='ocrx_word' id='word_1_175' title='bbox 1406 1402 1499 1434; x_wconf 87' lang='lat' dir='ltr'><strong>codi-</strong></span> 
     </span>
     <span class='ocr_line' id='line_1_21' title="bbox 144 1412 1496 1490; baseline 0.001 -11"><span class='ocrx_word' id='word_1_176' title='bbox 144 1457 224 1479; x_wconf 90' lang='lat' dir='ltr'><strong>cum</strong></span> <span class='ocrx_word' id='word_1_177' title='bbox 246 1444 578 1479; x_wconf 81' lang='lat' dir='ltr'><strong>commendationem</strong></span> <span class='ocrx_word' id='word_1_178' title='bbox 602 1446 706 1479; x_wconf 82' lang='lat' dir='ltr'><strong>etiam</strong></span> <span class='ocrx_word' id='word_1_179' title='bbox 731 1456 879 1489; x_wconf 81' lang='lat' dir='ltr'><strong>euprap</strong></span> <span class='ocrx_word' id='word_1_180' title='bbox 882 1412 1002 1480; x_wconf 81' lang='grc' dir='ltr'><strong>,466Ρ</strong></span> <span class='ocrx_word' id='word_1_181' title='bbox 1014 1448 1055 1479; x_wconf 89' lang='lat' dir='ltr'><strong>E.</strong></span> <span class='ocrx_word' id='word_1_182' title='bbox 1087 1447 1204 1489; x_wconf 86' lang='lat' dir='ltr'><strong>Euthy</strong></span> <span class='ocrx_word' id='word_1_183' title='bbox 1206 1447 1293 1481; x_wconf 89' lang='lat' dir='ltr'><strong>dem.</strong></span> <span class='ocrx_word' id='word_1_184' title='bbox 1318 1458 1350 1490; x_wconf 91' lang='lat' dir='ltr'><strong>p.</strong></span> <span class='ocrx_word' id='word_1_185' title='bbox 1366 1446 1443 1480; x_wconf 82' lang='lat'><strong>293.</strong></span> <span class='ocrx_word' id='word_1_186' title='bbox 1459 1447 1496 1480; x_wconf 88' lang='lat' dir='ltr'><strong>C.</strong></span> 
     </span>
     <span class='ocr_line' id='line_1_22' title="bbox 143 1489 1498 1536; baseline 0.001 -12.001"><span class='ocrx_word' id='word_1_187' title='bbox 143 1492 300 1534; x_wconf 84' lang='lat' dir='ltr'><strong>Xenoph.</strong></span> <span class='ocrx_word' id='word_1_188' title='bbox 326 1491 452 1534; x_wconf 77' lang='lat' dir='ltr'><strong>Cyl-op.</strong></span> <span class='ocrx_word' id='word_1_189' title='bbox 475 1491 543 1532; x_wconf 93' lang='lat' dir='ltr'><strong>IV,</strong></span> <span class='ocrx_word' id='word_1_190' title='bbox 568 1490 608 1533; x_wconf 90' lang='lat'><strong>1,</strong></span> <span class='ocrx_word' id='word_1_191' title='bbox 631 1489 686 1524; x_wconf 83' lang='lat'><strong>23.</strong></span> <span class='ocrx_word' id='word_1_192' title='bbox 711 1491 757 1524; x_wconf 78' lang='lat' dir='ltr'><strong>al.</strong></span> <span class='ocrx_word' id='word_1_193' title='bbox 803 1492 876 1525; x_wconf 88' lang='lat' dir='ltr'><strong>Nec</strong></span> <span class='ocrx_word' id='word_1_194' title='bbox 900 1492 988 1525; x_wconf 85' lang='lat' dir='ltr'><strong>illud</strong></span> <span class='ocrx_word' id='word_1_195' title='bbox 1012 1492 1215 1536; x_wconf 84' lang='lat' dir='ltr'><strong>simpliciter</strong></span> <span class='ocrx_word' id='word_1_196' title='bbox 1238 1493 1369 1536; x_wconf 84' lang='lat' dir='ltr'><strong>sprevit</strong></span> <span class='ocrx_word' id='word_1_197' title='bbox 1390 1493 1498 1536; x_wconf 88' lang='lat' dir='ltr'>Phry-</span> 
     </span>
     <span class='ocr_line' id='line_1_23' title="bbox 143 1536 596 1578; baseline -0.005 -8"><span class='ocrx_word' id='word_1_198' title='bbox 143 1537 280 1578; x_wconf 85' lang='lat' dir='ltr'><strong>nichus,</strong></span> <span class='ocrx_word' id='word_1_199' title='bbox 302 1536 383 1569; x_wconf 87' lang='lat' dir='ltr'><strong>licet</strong></span> <span class='ocrx_word' id='word_1_200' title='bbox 405 1537 516 1569; x_wconf 84' lang='lat' dir='ltr'><strong>rarius</strong></span> <span class='ocrx_word' id='word_1_201' title='bbox 541 1537 596 1570; x_wconf 84' lang='lat' dir='ltr'><strong>sit.</strong></span> 
     </span>
    </p>

    <p class='ocr_par' dir='ltr' id='par_1_5' title="bbox 144 1579 1497 1662">
     <span class='ocr_line' id='line_1_24' title="bbox 208 1579 1497 1627; baseline 0.002 -12"><span class='ocrx_word' id='word_1_202' title='bbox 208 1583 248 1615; x_wconf 89' lang='lat' dir='ltr'><strong>P.</strong></span> <span class='ocrx_word' id='word_1_203' title='bbox 272 1580 348 1615; x_wconf 86' lang='lat'><strong>497.</strong></span> <span class='ocrx_word' id='word_1_204' title='bbox 396 1581 460 1617; x_wconf 77' lang='grc' dir='ltr'><strong>εἰς</strong></span> <span class='ocrx_word' id='word_1_205' title='bbox 485 1579 528 1614; x_wconf 85' lang='grc' dir='ltr'><strong>τὸ</strong></span> <span class='ocrx_word' id='word_1_206' title='bbox 553 1582 833 1627; x_wconf 78' lang='grc' dir='ltr'><strong><em>ἔμπροσθεν]</em></strong></span> <span class='ocrx_word' id='word_1_207' title='bbox 868 1582 974 1616; x_wconf 85' lang='lat' dir='ltr'><strong>Coisl.</strong></span> <span class='ocrx_word' id='word_1_208' title='bbox 998 1583 1050 1618; x_wconf 77' lang='grc' dir='ltr'><strong>εἰς</strong></span> <span class='ocrx_word' id='word_1_209' title='bbox 1075 1580 1338 1626; x_wconf 61' lang='grc' dir='ltr'><strong><em>τοίμπροσθεν,</em></strong></span> <span class='ocrx_word' id='word_1_210' title='bbox 1364 1587 1403 1616; x_wconf 82' lang='lat' dir='ltr'><strong>ut</strong></span> <span class='ocrx_word' id='word_1_211' title='bbox 1428 1584 1497 1617; x_wconf 85' lang='lat' dir='ltr'><strong>edi-</strong></span> 
     </span>
     <span class='ocr_line' id='line_1_25' title="bbox 144 1627 730 1662; baseline 0 -1"><span class='ocrx_word' id='word_1_212' title='bbox 144 1627 195 1661; x_wconf 88' lang='lat' dir='ltr'><strong>dit</strong></span> <span class='ocrx_word' id='word_1_213' title='bbox 216 1628 364 1661; x_wconf 85' lang='lat' dir='ltr'><strong>Bekker.</strong></span> <span class='ocrx_word' id='word_1_214' title='bbox 412 1627 571 1660; x_wconf 80' lang='lat' dir='ltr'><strong>Ceterum</strong></span> <span class='ocrx_word' id='word_1_215' title='bbox 592 1638 626 1660; x_wconf 80' lang='lat' dir='ltr'><strong>v.</strong></span> <span class='ocrx_word' id='word_1_216' title='bbox 650 1638 730 1662; x_wconf 82' lang='lat' dir='ltr'><strong>ann.</strong></span> 
     </span>
    </p>
   </div>
   <div class='ocr_carea' id='block_1_4' title="bbox 141 1740 786 2785">
    <p class='ocr_par' dir='ltr' id='par_1_6' title="bbox 144 1740 784 1864">
     <span class='ocr_line' id='line_1_26' title="bbox 145 1740 784 1784; baseline 0 -11"><span class='ocrx_word' id='word_1_217' title='bbox 145 1752 240 1773; x_wconf 87' lang='grc' dir='ltr'><strong><em>νειν</em></strong></span> <span class='ocrx_word' id='word_1_218' title='bbox 254 1753 282 1783; x_wconf 84' lang='grc' dir='ltr'><strong>χ.</strong></span> <span class='ocrx_word' id='word_1_219' title='bbox 297 1740 361 1784; x_wconf 78' lang='grc' dir='ltr'><strong><em>λ.;]</em></strong></span> <span class='ocrx_word' id='word_1_220' title='bbox 377 1741 547 1783; x_wconf 90' lang='lat' dir='ltr'><strong>Nonne,</strong></span> <span class='ocrx_word' id='word_1_221' title='bbox 561 1744 784 1783; x_wconf 80' lang='lat' dir='ltr'><strong>quatenus</strong></span> 
     </span>
     <span class='ocr_line' id='line_1_27' title="bbox 145 1786 785 1830; baseline 0 -11"><span class='ocrx_word' id='word_1_222' title='bbox 145 1786 315 1828; x_wconf 81' lang='lat' dir='ltr'><strong>aliquis</strong></span> <span class='ocrx_word' id='word_1_223' title='bbox 360 1786 501 1828; x_wconf 84' lang='lat' dir='ltr'><strong>bibat,</strong></span> <span class='ocrx_word' id='word_1_224' title='bbox 547 1796 642 1819; x_wconf 86' lang='lat' dir='ltr'><strong>eum</strong></span> <span class='ocrx_word' id='word_1_225' title='bbox 686 1797 785 1830; x_wconf 84' lang='lat' dir='ltr'><strong>gau—</strong></span> 
     </span>
     <span class='ocr_line' id='line_1_28' title="bbox 144 1831 410 1864; baseline -0.004 0"><span class='ocrx_word' id='word_1_226' title='bbox 144 1831 245 1864; x_wconf 84' lang='lat' dir='ltr'><strong>dere</strong></span> <span class='ocrx_word' id='word_1_227' title='bbox 269 1831 410 1864; x_wconf 67' lang='lat' dir='ltr'><strong>dicis‘s&gt;</strong></span> 
     </span>
    </p>

    <p class='ocr_par' dir='ltr' id='par_1_7' title="bbox 141 1875 786 2785">
     <span class='ocr_line' id='line_1_29' title="bbox 192 1875 783 1919; baseline 0 -10"><span class='ocrx_word' id='word_1_228' title='bbox 192 1875 272 1909; x_wconf 79' lang='grc' dir='ltr'><strong>ΣΩ.</strong></span> <span class='ocrx_word' id='word_1_229' title='bbox 314 1875 520 1916; x_wconf 78' lang='grc' dir='ltr'><strong><em>Λιψῶνιά</em></strong></span> <span class='ocrx_word' id='word_1_230' title='bbox 554 1888 620 1919; x_wconf 77' lang='grc' dir='ltr'><strong>γε;</strong></span> <span class='ocrx_word' id='word_1_231' title='bbox 655 1876 783 1909; x_wconf 83' lang='grc' dir='ltr'><strong><em>ΚΑΛ.</em></strong></span> 
     </span>
     <span class='ocr_line' id='line_1_30' title="bbox 149 1921 785 1965; baseline 0.002 -11"><span class='ocrx_word' id='word_1_232' title='bbox 149 1922 269 1965; x_wconf 80' lang='grc' dir='ltr'><strong><em>Φημί.</em></strong></span> <span class='ocrx_word' id='word_1_233' title='bbox 295 1934 323 1954; x_wconf 85' lang='grc' dir='ltr'><strong>κ.</strong></span> <span class='ocrx_word' id='word_1_234' title='bbox 349 1934 374 1953; x_wconf 85' lang='grc' dir='ltr'><strong>τ.</strong></span> <span class='ocrx_word' id='word_1_235' title='bbox 398 1921 446 1965; x_wconf 59' lang='lat' dir='ltr'><strong>L]</strong></span> <span class='ocrx_word' id='word_1_236' title='bbox 481 1922 597 1963; x_wconf 81' lang='lat' dir='ltr'><strong>Quum</strong></span> <span class='ocrx_word' id='word_1_237' title='bbox 620 1922 785 1955; x_wconf 79' lang='lat' dir='ltr'><strong>Callicles</strong></span> 
     </span>
     <span class='ocr_line' id='line_1_31' title="bbox 144 1967 786 2007; baseline 0 -7"><span class='ocrx_word' id='word_1_238' title='bbox 144 1967 272 2000; x_wconf 67' lang='lat' dir='ltr'><strong>dixerit</strong></span> <span class='ocrx_word' id='word_1_239' title='bbox 302 1967 457 2007; x_wconf 79' lang='grc' dir='ltr'><strong><em>διψῶντα</em></strong></span> <span class='ocrx_word' id='word_1_240' title='bbox 487 1970 604 1999; x_wconf 78' lang='grc' dir='ltr'><strong><em>πίνειν</em></strong></span> <span class='ocrx_word' id='word_1_241' title='bbox 631 1978 706 2000; x_wconf 74' lang='lat' dir='ltr'><strong>esee</strong></span> <span class='ocrx_word' id='word_1_242' title='bbox 734 1969 786 2000; x_wconf 87' lang='lat' dir='ltr'><strong>iu-</strong></span> 
     </span>
     <span class='ocr_line' id='line_1_32' title="bbox 142 2012 785 2054; baseline 0.002 -9"><span class='ocrx_word' id='word_1_243' title='bbox 142 2013 313 2054; x_wconf 84' lang='lat' dir='ltr'><strong>cundum,</strong></span> <span class='ocrx_word' id='word_1_244' title='bbox 358 2013 448 2045; x_wconf 85' lang='lat' dir='ltr'><strong>illud</strong></span> <span class='ocrx_word' id='word_1_245' title='bbox 491 2012 645 2053; x_wconf 76' lang='grc' dir='ltr'><strong><em>διψῶντα</em></strong></span> <span class='ocrx_word' id='word_1_246' title='bbox 692 2023 785 2053; x_wconf 84' lang='lat' dir='ltr'><strong>vero,</strong></span> 
     </span>
     <span class='ocr_line' id='line_1_33' title="bbox 143 2059 785 2101; baseline 0 -10"><span class='ocrx_word' id='word_1_247' title='bbox 143 2060 224 2101; x_wconf 73' lang='lat' dir='ltr'><strong>quia</strong></span> <span class='ocrx_word' id='word_1_248' title='bbox 255 2059 477 2092; x_wconf 86' lang='lat' dir='ltr'><strong>coniunctum</strong></span> <span class='ocrx_word' id='word_1_249' title='bbox 506 2060 553 2091; x_wconf 85' lang='lat' dir='ltr'><strong>sit</strong></span> <span class='ocrx_word' id='word_1_250' title='bbox 586 2069 667 2092; x_wconf 79' lang='lat' dir='ltr'><strong>cum</strong></span> <span class='ocrx_word' id='word_1_251' title='bbox 696 2059 785 2091; x_wconf 82' lang='lat' dir='ltr'><strong>indi-</strong></span> 
     </span>
     <span class='ocr_line' id='line_1_34' title="bbox 142 2102 784 2147; baseline 0 -11"><span class='ocrx_word' id='word_1_252' title='bbox 142 2104 263 2147; x_wconf 47' lang='lat' dir='ltr'><strong>genti&amp;</strong></span> <span class='ocrx_word' id='word_1_253' title='bbox 296 2104 460 2146; x_wconf 77' lang='lat' dir='ltr'><strong>quadam,</strong></span> <span class='ocrx_word' id='word_1_254' title='bbox 498 2114 574 2136; x_wconf 81' lang='lat' dir='ltr'><strong>esse</strong></span> <span class='ocrx_word' id='word_1_255' title='bbox 612 2102 784 2144; x_wconf 78' lang='grc' dir='ltr'><strong><em>λυπούμε-</em></strong></span> 
     </span>
     <span class='ocr_line' id='line_1_35' title="bbox 145 2149 786 2189; baseline 0.002 -8"><span class='ocrx_word' id='word_1_256' title='bbox 145 2162 229 2189; x_wconf 82' lang='grc' dir='ltr'><strong><em>νον,</em></strong></span> <span class='ocrx_word' id='word_1_257' title='bbox 275 2149 433 2182; x_wconf 78' lang='lat' dir='ltr'><strong>Socrates</strong></span> <span class='ocrx_word' id='word_1_258' title='bbox 479 2149 561 2182; x_wconf 83' lang='lat' dir='ltr'><strong>inde</strong></span> <span class='ocrx_word' id='word_1_259' title='bbox 606 2150 786 2183; x_wconf 83' lang='lat' dir='ltr'><strong>concludit</strong></span> 
     </span>
     <span class='ocr_line' id='line_1_36' title="bbox 142 2195 785 2239; baseline 0.002 -12"><span class='ocrx_word' id='word_1_260' title='bbox 142 2205 220 2227; x_wconf 88' lang='lat' dir='ltr'><strong>cum</strong></span> <span class='ocrx_word' id='word_1_261' title='bbox 253 2195 433 2238; x_wconf 83' lang='lat' dir='ltr'><strong>voluptate</strong></span> <span class='ocrx_word' id='word_1_262' title='bbox 467 2195 620 2238; x_wconf 72' lang='lat' dir='ltr'><strong>dolorem</strong></span> <span class='ocrx_word' id='word_1_263' title='bbox 650 2206 785 2239; x_wconf 78' lang='lat' dir='ltr'><strong>semper</strong></span> 
     </span>
     <span class='ocr_line' id='line_1_37' title="bbox 142 2241 784 2284; baseline 0.002 -12"><span class='ocrx_word' id='word_1_264' title='bbox 142 2251 218 2272; x_wconf 82' lang='lat' dir='ltr'><strong>esse</strong></span> <span class='ocrx_word' id='word_1_265' title='bbox 249 2241 458 2282; x_wconf 71' lang='lat' dir='ltr'><strong>copulatum.</strong></span> <span class='ocrx_word' id='word_1_266' title='bbox 503 2241 594 2273; x_wconf 79' lang='lat' dir='ltr'><strong>Nam</strong></span> <span class='ocrx_word' id='word_1_267' title='bbox 619 2242 784 2284; x_wconf 83' lang='lat' dir='ltr'><strong>quoniam</strong></span> 
     </span>
     <span class='ocr_line' id='line_1_38' title="bbox 143 2284 784 2329; baseline 0.002 -11"><span class='ocrx_word' id='word_1_268' title='bbox 143 2286 203 2328; x_wconf 89' lang='lat' dir='ltr'><strong>qui</strong></span> <span class='ocrx_word' id='word_1_269' title='bbox 226 2284 333 2326; x_wconf 69' lang='lat' dir='ltr'><strong>bibat,</strong></span> <span class='ocrx_word' id='word_1_270' title='bbox 356 2286 387 2319; x_wconf 78' lang='lat' dir='ltr'><strong>is</strong></span> <span class='ocrx_word' id='word_1_271' title='bbox 413 2286 540 2318; x_wconf 79' lang='lat' dir='ltr'><strong>sentiat</strong></span> <span class='ocrx_word' id='word_1_272' title='bbox 560 2286 784 2329; x_wconf 73' lang='lat' dir='ltr'><strong>voluptatem,</strong></span> 
     </span>
     <span class='ocr_line' id='line_1_39' title="bbox 142 2330 784 2375; baseline 0.003 -12"><span class='ocrx_word' id='word_1_273' title='bbox 142 2341 245 2363; x_wconf 86' lang='lat' dir='ltr'><strong>nemo</strong></span> <span class='ocrx_word' id='word_1_274' title='bbox 261 2335 376 2364; x_wconf 79' lang='lat' dir='ltr'><strong>autem</strong></span> <span class='ocrx_word' id='word_1_275' title='bbox 391 2330 497 2371; x_wconf 70' lang='lat' dir='ltr'><strong>bibat,</strong></span> <span class='ocrx_word' id='word_1_276' title='bbox 519 2332 588 2364; x_wconf 78' lang='lat' dir='ltr'><strong>nisi</strong></span> <span class='ocrx_word' id='word_1_277' title='bbox 607 2333 667 2375; x_wconf 85' lang='lat' dir='ltr'><strong>qui</strong></span> <span class='ocrx_word' id='word_1_278' title='bbox 690 2333 784 2365; x_wconf 77' lang='lat' dir='ltr'><strong>sitiat</strong></span> 
     </span>
     <span class='ocr_line' id='line_1_40' title="bbox 142 2376 784 2420; baseline 0.005 -12"><span class='ocrx_word' id='word_1_279' title='bbox 142 2376 289 2418; x_wconf 73' lang='lat' dir='ltr'><strong>ideoque</strong></span> <span class='ocrx_word' id='word_1_280' title='bbox 304 2376 457 2409; x_wconf 81' lang='lat' dir='ltr'><strong>dolorem</strong></span> <span class='ocrx_word' id='word_1_281' title='bbox 473 2376 624 2420; x_wconf 81' lang='lat' dir='ltr'><strong>aliquem</strong></span> <span class='ocrx_word' id='word_1_282' title='bbox 646 2379 784 2418; x_wconf 83' lang='lat' dir='ltr'><strong>sentiat,</strong></span> 
     </span>
     <span class='ocr_line' id='line_1_41' title="bbox 143 2422 784 2466; baseline 0.005 -12"><span class='ocrx_word' id='word_1_283' title='bbox 143 2432 308 2465; x_wconf 76' lang='lat' dir='ltr'><strong>apparere</strong></span> <span class='ocrx_word' id='word_1_284' title='bbox 327 2422 378 2454; x_wconf 78' lang='lat' dir='ltr'><strong>ait</strong></span> <span class='ocrx_word' id='word_1_285' title='bbox 390 2432 480 2463; x_wconf 86' lang='lat' dir='ltr'><strong>eum,</strong></span> <span class='ocrx_word' id='word_1_286' title='bbox 504 2423 564 2464; x_wconf 87' lang='lat' dir='ltr'><strong>qui</strong></span> <span class='ocrx_word' id='word_1_287' title='bbox 585 2424 678 2456; x_wconf 85' lang='lat' dir='ltr'><strong>sitim</strong></span> <span class='ocrx_word' id='word_1_288' title='bbox 701 2428 784 2466; x_wconf 90' lang='lat' dir='ltr'><strong>potu</strong></span> 
     </span>
     <span class='ocr_line' id='line_1_42' title="bbox 142 2465 785 2511; baseline 0 -11"><span class='ocrx_word' id='word_1_289' title='bbox 142 2467 353 2511; x_wconf 81' lang='lat' dir='ltr'><strong>restinguat,</strong></span> <span class='ocrx_word' id='word_1_290' title='bbox 395 2465 616 2507; x_wconf 74' lang='grc' dir='ltr'><strong><em>λυπούμενον</em></strong></span> <span class='ocrx_word' id='word_1_291' title='bbox 650 2472 785 2511; x_wconf 79' lang='grc' dir='ltr'><strong><em>χαίρειν</em></strong></span> 
     </span>
     <span class='ocr_line' id='line_1_43' title="bbox 143 2512 784 2555; baseline 0.003 -10"><span class='ocrx_word' id='word_1_292' title='bbox 143 2512 221 2553; x_wconf 77' lang='grc' dir='ltr'><strong><em>ἅμα.</em></strong></span> <span class='ocrx_word' id='word_1_293' title='bbox 268 2514 388 2555; x_wconf 72' lang='lat' dir='ltr'><strong>Itaque</strong></span> <span class='ocrx_word' id='word_1_294' title='bbox 415 2513 636 2546; x_wconf 77' lang='lat' dir='ltr'><strong>manifestum</strong></span> <span class='ocrx_word' id='word_1_295' title='bbox 659 2519 712 2547; x_wconf 79' lang='lat' dir='ltr'><strong>est</strong></span> <span class='ocrx_word' id='word_1_296' title='bbox 732 2516 784 2547; x_wconf 91' lang='lat' dir='ltr'><strong>ni—</strong></span> 
     </span>
     <span class='ocr_line' id='line_1_44' title="bbox 142 2558 784 2601; baseline 0.003 -10"><span class='ocrx_word' id='word_1_297' title='bbox 142 2558 194 2591; x_wconf 85' lang='lat' dir='ltr'><strong>hil</strong></span> <span class='ocrx_word' id='word_1_298' title='bbox 217 2558 324 2591; x_wconf 75' lang='lat' dir='ltr'><strong>fuisse</strong></span> <span class='ocrx_word' id='word_1_299' title='bbox 347 2558 550 2591; x_wconf 80' lang='lat' dir='ltr'><strong>mutandum</strong></span> <span class='ocrx_word' id='word_1_300' title='bbox 568 2564 703 2601; x_wconf 67' lang='lat' dir='ltr'><strong>praeter</strong></span> <span class='ocrx_word' id='word_1_301' title='bbox 724 2571 784 2592; x_wconf 87' lang='lat' dir='ltr'><strong>no·</strong></span> 
     </span>
     <span class='ocr_line' id='line_1_45' title="bbox 141 2604 784 2646; baseline 0.003 -10"><span class='ocrx_word' id='word_1_302' title='bbox 141 2604 238 2636; x_wconf 73' lang='lat' dir='ltr'><strong>mina</strong></span> <span class='ocrx_word' id='word_1_303' title='bbox 266 2614 500 2646; x_wconf 82' lang='lat' dir='ltr'><strong>personarum.</strong></span> <span class='ocrx_word' id='word_1_304' title='bbox 546 2604 620 2637; x_wconf 86' lang='lat' dir='ltr'><strong>Nec</strong></span> <span class='ocrx_word' id='word_1_305' title='bbox 651 2605 784 2638; x_wconf 77' lang='lat' dir='ltr'><strong>turbas-</strong></span> 
     </span>
     <span class='ocr_line' id='line_1_46' title="bbox 144 2649 782 2692; baseline 0.003 -11"><span class='ocrx_word' id='word_1_306' title='bbox 144 2652 222 2681; x_wconf 74' lang='lat' dir='ltr'><strong>sent</strong></span> <span class='ocrx_word' id='word_1_307' title='bbox 251 2649 402 2690; x_wconf 81' lang='lat' dir='ltr'><strong>librarii,</strong></span> <span class='ocrx_word' id='word_1_308' title='bbox 439 2650 470 2682; x_wconf 83' lang='lat' dir='ltr'><strong>si</strong></span> <span class='ocrx_word' id='word_1_309' title='bbox 504 2654 582 2692; x_wconf 88' lang='lat' dir='ltr'><strong>post</strong></span> <span class='ocrx_word' id='word_1_310' title='bbox 611 2649 782 2691; x_wconf 78' lang='grc' dir='ltr'><strong><em>λυπούμε-</em></strong></span> 
     </span>
     <span class='ocr_line' id='line_1_47' title="bbox 143 2692 783 2738; baseline 0.005 -12"><span class='ocrx_word' id='word_1_311' title='bbox 143 2706 209 2727; x_wconf 82' lang='grc' dir='ltr'><strong>νον</strong></span> <span class='ocrx_word' id='word_1_312' title='bbox 222 2694 378 2727; x_wconf 75' lang='lat' dir='ltr'><strong>additum</strong></span> <span class='ocrx_word' id='word_1_313' title='bbox 400 2694 568 2738; x_wconf 80' lang='lat' dir='ltr'><strong>legissent</strong></span> <span class='ocrx_word' id='word_1_314' title='bbox 588 2692 667 2737; x_wconf 84' lang='grc' dir='ltr'><strong><em>ἄρα,</em></strong></span> <span class='ocrx_word' id='word_1_315' title='bbox 692 2696 783 2738; x_wconf 85' lang='lat' dir='ltr'><strong>quod</strong></span> 
     </span>
     <span class='ocr_line' id='line_1_48' title="bbox 142 2741 781 2785; baseline 0.003 -12"><span class='ocrx_word' id='word_1_316' title='bbox 142 2744 258 2773; x_wconf 68' lang='lat' dir='ltr'><strong>tanen</strong></span> <span class='ocrx_word' id='word_1_317' title='bbox 288 2751 381 2773; x_wconf 86' lang='lat' dir='ltr'><strong>nunc</strong></span> <span class='ocrx_word' id='word_1_318' title='bbox 410 2744 500 2774; x_wconf 84' lang='lat' dir='ltr'><strong>recte</strong></span> <span class='ocrx_word' id='word_1_319' title='bbox 527 2741 639 2774; x_wconf 79' lang='lat' dir='ltr'><strong>omitti</strong></span> <span class='ocrx_word' id='word_1_320' title='bbox 660 2743 781 2785; x_wconf 85' lang='lat' dir='ltr'><strong>potuit.</strong></span> 
     </span>
    </p>
   </div>
   <div class='ocr_carea' id='block_1_5' title="bbox 850 1742 1498 2787">
    <p class='ocr_par' dir='ltr' id='par_1_8' title="bbox 852 1742 1497 2100">
     <span class='ocr_line' id='line_1_49' title="bbox 900 1742 1497 1785; baseline 0.005 -11"><span class='ocrx_word' id='word_1_321' title='bbox 900 1742 991 1774; x_wconf 78' lang='grc' dir='ltr'><strong>εἴτε</strong></span> <span class='ocrx_word' id='word_1_322' title='bbox 1015 1746 1155 1785; x_wconf 76' lang='grc' dir='ltr'><em>ψυχῆς</em></span> <span class='ocrx_word' id='word_1_323' title='bbox 1180 1743 1270 1775; x_wconf 79' lang='grc' dir='ltr'><strong>εἴτε</strong></span> <span class='ocrx_word' id='word_1_324' title='bbox 1298 1753 1497 1782; x_wconf 69' lang='grc' dir='ltr'><strong><em>σωματος</em></strong></span> 
     </span>
     <span class='ocr_line' id='line_1_50' title="bbox 855 1785 1496 1831; baseline 0.002 -12"><span class='ocrx_word' id='word_1_325' title='bbox 855 1785 1024 1831; x_wconf 76' lang='grc' dir='ltr'><strong><em>βούλει]</em></strong></span> <span class='ocrx_word' id='word_1_326' title='bbox 1060 1789 1108 1820; x_wconf 99' lang='lat' dir='ltr'><strong>F</strong></span> <span class='ocrx_word' id='word_1_327' title='bbox 1099 1789 1266 1820; x_wconf 79' lang='lat' dir='ltr'><strong>lcinus·</strong></span> <span class='ocrx_word' id='word_1_328' title='bbox 1298 1789 1394 1820; x_wconf 87' lang='lat' dir='ltr'><strong>sive</strong></span> <span class='ocrx_word' id='word_1_329' title='bbox 1418 1789 1496 1821; x_wconf 82' lang='lat' dir='ltr'><strong>cir-</strong></span> 
     </span>
     <span class='ocr_line' id='line_1_51' title="bbox 854 1833 1497 1868; baseline 0.005 -4"><span class='ocrx_word' id='word_1_330' title='bbox 854 1842 905 1864; x_wconf 85' lang='lat' dir='ltr'><strong>ca</strong></span> <span class='ocrx_word' id='word_1_331' title='bbox 934 1833 1119 1865; x_wconf 78' lang='lat' dir='ltr'><strong>animam</strong></span> <span class='ocrx_word' id='word_1_332' title='bbox 1148 1834 1221 1866; x_wconf 82' lang='lat' dir='ltr'><strong>vis</strong></span> <span class='ocrx_word' id='word_1_333' title='bbox 1251 1834 1346 1866; x_wconf 83' lang='lat' dir='ltr'><strong>sive</strong></span> <span class='ocrx_word' id='word_1_334' title='bbox 1377 1834 1497 1868; x_wconf 83' lang='lat' dir='ltr'><strong>circa</strong></span> 
     </span>
     <span class='ocr_line' id='line_1_52' title="bbox 853 1878 1498 1921; baseline 0.003 -11"><span class='ocrx_word' id='word_1_335' title='bbox 853 1888 901 1910; x_wconf 92' lang='lat' dir='ltr'><strong>co</strong></span> <span class='ocrx_word' id='word_1_336' title='bbox 911 1889 928 1910; x_wconf 94' lang='lat' dir='ltr'>r</span> <span class='ocrx_word' id='word_1_337' title='bbox 934 1889 1023 1920; x_wconf 89' lang='lat' dir='ltr'><strong>pus</strong></span> <span class='ocrx_word' id='word_1_338' title='bbox 1071 1878 1160 1911; x_wconf 86' lang='lat' dir='ltr'><strong>Vide</strong></span> <span class='ocrx_word' id='word_1_339' title='bbox 1183 1879 1309 1921; x_wconf 83' lang='lat' dir='ltr'><strong>igitur,</strong></span> <span class='ocrx_word' id='word_1_340' title='bbox 1341 1890 1386 1912; x_wconf 80' lang='lat' dir='ltr'><strong>an</strong></span> <span class='ocrx_word' id='word_1_341' title='bbox 1416 1881 1498 1912; x_wconf 84' lang='lat' dir='ltr'><strong>scri-</strong></span> 
     </span>
     <span class='ocr_line' id='line_1_53' title="bbox 854 1923 1496 1967; baseline 0.005 -12"><span class='ocrx_word' id='word_1_342' title='bbox 854 1923 1003 1955; x_wconf 88' lang='lat' dir='ltr'><strong>bendum</strong></span> <span class='ocrx_word' id='word_1_343' title='bbox 1019 1924 1083 1956; x_wconf 81' lang='lat' dir='ltr'><strong>sit:</strong></span> <span class='ocrx_word' id='word_1_344' title='bbox 1109 1924 1180 1956; x_wconf 82' lang='grc' dir='ltr'><strong>εἴτε</strong></span> <span class='ocrx_word' id='word_1_345' title='bbox 1195 1927 1306 1967; x_wconf 72' lang='grc' dir='ltr'><strong><em>ψυχῆς</em></strong></span> <span class='ocrx_word' id='word_1_346' title='bbox 1323 1924 1402 1966; x_wconf 81' lang='grc' dir='ltr'><strong><em>πέρι</em></strong></span> <span class='ocrx_word' id='word_1_347' title='bbox 1426 1926 1496 1958; x_wconf 79' lang='grc' dir='ltr'><strong>εἴτε</strong></span> 
     </span>
     <span class='ocr_line' id='line_1_54' title="bbox 856 1967 1496 2011; baseline 0.006 -11"><span class='ocrx_word' id='word_1_348' title='bbox 856 1967 1010 2008; x_wconf 71' lang='grc' dir='ltr'><strong><em>σώματος</em></strong></span> <span class='ocrx_word' id='word_1_349' title='bbox 1035 1967 1163 2011; x_wconf 76' lang='grc' dir='ltr'><strong><em>βούλει.</em></strong></span> <span class='ocrx_word' id='word_1_350' title='bbox 1198 1969 1300 2003; x_wconf 85' lang='lat' dir='ltr'><strong>Certe</strong></span> <span class='ocrx_word' id='word_1_351' title='bbox 1323 1970 1423 2004; x_wconf 88' lang='lat' dir='ltr'><strong>locus</strong></span> <span class='ocrx_word' id='word_1_352' title='bbox 1446 1972 1496 2004; x_wconf 82' lang='lat' dir='ltr'><strong>ita</strong></span> 
     </span>
     <span class='ocr_line' id='line_1_55' title="bbox 852 2014 1493 2058; baseline 0.006 -13"><span class='ocrx_word' id='word_1_353' title='bbox 852 2014 1109 2058; x_wconf 84' lang='lat' dir='ltr'><strong>intelligendus.</strong></span> <span class='ocrx_word' id='word_1_354' title='bbox 1144 2016 1235 2048; x_wconf 83' lang='lat' dir='ltr'><strong>conf.</strong></span> <span class='ocrx_word' id='word_1_355' title='bbox 1260 2017 1454 2049; x_wconf 77' lang='lat' dir='ltr'><strong>Matthia</strong></span> <span class='ocrx_word' id='word_1_356' title='bbox 1465 2027 1493 2051; x_wconf 88' lang='lat' dir='ltr'><strong>e.</strong></span> 
     </span>
     <span class='ocr_line' id='line_1_56' title="bbox 854 2058 1068 2100; baseline 0.005 -8"><span class='ocrx_word' id='word_1_357' title='bbox 854 2060 913 2093; x_wconf 84' lang='lat' dir='ltr'><strong>Gr.</strong></span> <span class='ocrx_word' id='word_1_358' title='bbox 938 2061 969 2100; x_wconf 66' lang='grc' dir='ltr'><strong>ἓ.</strong></span> <span class='ocrx_word' id='word_1_359' title='bbox 991 2058 1068 2095; x_wconf 81' lang='lat'><strong>342.</strong></span> 
     </span>
    </p>

    <p class='ocr_par' dir='ltr' id='par_1_9' title="bbox 850 2103 1496 2514">
     <span class='ocr_line' id='line_1_57' title="bbox 897 2103 1047 2139; baseline 0.014 -2"><span class='ocrx_word' id='word_1_360' title='bbox 897 2106 936 2138; x_wconf 89' lang='lat' dir='ltr'><strong>P.</strong></span> <span class='ocrx_word' id='word_1_361' title='bbox 969 2103 1047 2139; x_wconf 81' lang='lat'><strong>497.</strong></span> 
     </span>
     <span class='ocr_line' id='line_1_58' title="bbox 853 2149 1494 2204; baseline 0.003 -21"><span class='ocrx_word' id='word_1_362' title='bbox 853 2150 1224 2204; x_wconf 84' lang='lat' dir='ltr'><strong>Olympiodorus.</strong></span> <span class='ocrx_word' id='word_1_363' title='bbox 1247 2149 1356 2185; x_wconf 62' lang='lat' dir='ltr'><strong>zanua)</strong></span> <span class='ocrx_word' id='word_1_364' title='bbox 1371 2152 1494 2196; x_wconf 80' lang='grc' dir='ltr'><strong><em>γέγοιε</em></strong></span> 
     </span>
     <span class='ocr_line' id='line_1_59' title="bbox 851 2194 1493 2253; baseline 0.006 -25"><span class='ocrx_word' id='word_1_365' title='bbox 851 2194 944 2240; x_wconf 80' lang='grc' dir='ltr'><strong><em>γυνή</em></strong></span> <span class='ocrx_word' id='word_1_366' title='bbox 966 2208 1013 2231; x_wconf 77' lang='grc' dir='ltr'><strong><em>τις</em></strong></span> <span class='ocrx_word' id='word_1_367' title='bbox 1036 2196 1137 2238; x_wconf 78' lang='grc' dir='ltr'><strong><em>μωρὰ</em></strong></span> <span class='ocrx_word' id='word_1_368' title='bbox 1160 2198 1215 2230; x_wconf 80' lang='grc' dir='ltr'><strong>καὶ</strong></span> <span class='ocrx_word' id='word_1_369' title='bbox 1240 2195 1398 2240; x_wconf 77' lang='grc' dir='ltr'><strong><em>ἀνόητος.</em></strong></span> <span class='ocrx_word' id='word_1_370' title='bbox 1410 2210 1493 2253; x_wconf 82' lang='grc' dir='ltr'><strong>φη-</strong></span> 
     </span>
     <span class='ocr_line' id='line_1_60' title="bbox 853 2239 1495 2285; baseline 0.003 -12"><span class='ocrx_word' id='word_1_371' title='bbox 853 2242 913 2274; x_wconf 84' lang='grc' dir='ltr'><strong>σὶν</strong></span> <span class='ocrx_word' id='word_1_372' title='bbox 936 2253 1005 2274; x_wconf 86' lang='grc' dir='ltr'><strong>ουν</strong></span> <span class='ocrx_word' id='word_1_373' title='bbox 1028 2240 1047 2274; x_wconf 87' lang='grc' dir='ltr'>ὁ</span> <span class='ocrx_word' id='word_1_374' title='bbox 1073 2242 1280 2285; x_wconf 77' lang='grc' dir='ltr'><strong><em>Σωκράτης,</em></strong></span> <span class='ocrx_word' id='word_1_375' title='bbox 1311 2243 1362 2277; x_wconf 83' lang='grc' dir='ltr'><strong>ὅτι</strong></span> <span class='ocrx_word' id='word_1_376' title='bbox 1384 2239 1495 2276; x_wconf 72' lang='grc' dir='ltr'><strong><em>οἶσθα</em></strong></span> 
     </span>
     <span class='ocr_line' id='line_1_61' title="bbox 852 2285 1496 2340; baseline 0.003 -21"><span class='ocrx_word' id='word_1_377' title='bbox 852 2289 887 2319; x_wconf 81' lang='grc' dir='ltr'><strong>τί</strong></span> <span class='ocrx_word' id='word_1_378' title='bbox 906 2286 1011 2340; x_wconf 61' lang='lat' dir='ltr'><strong>leym,</strong></span> <span class='ocrx_word' id='word_1_379' title='bbox 1046 2285 1128 2320; x_wconf 72' lang='grc' dir='ltr'><strong>ἀλλὰ</strong></span> <span class='ocrx_word' id='word_1_380' title='bbox 1150 2286 1299 2330; x_wconf 36' lang='grc' dir='ltr'><strong><em>ἀκκίηζει</em></strong></span> <span class='ocrx_word' id='word_1_381' title='bbox 1329 2286 1408 2322; x_wconf 77' lang='grc' dir='ltr'><strong><em>ἀντὶ</em></strong></span> <span class='ocrx_word' id='word_1_382' title='bbox 1434 2292 1496 2321; x_wconf 82' lang='grc' dir='ltr'><strong>τοῦ</strong></span> 
     </span>
     <span class='ocr_line' id='line_1_62' title="bbox 852 2330 1492 2387; baseline 0.002 -22"><span class='ocrx_word' id='word_1_383' title='bbox 852 2330 953 2366; x_wconf 74' lang='grc' dir='ltr'><strong>ἀλλὰ</strong></span> <span class='ocrx_word' id='word_1_384' title='bbox 960 2338 1203 2387; x_wconf 76' lang='grc' dir='ltr'><strong><em>προςποιῇ</em></strong></span> <span class='ocrx_word' id='word_1_385' title='bbox 1226 2337 1401 2375; x_wconf 78' lang='grc' dir='ltr'><strong><em>μωρίαν</em></strong></span> <span class='ocrx_word' id='word_1_386' title='bbox 1423 2335 1492 2367; x_wconf 85' lang='grc' dir='ltr'><strong>καὶ</strong></span> 
     </span>
     <span class='ocr_line' id='line_1_63' title="bbox 852 2376 1495 2421; baseline 0.002 -10"><span class='ocrx_word' id='word_1_387' title='bbox 852 2378 895 2411; x_wconf 85' lang='grc' dir='ltr'><strong>τὸ</strong></span> <span class='ocrx_word' id='word_1_388' title='bbox 919 2376 971 2421; x_wconf 85' lang='grc' dir='ltr'><strong>μὴ</strong></span> <span class='ocrx_word' id='word_1_389' title='bbox 995 2378 1179 2412; x_wconf 81' lang='grc' dir='ltr'><strong><em>εἰδέναι.</em></strong></span> <span class='ocrx_word' id='word_1_390' title='bbox 1226 2380 1340 2412; x_wconf 86' lang='lat' dir='ltr'><strong>Recte.</strong></span> <span class='ocrx_word' id='word_1_391' title='bbox 1382 2380 1495 2412; x_wconf 85' lang='lat' dir='ltr'><strong>Aliter</strong></span> 
     </span>
     <span class='ocr_line' id='line_1_64' title="bbox 850 2424 1492 2467; baseline 0.003 -11"><span class='ocrx_word' id='word_1_392' title='bbox 850 2424 967 2457; x_wconf 90' lang='lat' dir='ltr'><strong>locum</strong></span> <span class='ocrx_word' id='word_1_393' title='bbox 1002 2424 1244 2467; x_wconf 80' lang='lat' dir='ltr'><strong>interpretatur</strong></span> <span class='ocrx_word' id='word_1_394' title='bbox 1266 2426 1492 2458; x_wconf 85' lang='lat' dir='ltr'><strong>Ruhnken.</strong></span> 
     </span>
     <span class='ocr_line' id='line_1_65' title="bbox 852 2470 1289 2514; baseline -0.002 -11"><span class='ocrx_word' id='word_1_395' title='bbox 852 2470 897 2503; x_wconf 82' lang='lat' dir='ltr'><strong>ad</strong></span> <span class='ocrx_word' id='word_1_396' title='bbox 920 2470 1011 2502; x_wconf 89' lang='lat' dir='ltr'>Tim.</span> <span class='ocrx_word' id='word_1_397' title='bbox 1038 2470 1151 2503; x_wconf 81' lang='lat' dir='ltr'><strong>Gloss.</strong></span> <span class='ocrx_word' id='word_1_398' title='bbox 1177 2481 1211 2514; x_wconf 85' lang='lat' dir='ltr'><strong>p.</strong></span> <span class='ocrx_word' id='word_1_399' title='bbox 1236 2470 1289 2504; x_wconf 88' lang='lat'><strong>18.</strong></span> 
     </span>
    </p>

    <p class='ocr_par' dir='ltr' id='par_1_10' title="bbox 850 2513 1495 2787">
     <span class='ocr_line' id='line_1_66' title="bbox 897 2513 1495 2559; baseline 0.002 -13"><span class='ocrx_word' id='word_1_400' title='bbox 897 2515 965 2547; x_wconf 81' lang='grc' dir='ltr'><strong>καὶ</strong></span> <span class='ocrx_word' id='word_1_401' title='bbox 1001 2513 1167 2555; x_wconf 76' lang='grc' dir='ltr'><strong><em>πρόΐθί</em></strong></span> <span class='ocrx_word' id='word_1_402' title='bbox 1193 2528 1242 2559; x_wconf 72' lang='grc' dir='ltr'><strong>γε</strong></span> <span class='ocrx_word' id='word_1_403' title='bbox 1273 2515 1336 2559; x_wconf 95' lang='lat'><strong>—]</strong></span> <span class='ocrx_word' id='word_1_404' title='bbox 1379 2516 1495 2549; x_wconf 86' lang='lat' dir='ltr'><strong>Offen-</strong></span> 
     </span>
     <span class='ocr_line' id='line_1_67' title="bbox 851 2560 1495 2602; baseline 0 -10"><span class='ocrx_word' id='word_1_405' title='bbox 851 2560 975 2593; x_wconf 78' lang='lat' dir='ltr'><strong>derunt</strong></span> <span class='ocrx_word' id='word_1_406' title='bbox 1009 2562 1148 2594; x_wconf 84' lang='lat' dir='ltr'><strong>criticos</strong></span> <span class='ocrx_word' id='word_1_407' title='bbox 1188 2561 1296 2594; x_wconf 82' lang='lat' dir='ltr'><strong>verba</strong></span> <span class='ocrx_word' id='word_1_408' title='bbox 1327 2560 1376 2594; x_wconf 80' lang='grc' dir='ltr'><strong>ὅτι</strong></span> <span class='ocrx_word' id='word_1_409' title='bbox 1409 2561 1495 2602; x_wconf 80' lang='grc' dir='ltr'><strong><em>ἔχων</em></strong></span> 
     </span>
     <span class='ocr_line' id='line_1_68' title="bbox 851 2606 1493 2648; baseline -0.002 -10"><span class='ocrx_word' id='word_1_410' title='bbox 851 2607 979 2648; x_wconf 72' lang='grc' dir='ltr'><strong><em>λὴρεῐς,</em></strong></span> <span class='ocrx_word' id='word_1_411' title='bbox 1002 2610 1120 2648; x_wconf 88' lang='lat' dir='ltr'><strong>utpote</strong></span> <span class='ocrx_word' id='word_1_412' title='bbox 1138 2607 1288 2639; x_wconf 79' lang='lat' dir='ltr'><strong>Socratis</strong></span> <span class='ocrx_word' id='word_1_413' title='bbox 1304 2606 1493 2639; x_wconf 74' lang='lat' dir='ltr'><strong>urbanitati</strong></span> 
     </span>
     <span class='ocr_line' id='line_1_69' title="bbox 850 2652 1492 2693; baseline 0.002 -11"><span class='ocrx_word' id='word_1_414' title='bbox 850 2653 966 2683; x_wconf 83' lang='lat' dir='ltr'><strong>minus</strong></span> <span class='ocrx_word' id='word_1_415' title='bbox 1033 2652 1287 2685; x_wconf 84' lang='lat' dir='ltr'><strong>convenientia.</strong></span> <span class='ocrx_word' id='word_1_416' title='bbox 1372 2653 1492 2693; x_wconf 76' lang='lat' dir='ltr'><strong>Itaque</strong></span> 
     </span>
     <span class='ocr_line' id='line_1_70' title="bbox 851 2695 1494 2737; baseline 0 -9"><span class='ocrx_word' id='word_1_417' title='bbox 851 2695 1156 2730; x_wconf 79' lang='lat' dir='ltr'><strong>Heindorfius</strong></span> <span class='ocrx_word' id='word_1_418' title='bbox 1203 2709 1244 2731; x_wconf 79' lang='lat' dir='ltr'><strong>ea</strong></span> <span class='ocrx_word' id='word_1_419' title='bbox 1282 2697 1338 2729; x_wconf 90' lang='lat' dir='ltr'><strong>hic</strong></span> <span class='ocrx_word' id='word_1_420' title='bbox 1376 2696 1494 2737; x_wconf 75' lang='lat' dir='ltr'><strong>deleri,</strong></span> 
     </span>
     <span class='ocr_line' id='line_1_71' title="bbox 850 2741 1494 2787; baseline 0.003 -13"><span class='ocrx_word' id='word_1_421' title='bbox 850 2753 932 2775; x_wconf 85' lang='lat' dir='ltr'><strong>mox</strong></span> <span class='ocrx_word' id='word_1_422' title='bbox 948 2746 1063 2776; x_wconf 82' lang='lat' dir='ltr'><strong>autem</strong></span> <span class='ocrx_word' id='word_1_423' title='bbox 1078 2753 1140 2787; x_wconf 85' lang='lat' dir='ltr'><strong>pro</strong></span> <span class='ocrx_word' id='word_1_424' title='bbox 1159 2741 1179 2776; x_wconf 85' lang='grc' dir='ltr'>ὅ</span> <span class='ocrx_word' id='word_1_425' title='bbox 1202 2756 1230 2776; x_wconf 83' lang='grc' dir='ltr'><strong>τι</strong></span> <span class='ocrx_word' id='word_1_426' title='bbox 1253 2741 1358 2786; x_wconf 71' lang='grc' dir='ltr'><strong><em>λέγεις</em></strong></span> <span class='ocrx_word' id='word_1_427' title='bbox 1380 2743 1494 2785; x_wconf 81' lang='lat' dir='ltr'><strong>potius</strong></span> 
     </span>
    </p>
   </div>
   <div class='ocr_carea' id='block_1_6' title="bbox 1121 2104 1492 2161">
    <p class='ocr_par' dir='ltr' id='par_1_11' title="bbox 1121 2104 1492 2161">
     <span class='ocr_line' id='line_1_72' title="bbox 1121 2104 1492 2161; baseline 0.003 -23"><span class='ocrx_word' id='word_1_428' title='bbox 1121 2104 1232 2139; x_wconf 74' lang='grc' dir='ltr'><strong>ἀλλὰ</strong></span> <span class='ocrx_word' id='word_1_429' title='bbox 1289 2104 1492 2161; x_wconf 27' lang='grc' dir='ltr'><strong><em>ἅκικινζει]</em></strong></span> 
     </span>
    </p>
   </div>
  </div>
 </body>
</html>
