1696 2976
0 0 310 11 wrm-7-
361 0 365 5 ·
648 0 650 2 -
719 0 734 3 ·-
831 0 855 4 --
897 0 899 3 ·
1045 0 1150 14 1·'‘','

222 91 278 134 56
770 93 1066 131 ιἰιΑΤοΝιε

223 223 308 254 σαν
320 222 330 232 ·
344 206 397 254 οὐ
412 207 494 266 γὰρ
512 213 669 253 λαθεῖν
683 208 772 253 τῶν
786 205 1037 266 ἀνθρώπων
1052 208 1152 262 τοὺς
1166 210 1437 290 δυναμένους
1454 213 1504 257 ἐν
1518 221 1611 265 ταῖς
1634 0 1696 245 Ἰ]

223 274 374 321 πόλεσι
391 274 611 333 πράττειν,
621 269 766 332 ὦνπερ
775 277 903 320 ἕνεκα
916 274 1036 320 ταῦτ’
1053 276 1144 321 ἐστὶ
1151 274 1203 322 τὰ
1211 276 1505 336 προσχήματα,
1517 279 1611 324 ἐπεὶ

169 387 173 391 ,
223 346 268 388 οἵ
282 361 331 400 γε
348 347 515 398 πολλοί,
526 340 582 394 ὡς
601 346 701 394 ἔπος
718 345 873 398 εἰπεῖν,
882 339 1014 388 οὐδὲν
1029 340 1330 399 αἰσθάνονται,
1339 342 1437 389 αλλ’
1451 342 1541 390 ἅττ’
1555 342 1611 390 ἂν

222 402 341 454 οὗτοι
351 413 378 454 δ
380 410 653 466 ιαγγέλλωσι,
663 411 798 453 ταῦτα
811 406 1009 467 ὑμνοῦσι.
1022 408 1070 455 τὸ
1079 403 1159 455 οὖν
1167 407 1545 469 ἀποδιδράσκοντα
1552 411 1611 470 μὴ

224 474 445 522 δύνασθαι
477 473 743 555 ἀποδρᾶναι,
775 473 884 520 ἀλλὰ
907 479 1135 534 καταφανῆ
1160 476 1287 534 εἶναι,
1310 477 1447 536 πολλὴ
1469 484 1612 537 μωρία

168 558 196 589 Β
223 544 296 587 καὶ
318 545 396 587 τοῦ
420 540 767 601 ἐπιχειρήματος,
792 545 864 587 καὶ
888 542 998 589 πολὺ
1031 546 1398 603 δυσμενεστέρους
1429 547 1613 604 παρέχε-

223 617 332 654 σθαι
355 607 524 666 ἀνάγκη
547 607 647 662 miss
670 606 956 667 ἀνθρώπους
982 608 1190 667 ἡγοῦνται
1213 630 1296 669 γαρ
1320 610 1395 657 τὸν
1417 614 1613 658 τοιοῦτον

223 674 330 734 πρὸς
352 687 442 729 τοῖς
466 674 613 729 ἄλλοις
637 677 710 721 καὶ
727 678 977 734 πανοῦργον
996 676 1118 722 εἶναι.
1147 676 1230 735 ἐγώ
1250 671 1333 724 οὖν
1350 676 1515 724 τούτων
1533 678 1614 737 τὴν

224 745 430 788 ἐναντίαν
453 741 628 789 ἅπασαν
650 740 757 788 ὁδὸν
781 741 997 800 ἐλήλυθα,
1022 746 1094 789 καὶ
1117 742 1312 802 ὁμολογῶ
1335 764 1382 791 τε
1405 744 1640 821 σοφιστὴς

225 809 337 855 εἶναι
369 811 442 855 καὶ
474 808 703 856 παιδευειν
733 807 1020 868 ἀνθρώπους,
1067 812 1139 856 καὶ
1178 809 1411 869 εὐλάβειαν
1450 800 1640 871 ταύτην

223 876 341 935 οἶμαι
365 881 521 934 βελτίω
546 879 713 934 ἐκείνης
738 876 865 932 εἶναι,
883 875 931 922 τὸ
954 876 1182 936 ὁμολογεῖν
1198 881 1363 936 μᾶλλον
1386 876 1413 937 ἢ
1431 882 1613 938 ἔξαρνον

223 943 356 990 εἶναι·
389 945 463 989 καὶ
494 941 627 997 ἄλλας
658 942 766 1001 πρὸς
797 942 932 1003 ταύτῃ
965 949 1194 1003 ἔσκεμμαι,
1236 943 1368 1002 ὥστε,
1408 945 1491 991 σὺν
1520 949 1612 1007 θεῷ

310 1091 358 1129 τὸ
375 1087 455 1129 οὖν
471 1090 602 1129 ἄποδ.
606 1094 620 1139 ]
639 1096 742 1128 Libri
758 1091 824 1129 τὸν
839 1099 983 1139 praeter
998 1096 1086 1129 Ven.
1104 1096 1149 1133 Ξ.

309 1135 367 1184 μὴ
386 1136 620 1174 δύνασθαι
637 1135 919 1183 αποδρᾶναι]
939 1142 1092 1175 Veteres
1110 1141 1297 1176 editiones.
1313 1138 1538 1185 οἷποδραναι.

220 1275 274 1307 uti
297 1274 479 1308 Phaedon.
509 1275 600 1317 p.81
619 1275 662 1307 D.
687 1274 829 1308 Phileb.
847 1286 880 1318 p.

950 1284 1087 1309 σκοντα
1119 1279 1288 1309 conatum
1320 1277 1549 1320 significante
1577 1289 1611 1314 v

221 1319 319 1352 130.
343 1330 376 1362 p.
401 1320 443 1352 52
465 1320 506 1352 A.
509 1286 687 1351 p'Phaedn
707 1330 740 1362 p
759 1320 882 1351 2⁴12ss.

951 1320 997 1352 ad
1012 1320 1202 1353 Menexen.
1225 1332 1260 1363 p.
1278 1323 1342 1354 244
1358 1323 1399 1356 Ε.
1431 1323 1524 1355 Dein
1547 1322 1613 1356 καὶ

218 1365 274 1396 De
317 1364 471 1407 Republ.
501 1364 547 1396 II.
593 1374 626 1406 p.
665 1365 731 1397 358
763 1363 802 1396 C.
803 1364 884 1411 al.

220 1408 338 1442 Staltb.

264 1448 368 1492 τοὺς
386 1450 676 1504 δυναμένους
691 1470 736 1476 -
751 1448 883 1496 πράτ-

220 1495 332 1541 τειν]
357 1498 448 1531 Vide
472 1508 516 1530 ne
538 1508 717 1539 πραττειν
732 1498 780 1530 sit
796 1499 884 1530 insi-

218 1543 356 1574 ticium.
402 1542 492 1574 Nam
516 1551 624 1583 quum
647 1542 707 1574 hic
730 1542 773 1574 de
795 1543 884 1575 viris

217 1587 256 1619 in
278 1597 316 1619 re
339 1586 488 1629 publica
515 1587 724 1629 potentibus
752 1590 884 1629 agatur

216 1631 398 1664 universis
414 1641 494 1672 nec,
511 1640 605 1672 quae
622 1631 670 1663 sit
685 1641 806 1664 eorum
821 1642 883 1674 po-

217 1676 347 1718 tentia,
375 1676 584 1708 accuratius
601 1679 815 1718 exponatur,
839 1672 886 1714 Ιοῖ

219 1702 443 1763 δυνάμενοι,
463 1720 525 1761 qui
533 1720 622 1753 alibi
638 1720 748 1752 iidem
758 1720 881 1753 dicun—

215 1767 276 1797 tur
291 1763 467 1806 δυνατοί,
492 1765 613 1807 aptius
635 1767 711 1803 τοῖς
733 1765 884 1803 πολλοῖς

218 1811 241 1843 i.
259 1820 290 1842 e.
315 1809 424 1852 vulgo
448 1819 475 1841 s.
505 1809 696 1852 imperitae
719 1810 882 1842 multitu—

219 1853 294 1886 dini
311 1857 556 1905 opponuntur,
581 1864 687 1896 quam
713 1850 751 1886 οἱ
766 1849 881 1887 δυνά-

217 1909 324 1941 μενοι
341 1893 531 1940 πράττειν.
564 1899 607 1931 Ιιι
624 1898 760 1941 Gorgia
776 1909 809 1941 p.
817 1900 883 1931 525

218 1943 268 1982 Ε,
291 1943 353 1975 nbi
375 1942 418 1975 de
435 1943 600 1985 tyrannis
624 1953 812 1986 rerumque
832 1944 881 1975 ci-

214 1967 342 2019 vilium
365 1986 718 2020 administratoribus
747 1988 882 2030 agitur,

217 2031 307 2063 dicit
330 2031 517 2064 Socrates:
551 2026 591 2064 ἐκ
621 2031 694 2065 τῶν
718 2029 883 2075 δυναμέ-

218 2087 291 2109 νων
314 2072 385 2108 εἰσὶ
407 2074 472 2109 καὶ
494 2072 534 2109 οἴ
552 2071 701 2118 σφόδρα
723 2075 881 2129 πονηροὶ

217 2116 430 2164 γιγνόμενοι
463 2114 673 2163 ανθρωποι.
702 2117 882 2172 πράττειν

215 2166 247 2197 si
277 2165 386 2197 Plato
416 2165 587 2207 scripsit,
619 2165 803 2197 intellexit
833 2161 878 2198 τὰ

215 2220 416 2252 πραγματα
451 2211 528 2243 sive
552 2205 597 2242 τὰ
621 2207 694 2242 τῶν
721 2204 876 2243 πόλεων.

215 2264 248 2288 v.
272 2253 456 2287 Demosth.
477 2255 530 2296 18,
548 2255 603 2288 45.
624 2254 733 2286 Isocr.
750 2255 782 2291 4
802 2255 876 2288 188

259 2309 313 2336 ως
372 2295 476 2337 ἔπος
521 2279 684 2339 εἰπεῖν,
743 2292 878 2331 οὐδὲν

216 2339 359 2386 αἰσθ.]
411 2342 718 2386 propemodum
761 2343 875 2375 nihil

216 2387 431 2420 sentiunt.
482 2387 573 2420 Nam
602 2388 655 2420 ita
682 2387 777 2419 hanc
804 2387 876 2420 for-

212 2431 347 2464 mulam
380 2432 474 2474 apud
496 2432 684 2465 Platonem
711 2433 878 2474 usurpari

215 2476 262 2508 ad
279 2476 387 2518 Gorg.
399 2486 443 2528 p.
462 2478 526 2509 520
543 2477 571 2507 Β
606 2479 817 2509 monuimus.

214 2519 358 2553 ταῦτα
385 2515 605 2563 υμνοῦσι,
636 2532 685 2553 ea
713 2522 874 2553 ‹lecan-

214 2568 336 2606 tant,
388 2568 429 2597 ιιι
474 2569 573 2597 recte
619 2566 877 2608 interpretatur

214 2609 443 2642 Ruhnken.
461 2609 604 2643 adTim.
620 2621 651 2652 p.
662 2612 736 2642 262.
755 2610 872 2642 Seanb.

259 2648 304 2686 τὸ
345 2645 428 2687 οὖν
464 2648 874 2696 ἀποδιδράσκοντα

214 2693 271 2741 μὴ
301 2697 336 2731 δ.
360 2692 449 2742 dm]
477 2698 694 2740 aufugere
723 2710 874 2732 conan-

216 2748 289 2774 tem
306 2753 389 2775 non
406 2753 536 2785 posse
554 2743 782 2795 aufugere,
800 2743 874 2776 sed

213 2787 498 2829 deprehendi.
560 2788 613 2820 De
667 2782 875 2830 α’ποδιδρᾶ-

951 1367 1036 1397 ante
1054 1363 1121 1398 τοῦ
1139 1349 1424 1409 ἐπιχειρήματος
1449 1371 1505 1399 est
1527 1368 1610 1406 vel,

950 1409 1019 1442 hoc
1035 1419 1157 1442 sensu:
1176 1409 1217 1442 id
1235 1413 1297 1443 vel
1319 1413 1468 1444 conari
1489 1412 1611 1445 velle

951 1454 1134 1487 stultum
1159 1458 1262 1489 est.
1283 1456 1431 1497 Itaque
1443 1455 1508 1489 τοῦ
1532 1451 1609 1489 ἐπι-

951 1493 1174 1550 χειρήματος
1191 1500 1302 1531 iterat
1314 1501 1494 1533 notionem
1531 1511 1608 1533 r-ae

952 1543 1114 1575 cedentis
1131 1538 1473 1585 αποδιδράσκοντα.
1519 1546 1609 1578 tallb.

950 1587 1053 1621 Conf.
1077 1587 1120 1620 de
1151 1597 1226 1629 rep.
1244 1588 1305 1619 VI.
1331 1599 1384 1640 Ρ.
1380 1590 1445 1621 492
1460 1589 1508 1621 Ε.
1545 1588 1610 1623 καὶ

947 1626 988 1664 τὸ
1006 1626 1208 1685 ἐπιχειρεῖν
1225 1633 1342 1683 πολλη
1359 1644 1484 1666 ανοια.

993 1675 1033 1708 Β.
1065 1686 1238 1709 τουτων
1275 1671 1324 1719 τὴ
1339 1689 1360 1710 ν
1390 1671 1611 1712 ἐναντίαν

948 1729 1134 1754 απασαν
1155 1715 1282 1764 ὁδὸν]
1309 1721 1342 1753 h.
1369 1732 1400 1755 e.
1426 1717 1495 1765 τὴν
1517 1717 1612 1757 ὁδὸν

949 1757 973 1808 ἣ
996 1758 1125 1798 απασά
1155 1759 1255 1798 ἐστιν
1278 1759 1431 1800 ἐναντία
1455 1777 1609 1801 τουτων.

948 1820 1012 1852 pro
1029 1805 1170 1843 τούτων
1192 1810 1317 1842 eadem
1341 1812 1610 1854 comparatione

949 1864 1042 1896 quae
1064 1858 1219 1887 vocatur
1247 1855 1514 1897 compendiaria
1537 1856 1610 1888 dici

976 1900 1068 1931 otuit
1085 1894 1242 1950 τούτοις.
1263 1899 1436 1932 Andocid
1455 1910 1504 1932 or.
1526 1903 1552 1937 1
1570 1903 1608 1933 5:

950 1910 1023 1994 Ξγώ
1043 1938 1137 1976 πολὺ
1167 1938 1237 1986 τὴν
1265 1938 1443 1978 ἐναντίαν
1464 1940 1610 1983 τούτοις

950 1983 1100 2031 γνώμην
1117 1985 1198 2031 ἔχω.
1227 1988 1471 2039 Protagoras'
1462 2000 1539 2041 ipse
1556 1990 1609 2022 in-

950 2033 1006 2064 fra
1024 2043 1057 2075 p.
1075 2035 1139 2066 323
1155 2033 1187 2064 D
1212 2027 1257 2065 τὰ
1276 2028 1374 2066 κακὰ
1391 2031 1455 2066 καὶ
1473 2027 1608 2068 τάναν-

949 2076 1010 2109 τία
1029 2071 1187 2117 τούτοις,
1211 2077 1273 2109 sed
1291 2088 1360 2111 uno
1376 2088 1482 2111 versu
1500 2079 1608 2111 inter-

948 2122 1043 2154 iecto
1086 2131 1210 2153 rursus
1254 2116 1437 2156 ταναντία
1468 2133 1610 2156 τουτων

946 2160 1057 2207 κακὰ,
1066 2165 1165 2198 nullo
1173 2168 1378 2199 sententiae
1387 2167 1607 2205 discrimine,

946 2210 1038 2251 quod
1071 2210 1212 2252 Kriiger
1245 2211 1304 2244 Gt.
1321 2213 1458 2262 48.13,
1482 2214 1503 2244 4
1533 2215 1606 2244 sta·

945 2255 1024 2286 tuit.
1042 2272 1085 2277 —
1109 2255 1197 2287 Voc.
1220 2254 1295 2293 πᾶς
1318 2259 1355 2288 et
1375 2267 1475 2295 απας
1498 2266 1606 2298 saepe

945 2299 1068 2331 eodem
1108 2299 1210 2332 modo
1254 2301 1378 2342 optimi
1416 2301 1606 2343 scriptores

944 2348 1225 2397 usurpaverunt.
1249 2347 1289 2376 ιιι
1291 2345 1472 2395 Xenopb.
1489 2345 1604 2379 Anab.

944 2389 1030 2440 I.5‚
1057 2390 1092 2420 1:
1125 2379 1174 2441 ᾖν
1204 2385 1227 2431 ἡ
1259 2387 1323 2439 γῆ
1339 2387 1471 2423 πεδίον
1502 2382 1607 2422 ἅπαν

945 2412 1081 2474 ὁμαλὲς
1117 2442 1238 2485 ωσπερ
1266 2427 1458 2466 θάλαττα.
1491 2433 1605 2466 Hero-

944 2477 1017 2509 dot.
1034 2477 1064 2517 1,
1081 2478 1141 2509 52:
1145 2471 1446 2529 ἆνέθηκεσοίκος
1464 2488 1502 2510 τε
1519 2473 1604 2521 χρύ

943 2531 1029 2555 σεον
1044 2520 1122 2555 πᾶν
1137 2516 1272 2565 ὁμοίως
1289 2519 1352 2554 καὶ
1369 2517 1510 2565 αἰχμὴν
1526 2532 1604 2556 στε-

942 2561 1033 2608 ρεὴν
1047 2565 1174 2599 πᾶσαν
1189 2563 1358 2609 χρυσέην.
1376 2566 1536 2609 Thucyd.
1543 2567 1603 2600 VI.

942 2613 995 2649 21,
1014 2613 1044 2643 ⁴2.
1063 2610 1124 2644 VI.
1140 2612 1192 2647 37.
1211 2613 1244 2643 3.

986 2653 1061 2687 καὶ
1107 2648 1247 2693 ἄλλας
1299 2650 1409 2695 πρὸς
1461 2650 1601 2699 ταύτῃ

944 2696 1181 2742 ἔσκεμμαι]
1210 2702 1344 2740 atque
1374 2698 1492 2732 alias
1524 2700 1602 2732 eti-

944 2754 1005 2775 am
1030 2748 1210 2786 praeter
1233 2743 1344 2775 hauc
1367 2744 1602 2776 cautiones

944 2788 1170 2830 indagavi.
1181 2804 1219 2810 —
1234 2783 1315 2820 σὺν
1331 2786 1422 2833 θεῷ
1441 2785 1600 2821 εἰπεῖν.
