1682 2944
245 143 296 177 30
715 139 1106 180 PROLEGOMENA

242 249 371 299 procul
399 249 489 288 hinc
530 250 680 289 habites
716 263 787 289 nec
820 251 932 289 facile
958 252 1079 301 possis
1116 251 1178 290 vel
1218 252 1266 289 ab
1294 251 1569 301 improbissimo

242 318 392 357 quoque
420 306 461 344 in
488 306 670 344 iudicium
696 306 799 356 rapi!
829 306 926 344 Tum
954 308 1145 345 Socrates:
1184 307 1266 355 Ego
1294 320 1385 345 vero
1413 307 1570 345 insanus

242 361 324 408 sim,
352 361 521 408 Callicle,
561 362 633 399 nisi
668 362 883 400 existimem
910 362 951 400 in
979 363 1051 400 hac
1077 362 1232 400 civitate
1271 362 1444 413 quemvis
1471 363 1570 413 peri-

242 416 336 454 culis
365 417 486 455 omnis
514 417 664 466 generis
691 430 773 456 esse
801 418 1028 468 expositum.
1067 418 1169 456 Illud
1198 422 1325 456 tamen
1354 422 1456 457 certo
1482 419 1570 465 scio,

242 472 274 510 si
301 472 342 510 in
369 473 498 511 iudicii
534 473 734 512 discrimen
771 474 954 521 adducar,
994 474 1206 524 improbum
1242 475 1322 511 fore
1359 487 1466 520 cum,
1487 474 1570 525 ⁷qui

241 541 302 565 me
329 528 420 566 illuc
447 529 676 568 deducturus
705 530 772 568 sit:
804 543 914 567 nemo
941 530 1045 567 enim
1072 530 1211 579 probus
1237 534 1278 567 ct
1302 530 1484 568 honestus
1511 530 1571 568 vir

240 584 481 623 innocentem
508 585 550 623 in
576 585 653 623 tale
680 585 890 634 periculum
918 585 1103 623 coniiciat.
1150 584 1389 636 Quamquam
1416 585 1571 622 minime

241 640 455 678 mirandum
483 640 574 687 erit,
613 641 646 679 si
683 641 796 679 morti
823 640 988 678 obiiciar.
1044 639 1221 679 Arbitror
1256 641 1357 678 enim
1394 654 1454 678 me
1491 641 1571 679 fere

241 696 363 733 solum
391 696 492 735 inter
516 696 773 734 Athenienses
800 709 932 735 veram
960 696 1053 734 artis
1081 695 1204 734 civilis
1227 696 1413 735 rationem
1443 700 1573 734 tenere

241 755 356 802 atque
387 752 508 790 colere
545 751 597 801 (p.
629 755 718 790 521.
747 751 822 799 D.).
878 751 1068 792 Quoniam
1106 755 1234 790 autem
1271 764 1347 789 non
1375 752 1432 798 id,
1470 752 1571 803 quod

242 807 448 845 iucundum
477 811 556 854 est,
584 808 650 845 sed
677 807 788 845 unice
815 807 930 854 illud,
969 808 1070 859 quod
1098 807 1282 856 optimum
1310 807 1481 854 videtur,
1512 821 1570 845 se-

241 863 336 901 ctari
372 864 475 901 soleo
504 863 665 914 ideoque
694 863 880 901 lenocinia
906 862 973 901 illa
1010 867 1050 901 et
1076 862 1246 909 delicias,
1285 863 1424 913 quibus
1455 863 1570 911 vulgo

240 919 495 957 Athenienses
522 918 734 968 capiuntur,
762 919 870 956 nihili
903 918 1072 965 aestimo,
1101 931 1192 956 sane
1219 931 1295 956 non
1322 919 1468 957 habebo
1496 931 1572 969 quo

240 987 300 1012 me
328 974 369 1012 in
396 974 534 1012 iudicio
573 975 783 1012 defendam.
840 975 974 1025 Neque
1012 974 1115 1012 enim
1150 975 1367 1023 voluptates
1405 987 1450 1012 ac
1476 974 1569 1012 deli-

241 1030 328 1077 cias,
358 1043 452 1081 quas
479 1030 528 1068 iis
547 1030 851 1080 comparaverim,
881 1042 1168 1068 commemorare
1194 1034 1336 1079 potero,
1368 1034 1407 1068 et
1435 1029 1466 1067 si
1485 1029 1572 1081 quis

240 1099 300 1124 me
328 1086 430 1125 dicat
457 1086 616 1124 iuvenes
654 1086 710 1125 ita
747 1099 1004 1135 corrumpere,
1042 1089 1088 1124 ut
1124 1085 1360 1124 sermonibus
1397 1085 1491 1123 meis
1531 1085 1570 1122 in

240 1155 427 1180 sumnam
464 1141 684 1191 redigantur
721 1141 867 1180 consilii
913 1141 1098 1191 inopiam,
1143 1142 1206 1181 vel
1243 1142 1343 1180 viros
1381 1153 1426 1178 ac
1462 1153 1571 1179 senes

240 1199 373 1236 acerbe
401 1198 676 1247 reprehendere
705 1201 745 1236 ct
772 1197 976 1245 castigare,
1015 1197 1110 1236 haec
1136 1197 1262 1235 omnia
1298 1196 1495 1235 verissime
1522 1197 1570 1234 de

239 1266 300 1291 me
330 1253 403 1291 dici
431 1253 544 1292 fateri
572 1254 726 1291 debebo.
773 1253 1032 1303 Respondenti
1062 1257 1191 1291 autem
1219 1252 1364 1290 Callicli
1391 1252 1571 1289 miserum

240 1309 313 1347 sibi
340 1309 462 1363 videri
490 1322 588 1355 eum,
618 1309 685 1360 qui
713 1321 838 1360 neque
866 1308 937 1346 sibi
968 1321 1091 1359 neque
1120 1307 1206 1346 aliis
1234 1307 1411 1346 auxiliari
1440 1307 1571 1357 possit,

183 1403 193 1414 ‚
240 1365 335 1402 haec
362 1365 530 1415 reponit:
570 1365 671 1402 Mihi
707 1365 861 1415 quidem
898 1363 931 1402 is
968 1364 1122 1402 minime
1161 1364 1315 1402 videtur
1351 1363 1467 1401 miser
1504 1363 1571 1400 ha-

241 1421 407 1467 bendus,
454 1421 521 1471 qui
558 1433 681 1471 neque
719 1420 903 1459 adversus
939 1419 1113 1457 homines
1149 1432 1219 1457 nec
1262 1419 1445 1458 adversus
1481 1418 1571 1457 deos

241 1475 374 1514 iniusti
411 1476 503 1526 quid
541 1475 683 1514 dixerit
717 1488 888 1527 unquam
927 1479 995 1514 aut
1021 1475 1316 1525 perpetraverit;
1355 1478 1471 1525 atque
1499 1474 1571 1511 hoc

243 1531 302 1570 aio
330 1531 698 1582 praestantissimum
726 1545 809 1570 esse
837 1530 1034 1577 auxilium,
1074 1531 1174 1582 quod
1204 1530 1290 1581 quis
1318 1530 1470 1568 sibimet
1497 1529 1569 1579 ipsi

242 1588 341 1625 ferre
368 1591 502 1639 queat,
540 1591 586 1626 ut
612 1588 719 1625 nulla
744 1587 926 1637 pallescat
954 1587 1076 1636 culpa.
1132 1586 1252 1624 Nemo
1282 1585 1383 1623 enim
1420 1585 1571 1634 sapiens

241 1647 401 1682 mortem
429 1643 660 1690 reformidat,
698 1643 843 1682 iniusta
869 1645 997 1680 autem
1024 1642 1193 1680 facinora
1220 1641 1450 1688 reformidat,
1479 1653 1570 1692 quo·

241 1712 326 1737 rum
363 1712 524 1749 poenam
563 1699 672 1738 novit
708 1699 825 1737 etiam
861 1702 948 1748 post
982 1702 1143 1736 mortem
1188 1697 1342 1735 instare.
1418 1696 1568 1746 Quippe

242 1768 431 1794 summum
458 1755 628 1793 omnium
654 1755 839 1793 malorum
872 1758 933 1792 est
959 1754 1084 1791 animo
1113 1753 1218 1791 vitiis
1246 1753 1391 1803 repleto
1427 1753 1474 1790 ad
1512 1751 1568 1789 in-

241 1811 341 1849 feros
378 1811 551 1860 migrare.
616 1811 674 1848 De
711 1823 788 1862 qua
822 1822 863 1848 re
902 1809 992 1847 audi
1027 1809 1301 1855 narrationem,
1347 1820 1461 1860 quam
1497 1807 1570 1846 etsi

240 1867 410 1904 fabulam
437 1879 520 1905 esse
547 1865 712 1916 putabis,
740 1869 868 1904 tamen
895 1865 990 1904 scito
1017 1877 1100 1903 esse
1128 1864 1376 1904 verissimam.
1404 1864 1446 1901 P.
1479 1866 1570 1901 521.

241 1924 288 1960 A.
316 1943 373 1949 ——
402 1925 492 1960 522.
522 1923 565 1959 Ε.

323 1977 487 2015 Animus
515 1977 636 2023 enim,
675 1989 794 2027 quum
829 1980 915 2026 post
942 1980 1102 2014 mortem
1140 1975 1187 2012 ad
1218 1975 1358 2012 inferos
1386 1972 1569 2019 discessit,

242 2034 366 2071 nudus
395 2033 447 2071 ibi
475 2033 681 2079 iudicatur,
710 2036 756 2070 ut
783 2031 881 2069 nihil
907 2031 1027 2081 possit
1053 2030 1255 2080 impedire,
1284 2028 1485 2080 quominus
1513 2028 1570 2066 iu-

242 2089 343 2127 dices
372 2102 460 2126 eum
496 2089 607 2151 plane
645 2091 882 2135 cognoscant.
937 2087 1036 2124 Nam
1066 2085 1182 2124 animi
1219 2098 1243 2122 a
1279 2084 1483 2122 sceleribus
1528 2083 1569 2121 in

242 2145 314 2183 hac
341 2144 424 2183 vita
451 2143 659 2182 commissis
694 2143 823 2180 ulcera
858 2145 898 2180 ct
933 2141 1076 2180 vibices
1114 2140 1355 2179 contrahunt.
1419 2138 1569 2177 Iudices

241 2204 391 2247 autem,
430 2201 599 2238 ulcerum
638 2202 776 2237 natura
804 2202 977 2235 accurate
1014 2196 1183 2253 cognita,
1220 2195 1410 2240 iudicant,
1439 2200 1568 2232 utrum

242 2255 357 2293 animi
386 2255 464 2294 sint
491 2255 679 2293 sanabiles
707 2266 836 2292 necne.
883 2253 935 2291 Et
962 2252 1149 2290 sanabiles
1168 2244 1330 2302 quidem
1357 2250 1570 2312 puniuntur

239 2311 446 2362 poenisque
485 2310 724 2359 corriguntur
761 2321 805 2346 ae
840 2312 1034 2346 sanantur.
1090 2307 1326 2345 Insanabilcs
1363 2311 1490 2344 autem
1526 2305 1567 2342 in

241 2371 438 2406 aeternum
476 2364 820 2405 vehementissimis
865 2363 1094 2402 cruciatibus
1136 2367 1383 2413 torquentur,
1430 2361 1569 2412 quibus

239 2422 313 2472 ipsi
330 2423 478 2460 nullam
495 2422 703 2460 utilitatem
730 2419 953 2471 percipiunt,
982 2419 1048 2457 sed
1067 2418 1151 2456 aliis
1177 2419 1218 2455 in
1238 2416 1455 2467 exemplum
1475 2429 1567 2478 pro·

240 2482 444 2528 ponuntur.
501 2477 577 2518 Qui
605 2489 695 2515 vero
723 2475 845 2514 omnis
874 2475 971 2513 labis
1000 2478 1176 2524 expertes
1210 2476 1443 2518 manserunt,
1472 2471 1498 2509 ii
1527 2471 1566 2509 in

240 2534 384 2572 insulas
413 2535 610 2572 beatorum
638 2532 804 2580 migrant
840 2530 968 2582 ibique
1005 2531 1160 2568 beatum
1199 2533 1239 2568 et
1265 2527 1475 2567 immortale
1502 2527 1567 2564 de-

240 2586 1054 2638 guntaeva.523...A.-—-5260
1150 2605 1159 2614 ·

322 2646 405 2694 Ego
441 2644 578 2694 igitur,
617 2657 640 2681 o
667 2642 841 2690 Callicle,
880 2654 1000 2693 quum
1036 2641 1097 2679 his
1134 2638 1415 2679 narrationibus
1450 2637 1564 2675 fidem
