1722 2964
188 150 267 192 118

732 154 1039 192 PLATole

103 281 170 314 339
183 270 274 312 ἔστι
298 265 348 312 δὲ
370 269 497 313 τοῦτο
528 264 581 312 τοὶ
603 264 688 313 imo
713 269 803 312 τῶν
825 270 1018 326 ποιητῶν
1049 268 1260 328 λεγόμενα
1284 267 1379 317 οἷόν
1401 274 1439 318 τ’
1468 272 1582 319 εἶναι

183 334 378 388 ξυνιέναι
401 332 430 378 ἅ
459 353 505 379 τε
528 332 675 391 ὀρθῶς
699 338 929 392 πεποίηται
959 336 1032 381 καὶ
1055 333 1083 380 ἃ
1105 335 1188 394 μή,
1218 338 1293 382 καὶ
1316 335 1581 386 ἐπίστασθαι

182 403 345 446 διελεῖν
375 418 422 445 τε
453 401 527 445 καὶ
552 398 835 459 ἐρωτώμενον
858 399 989 459 λόγον
1013 404 1179 448 δοῦναι.
1229 405 1302 448 καὶ
1327 403 1382 462 δὴ
1405 406 1477 450 καὶ
1502 408 1587 452 νῦν

181 471 301 512 ἔσται
324 466 371 511 τὸ
397 465 596 525 ἐρώτημα
619 468 721 526 περὶ
742 469 820 514 τοῦ
844 466 979 515 αὐτοῦ
1002 469 1106 526 μέν,
1139 470 1239 529 περὶ
1262 463 1398 529 οὗπερ
1433 470 1518 529 ἐγώ
1540 490 1588 518 τε

181 534 254 578 καὶ
278 532 334 578 σὺ
357 535 443 579 νῦν
467 532 522 592 δὴ
548 532 858 593 διελεγόμεθα,
883 537 983 595 περὶ
1006 534 1184 594 ἀρετῆς,
1216 540 1589 596 μετενηνεγμένον

181 600 229 645 δὲ
255 604 317 652 εἰς
341 605 540 658 ποίησιν·
567 603 775 647 τοσοῦτον
796 602 934 660 μόνον
957 606 1126 648 διοίσει.
1154 604 1269 660 λέγει
1293 603 1376 661 γάρ
1400 622 1486 649 που
1506 611 1585 650 Σι·

178 670 374 724 μωνίδης
414 665 521 725 πρὸς
565 666 771 725 Σκόπαν,
808 667 886 713 τὸν
909 671 1126 727 Κρέοντος
1166 669 1269 715 υἱὸν
1314 671 1392 716 τοῦ
1426 677 1588 716 Θεττα-

179 735 274 789 λοῦ,
299 731 365 778 ὅτι

236 819 256 835 n
379 819 390 836 ‚
430 820 440 837 ‚
544 821 554 836 x
645 822 657 840 x
728 820 739 837 ‚
850 824 860 839 ,
1333 823 1343 838 ,

120 830 150 863 Β
249 825 372 880 Ανδρ
418 829 589 880 αγαθον
611 841 693 880 μεν
716 828 916 878 αλαθεως
947 825 1156 881 γενέσθαι
1181 830 1386 882 χαλεπον,

245 893 397 947 χερσίν
426 907 472 935 τε
504 890 577 934 καὶ
607 890 710 934 ποσὶ
741 891 813 934 καὶ
846 889 935 951 νόῳ
966 889 1261 950 τετράγωνον,
1306 889 1416 937 ἄνευ
1446 889 1588 949 ψόγου

645 958 919 1014 τετυγμένον.

267 1083 358 1127 Cap.
374 1084 503 1117 XXVI.
536 1084 577 1116 P.
595 1086 671 1118 339.
704 1080 751 1117 τὸ
777 1079 1007 1128 ἐρώτημα]
1035 1080 1077 1118 τὸ
1101 1086 1214 1119 habet
1237 1086 1341 1119 Bodl.
1366 1090 1403 1120 et
1425 1097 1470 1120 ex
1494 1097 1584 1122 corr.

178 1127 290 1162 Coisl.
308 1129 439 1162 Venet.
458 1129 546 1165 ΞΣ.
563 1130 661 1162 vett.
681 1129 783 1163 editt.
799 1129 860 1162 vel
877 1141 926 1172 τῳ
943 1130 1001 1162 vel
1019 1130 1070 1175 τῷ
1089 1124 1143 1172 ἐρ.

267 1172 350 1207 νῦν
373 1168 428 1216 δὴ
455 1169 794 1216 διελεγόμεθα]
824 1173 885 1206 sic
904 1173 1146 1207 Stallbaumio
1163 1177 1311 1207 auctore
1330 1185 1409 1208 cum
1427 1174 1585 1218 Sauppio

177 1218 387 1260 scripsimus
417 1219 564 1260 propter
592 1217 878 1260 disputationem
907 1228 1051 1260 prorsus
1073 1220 1326 1261 interruptam.
1378 1219 1487 1262 Vulg.
1516 1219 1587 1253 νῦν

176 1258 451 1305 διαλεγόμεθα.
484 1262 589 1295 vind.
609 1263 692 1297 Vat.
709 1271 727 1297 t
743 1261 815 1296 νῦν
831 1257 1096 1306 διελεγόμεθα.

914 1372 1024 1406 nidea
1047 1374 1093 1406 ab
1117 1373 1327 1406 Hermanno
1351 1373 1397 1406 ad
1418 1383 1583 1407 numeros

914 1420 1089 1450 revocata
1120 1418 1354 1450 inveniuntur
1377 1418 1414 1450 in
1439 1418 1587 1461 praefa-

915 1463 1013 1494 tione
1045 1473 1079 1504 p.
1096 1463 1158 1502 23;
1207 1461 1314 1494 aliter
1355 1472 1423 1495 nec
1469 1463 1585 1495 minus

916 1509 1022 1538 acute
1040 1516 1084 1539 es.
1101 1506 1474 1550 conflavitTh.Bergk
1483 1507 1583 1539 Post.

915 1550 1038 1591 Lyric.
1055 1549 1185 1583 Graec.
1211 1561 1245 1592 p.
1262 1551 1328 1583 868
1344 1561 1439 1593 sqq.,
1463 1550 1527 1583 sed
1549 1561 1584 1583 v.

219 1374 261 1406 P.
279 1374 355 1406 339.
380 1371 460 1406 καὶ
475 1390 520 1396 -
548 1369 741 1416 διελεῖν]
776 1373 848 1404 sin·

175 1417 280 1460 gulas
297 1418 499 1450 sententias
518 1419 555 1450 et
576 1427 699 1450 earum
715 1427 847 1449 nexum

176 1462 319 1505 aperire
332 1461 506 1503 docendo,
524 1471 628 1503 quem
645 1461 692 1494 ad
705 1461 847 1493 modum

174 1506 289 1540 verba
300 1507 396 1539 inter
405 1516 443 1539 se
455 1505 706 1547 coniungenda
716 1509 779 1537 aut
791 1516 845 1538 se—

174 1549 359 1593 iungenda
376 1551 466 1590 sint;
497 1560 531 1583 v.
550 1550 703 1582 Isocrat.
723 1560 771 1582 or.
793 1551 846 1588 12,

175 1596 235 1627 17:
260 1589 347 1633 τοὺς
364 1590 497 1638 λόγους
512 1604 585 1637 μου
601 1588 847 1635 ἐλυμαίνοντο

174 1635 229 1680 (οἱ
242 1639 450 1690 σοφισταί)ζ
467 1633 848 1691 παραναγιγνώσκον-

173 1693 234 1722 τες
247 1678 295 1722 ὦς
312 1682 479 1716 δυνατον
491 1692 653 1716 κακιστα
664 1685 749 1734 ,τοῖς
763 1676 848 1715 ἔαυ-

173 1727 248 1761 τῶν
270 1725 335 1761 καὶ
360 1727 599 1769 διαιροῦντες
628 1731 696 1759 ουκ
722 1726 847 1777 ορθῶς

172 1770 238 1806 καὶ
250 1771 538 1812 κατακνίζοντες
550 1769 615 1804 καὶ
628 1766 754 1804 πάντα
768 1781 850 1812 τρο-

171 1826 246 1850 πον
262 1815 569 1859 διαφθείροντες.

218 1859 344 1904 λέγει
361 1879 406 1884 -
422 1858 713 1903 Σιμωνίδης]
734 1859 850 1892 Simo—

172 1905 277 1938 nides
294 1905 402 1946 Ceus,
420 1908 530 1948 poeta
552 1904 708 1946 lyricus,
731 1903 846 1937 bello-

172 1959 248 1982 rum
284 1949 506 1982 Medicorum
554 1951 678 1982 aetate
715 1949 846 1982 floruit.

173 1995 211 2028 Is
234 1994 478 2036 sophistarum
510 1994 627 2026 instar
650 1993 846 2026 Graeciam

171 2048 372 2082 peragrans
389 2038 517 2071 laudes
542 2048 662 2070 eorum
684 2037 844 2079 scripsit,

173 2083 232 2125 qui
249 2083 383 2116 honore
402 2086 438 2114 ot
460 2083 618 2124 pecunia
643 2092 721 2115 eum
738 2091 843 2114 orna-

171 2128 274 2160 bant.
325 2127 369 2159 In
407 2127 537 2169 quibus
573 2129 652 2159 erat
690 2126 842 2168 Scopas,

171 2171 432 2205 Thessalorum
449 2171 617 2213 princeps
629 2196 638 2210 ,
670 2180 704 2202 v.
723 2169 844 2204 Cicer.

172 2215 217 2248 de
236 2216 340 2249 Orat.
357 2216 404 2250 11.
422 2216 476 2248 86.
511 2215 635 2255 Quint.
668 2215 758 2247 Inst.
779 2213 840 2246 Or.

171 2259 234 2294 XI.
252 2262 283 2298 2,
304 2262 356 2295 11.
389 2260 445 2292 De
470 2258 716 2302 Scopadarum
734 2262 842 2300 gente

171 2304 354 2382 gxpggflui}
379 2305 547 2380 lgerilzon.
562 2302 618 2380 cad
639 2302 840 2379 Affliaili'rv'

211 2371 219 2381 .
311 2373 319 2380 .
358 2374 366 2386 ‚
411 2359 428 2381 e
478 2358 538 2389 oc,
593 2357 679 2381 reon
700 2357 730 2379 is
794 2357 839 2381 ιο.

171 2403 206 2427 ν.
225 2393 337 2426 schol.
356 2392 401 2425 ad
418 2393 570 2426 Theocr.
586 2391 680 2424 XVI.
697 2392 759 2424 36:
792 2387 844 2423 Οἱ

171 2432 375 2471 Σκοπάδαι
401 2432 612 2478 Κραννώνιοι
646 2430 686 2468 τὸ
719 2433 839 2478 γένος·

171 2476 330 2524 Κρᾶνων
374 2477 415 2514 δὲ
462 2477 571 2519 πόλις
620 2479 840 2521 Θεσσαλίας,

169 2519 272 2560 ὅθεν
324 2520 479 2563 Σκόπας
534 2521 554 2558 ὁ
611 2519 840 2567 Kosa-nimos,

170 2568 354 2613 Κρέοντος
377 2567 442 2603 καὶ
462 2565 724 2613 Ἐχεκρατίδος
746 2563 840 2606 υἱός.

168 2633 214 2638 —-
244 2615 480 2657 Protagoram
498 2614 664 2647 mercede
687 2615 843 2655 accepta

170 2659 368 2693 Simonidis
386 2659 547 2692 carmina
565 2659 842 2702 interpretatum

171 2713 251 2736 esse
275 2706 404 2736 narrat
425 2703 647 2736 Themistius
672 2713 721 2736 or.
740 2703 783 2734 23
805 2712 841 2744 p.

169 2748 236 2781 289
266 2748 319 2788 D,
355 2747 398 2780 de
431 2757 501 2790 qua
532 2757 570 2780 re
602 2758 637 2780 v.
669 2745 843 2780 Welcker

170 2792 303 2825 Kleine
314 2791 501 2825 Schriften
511 2802 540 2826 z.
552 2791 612 2826 Gr.
621 2792 710 2825 Litt.
720 2791 839 2834 p.43·1.

208 2830 358 2879 Ἀνδρ’
376 2831 575 2879 ἀγαθόν]
595 2836 717 2869 Verba
728 2835 842 2868 Simo-

915 1595 962 1627 ad
981 1605 1014 1636 p.
1030 1595 1094 1627 345
1113 1593 1151 1627 C.

961 1638 1004 1672 B.
1048 1637 1206 1681 χερσίν
1237 1649 1342 1671 τε-
1365 1635 1583 1682 τετράγω·

917 1680 1013 1724 νον]
1062 1683 1261 1715 Muretus
1308 1682 1354 1715 ad
1396 1683 1583 1716 Aristotel.

916 1727 1051 1759 Ethica
1074 1727 1102 1767 Ι,
1121 1728 1189 1766 10.,
1218 1727 1282 1759 ubi
1309 1726 1402 1759 haec
1432 1726 1586 1760 laudan-

918 1777 994 1811 tur,
1043 1780 1194 1812 eumque
1240 1774 1386 1803 secutus
1425 1771 1587 1804 Gesne-

918 1826 990 1847 rus
1023 1815 1060 1847 in
1077 1815 1263 1847 Thesauro
1293 1826 1320 1848 s.
1338 1825 1373 1847 v.
1392 1815 1583 1856 Quadra-

919 1864 1007 1900 tus,
1041 1862 1140 1892 recte
1170 1858 1377 1892 iudicarunt
1398 1859 1583 1902 metapho-

914 1914 992 1936 ram
1008 1903 1155 1936 ductam
1177 1914 1256 1936 esse
1282 1914 1303 1936 a
1329 1914 1479 1946 corpore
1494 1913 1582 1946 qua-

915 1949 1037 1989 drato,
1075 1949 1127 1980 ita
1158 1948 1332 1988 formato,
1368 1952 1408 1980 ut
1439 1957 1582 1990 quomo·

914 1992 1102 2034 docunque
1110 1992 1278 2033 iaciatur,
1296 1995 1584 2035 semperrectum

914 2039 1145 2079 permaneat:
1161 2037 1222 2069 vel
1240 2047 1262 2069 a
1270 2035 1447 2079 quadrata
1457 2036 1581 2079 figura,

913 2080 1072 2122 undique
1111 2081 1167 2113 sui
1201 2081 1311 2113 simili
1348 2084 1386 2114 et
1423 2080 1583 2123 aequali.

911 2126 960 2158 Et
983 2125 1055 2157 fuit
1077 2124 1289 2166 quadratum
1314 2125 1426 2157 etiam
1447 2124 1582 2167 Pytha-

911 2170 1031 2212 goreis
1078 2170 1218 2212 signum
1261 2169 1500 2211 aequalitatis
1546 2173 1582 2202 et

910 2213 1161 2256 perfectionis.
1206 2213 1442 2245 Aristotel.
1475 2212 1582 2246 Rhet.

911 2258 977 2298 111,
999 2260 1056 2290 11:
1086 2253 1157 2290 ’τὸν
1181 2251 1337 2300 ἀγαθόν
1361 2251 1483 2299 ἄνδρα
1508 2252 1582 2299 φεί-

911 2313 974 2335 ναι
1001 2298 1099 2335 εἶναι
1116 2297 1348 2345 τετράγωνον
1370 2295 1579 2343 μεταφοοοὶ.

910 2340 1129 2423 ἑιοξωεζὲε,
1145 2343 1578 2423 ‘'11““33033‘35231’2

910 2435 966 2473 τίς
990 2427 1059 2468 οὖν
1083 2428 1187 2468 αῧτω
1209 2401 1306 2467 algero}
1329 2429 1396 2468 τᾶν
1416 2433 1579 2475 Σιμωνί-

911 2479 981 2512 δου
1016 2475 1126 2522 λόγον
1149 2474 1389 2522 τετράγωνος,
1414 2470 1455 2515 ὃς
1479 2473 1577 2510 κατὰ

910 2523 1037 2557 πᾶσαν
1083 2519 1199 2567 τύχην
1244 2521 1308 2556 καὶ
1350 2517 1579 2564 πραγμάτων

910 2563 1138 2610 μετάστασιν
1162 2562 1341 2609 ἀσφαλῶς
1363 2560 1582 2607 ἕστήξεταις

910 2613 1066 2645 Horat.
1100 2612 1213 2645 Serm.
1246 2611 1299 2651 11,
1331 2612 1365 2650 7,
1397 2611 1458 2643 86:
1506 2609 1577 2642 Sa-

911 2658 1039 2699 piens
1072 2675 1113 2680 —
1152 2657 1195 2688 in
1232 2666 1279 2688 so
1316 2655 1328 2687 i
1367 2664 1410 2687 so
1457 2658 1577 2686 totus

910 2704 1031 2734 teres
1048 2705 1181 2743 atque
1199 2703 1326 2732 rotun
1365 2708 1424 2732 us.
1456 2698 1578 2731 Etiam

909 2746 1023 2779 verba
1062 2740 1156 2779 ἄνευ
1193 2739 1316 2787 ψόγου
1353 2740 1579 2786 τετυγμένον

909 2789 1060 2822 multum
1078 2789 1263 2822 celebrata
1287 2792 1382 2819 sunt.
1417 2786 1575 2819 Iulian.

910 2834 1017 2868 Caes.
1042 2844 1075 2876 p.
1093 2835 1158 2867 333
1175 2833 1222 2866 13:
1255 2831 1363 2865 δοκεῖ
1384 2827 1455 2875 γὰρ
1478 2826 1583 2864 εἶναί
