1682 2944
287 133 338 167 50
752 130 1143 172 PROLEGOMENA

285 240 434 278 iniuriis
461 241 674 280 constantia
701 253 744 279 ac
771 241 969 291 dignitate,
997 244 1104 292 aliae,
1138 257 1233 296 quas
1260 248 1375 284 antea
1400 245 1607 295 attigimus.

286 295 393 336 Quae
421 309 481 334 res
509 310 638 335 omnes
673 310 744 347 per
779 310 820 336 se
856 302 1008 338 tantum
1042 300 1186 339 habent
1212 301 1414 349 momenti,
1450 306 1495 340 ut
1521 315 1606 365 pro-

285 351 410 389 babile
438 352 489 391 sit
516 366 579 390 eas
607 366 629 390 a
656 352 880 404 philosopho
918 355 1125 394 deliberato
1153 356 1308 394 consilio
1345 357 1530 407 copiosius
1567 358 1607 395 in

283 407 355 445 hoc
382 407 478 445 libro
506 420 588 446 esso
614 411 807 448 tractatas.
835 410 979 449 Verum
1005 411 1110 449 haud
1137 412 1224 458 scio,
1253 424 1303 450 an
1329 416 1479 462 praeter
1505 413 1608 463 prin-

283 463 405 512 cipem
433 463 537 501 illam
565 464 612 501 de
639 467 720 503 arte
746 465 936 504 rhetorica
974 478 1018 504 ac
1045 466 1149 506 civili
1182 467 1478 518 disputationem
1511 468 1609 506 nihil

282 519 325 555 in
352 519 424 556 hoc
450 532 620 558 sermone
647 523 797 559 tantum
822 521 963 560 habeat
980 522 1156 572 ponderis
1183 526 1224 561 et
1249 523 1460 574 gravitatis,
1487 535 1607 575 quan·
1666 531 1670 535 '

283 578 366 612 tum
386 575 551 614 Socratis
576 575 718 615 iniuste
738 577 975 616 condemnati
999 578 1226 616 defendendi
1251 579 1458 617 consilium.
1498 578 1607 620 Quod

283 643 401 693 quum
429 631 514 669 aliis
542 644 592 670 ex
619 631 756 680 locist)
790 636 891 671 recte
918 633 1093 672 videmur
1119 633 1304 683 colligere,
1332 639 1415 674 tum
1442 635 1607 673 maxime

284 699 334 723 ex
370 685 417 724 iis
454 687 602 725 elucere
636 691 834 738 putamus,
873 701 971 740 quae
998 702 1035 739 p.
1065 692 1156 728 521.
1185 691 1233 728 A.
1261 702 1366 742 seqq.
1403 703 1427 729 a
1453 690 1607 729 Socrate

283 741 533 781 disseruntur.
589 743 778 782 Videntur
803 744 916 790 enim,
944 747 1147 796 postquam
1172 745 1234 784 vir
1263 746 1521 785 sanctissimus
1548 747 1606 784 in-

283 797 384 835 iusto
411 798 549 836 iudicio
577 811 599 836 e
626 799 750 837 medio
777 799 951 838 sublatus
978 805 1080 848 erat,
1107 800 1209 839 inter
1234 801 1405 840 rhetores
1433 813 1478 839 ac
1502 801 1606 841 viros

284 852 414 892 civiles
441 854 605 893 novitios
634 855 838 903 exstitisse,
866 855 934 907 qui
961 856 1077 894 huius
1103 856 1158 894 rei
1184 869 1355 895 caussam
1381 868 1531 896 omnem
1557 870 1607 895 ex

283 910 441 947 obscuro
469 910 550 947 eius
578 914 618 948 et
644 910 854 949 umbratico
889 911 1151 962 philosophiae
1186 912 1314 951 studio
1351 916 1391 952 et
1426 924 1476 951 ex
1513 913 1606 951 artis

283 965 467 1003 oratoriae
495 969 688 1004 contemtu
706 966 994 1016 repeterentffl‘)
1022 967 1186 1019 indeque
1211 969 1346 1007 docere
1369 972 1606 1015 conarentur,

282 1023 515 1071 quantopere
552 1021 791 1071 philosophia
825 1034 916 1072 prae
952 1026 1034 1061 arte
1069 1023 1234 1062 oratoria
1268 1036 1313 1062 ao
1348 1024 1452 1064 civili
1478 1027 1607 1063 eonte-

283 1076 447 1113 mnenda
473 1079 585 1115 esset
622 1076 792 1118 Quorum
820 1077 1099 1117 criminationes
1125 1083 1171 1118 ut
1195 1079 1470 1127 refellerentur,
1498 1079 1608 1119 Plato

281 1131 322 1168 in
350 1131 422 1169 hoo
447 1144 619 1170 sermone
645 1145 723 1171 non
750 1133 873 1171 solum
910 1134 1043 1172 docere
1069 1134 1218 1173 studuit
1253 1135 1415 1174 artificia
1450 1135 1610 1174 istorum

282 1187 478 1224 hominum
505 1200 588 1226 esse
606 1188 778 1238 improba
804 1192 845 1227 et
873 1189 1054 1239 pestifera
1072 1190 1229 1237 civitati,
1257 1191 1323 1229 sed
1340 1190 1456 1230 etiam
1482 1195 1608 1230 osten-

282 1242 339 1280 dit
365 1243 488 1280 solum
516 1244 709 1282 Socratem
733 1244 835 1282 inter
861 1245 1117 1284 Athenienses
1144 1245 1337 1285 exstitisse
1364 1246 1489 1285 virum
1516 1259 1606 1286 vere

283 1295 501 1346 πολιτικόν,
539 1303 584 1337 ut
620 1300 687 1350 qui
722 1299 861 1349 spretis
896 1300 1105 1339 humilibus
1140 1301 1226 1340 istis
1263 1302 1428 1349 artibus,
1468 1302 1607 1354 quibus

282 1353 399 1402 vulgo
427 1354 599 1392 homines
627 1356 675 1392 ad
702 1355 911 1404 potentiam
939 1360 978 1394 et
994 1356 1157 1395 honores
1181 1357 1380 1407 pervenire
1397 1332 1606 1404 studerent,

282 1422 350 1459 per
375 1412 495 1447 totam
521 1410 642 1448 vitam
669 1410 780 1448 unice
807 1410 846 1448 id
874 1411 1013 1459 egerit,
1041 1416 1087 1450 ut
1113 1412 1255 1452 eivium
1280 1425 1435 1451 suorum
1461 1413 1607 1451 animos

283 1465 330 1502 ad
356 1464 561 1512 iustitiam,
603 1466 912 1516 temperantiam,
941 1467 1168 1516 probitatem
1195 1473 1434 1507 converteret
1470 1473 1510 1508 et
1537 1469 1607 1506 im-

281 1520 456 1569 pelleret,
493 1522 541 1558 ab
568 1520 810 1570 improbitate
838 1525 878 1560 et
905 1522 1096 1561 iniustitia
1123 1527 1316 1571 avocaret,
1356 1527 1471 1575 atque
1509 1524 1609 1562 hanc

280 1575 402 1625 ipsam
430 1588 602 1614 caussam
627 1577 758 1623 fuisse,
787 1589 853 1615 cur
880 1578 928 1615 ab
948 1578 1248 1617 Atheniensibus
1274 1579 1406 1619 mortis
1423 1579 1608 1629 supplicio

282 1631 441 1670 affectus
468 1635 569 1671 esset
577 1631 678 1680 m).
734 1631 820 1673 Qua
846 1632 993 1671 ratione
1021 1637 1150 1672 autem
1176 1634 1241 1673 ille
1268 1646 1394 1673 eoram
1420 1634 1607 1673 iudicibus

282 1698 454 1725 caussam
481 1699 588 1725 suam
615 1687 864 1734 defendisset,
903 1688 942 1726 id
970 1689 1182 1728 accuratius
1218 1690 1348 1729 docuit
1373 1690 1477 1730 edita
1503 1691 1606 1740 Apo·

280 1742 391 1791 logia,
419 1743 459 1780 in
488 1755 564 1794 qua
591 1743 783 1782 Socratem
817 1744 943 1794 ipsum
969 1745 1016 1783 de
1045 1745 1128 1784 vita
1160 1758 1231 1784 sua
1258 1746 1350 1784 fecit
1375 1746 1523 1796 copiose
1549 1747 1606 1784 di-

281 1802 428 1836 centem
465 1802 504 1837 et
540 1799 650 1850 quasi
686 1799 902 1849 exemplum
938 1801 1127 1851 quoddam
1162 1801 1367 1840 rhetorices
1395 1801 1607 1840 Socraticae

280 1854 493 1903 proposuit,
540 1858 585 1892 ut
625 1854 735 1900 facile
771 1855 892 1904 possit
928 1855 1091 1905 intelligi
1134 1856 1204 1895 hos
1240 1857 1355 1895 libros
1393 1857 1608 1906 argumenti

280 1910 444 1960 quadam
482 1909 704 1957 cognatione
748 1910 849 1949 inter
884 1924 926 1948 se
963 1911 1159 1950 contineri.
1233 1911 1473 1964 Quamquam
1508 1912 1608 1952 veri-

279 1964 402 2003 simile
431 1968 490 2003 est
517 1965 716 2003 Platonem
743 1965 818 2004 ista
835 1965 949 2004 simul
967 1977 1037 2005 sua
1056 1978 1190 2006 caussa
1206 1968 1411 2018 scripsisse,
1437 1968 1608 2019 quando·

279 2020 434 2070 quidem
461 2020 614 2059 Socrate
642 2020 842 2059 interemto
870 2021 908 2059 id
937 2022 1082 2060 consilii
1110 2023 1221 2072 cepit,
1249 2027 1294 2061 ut
1319 2034 1472 2073 prorsus
1498 2035 1524 2061 a
1548 2036 1605 2061 re-

278 2075 430 2125 publica
458 2075 667 2114 abstineret
687 2081 727 2114 et
753 2076 840 2115 unis
868 2082 1022 2116 vacaret
1047 2077 1308 2127 philosophiae
1335 2078 1482 2117 studiis.
1522 2078 1607 2116 Hoc

278 2131 396 2180 igitur
422 2131 525 2170 vitae
552 2131 592 2168 in
628 2135 822 2181 posterum
858 2131 1051 2181 degendae
1087 2133 1286 2172 consilium
1322 2134 1475 2172 videtur
1511 2133 1603 2173 item

278 2186 439 2235 Gorgiae
463 2186 665 2236 scriptione
692 2187 860 2226 voluisse
887 2188 1089 2227 defendam
1115 2188 1274 2241 eiusque
1299 2200 1453 2228 caussas
1480 2193 1521 2228 et
1548 2202 1607 2227 ra-

278 2242 400 2281 tiones
428 2242 577 2292 publice
594 2243 794 2281 declarare
804 2242 852 2291 †).

344 2460 378 2502 ⁸¹)
403 2460 444 2492 V.
467 2470 498 2502 p.
522 2458 598 2495 469.
622 2461 704 2503 B.p
706 2459 814 2495 .479.
836 2461 922 2505 B.p
922 2459 1033 2495 .486.
1054 2461 1097 2495 B.

341 2470 972 2593 ζζΗὲιοὲΞὶειιιΔοιιςΞὶέοΟιΠίοῑίερ.
984 2504 1060 2540 484.
1073 2505 1112 2539 Ο.
1122 2517 1154 2550 p.
1168 2505 1301 2541 aas.
1309 2515 1403 2550 seqq.
1423 2505 1546 2549 μὸω.
1558 2506 1600 2540 Ο.

341 2549 489 2635 ”Vere
512 2561 943 2627 Schleiermacherus
966 2594 1112 2628 Prsefst.
1136 2593 1180 2628 ad
1203 2595 1600 2682 &ezrlii7emmdwmq
1378 2593 1437 2628 19.
1461 2593 1599 2637 „Vides

278 2637 413 2670 Ande-re
434 2638 516 2670 etehe
536 2649 574 2671 m
596 2638 688 2671 einer
709 2649 745 2672 so
763 2648 918 2682 ,qenmen
948 2637 1162 2683 Verbindrmq
1184 2639 1245 2673 mit
