1696 2976
1040 0 1095 44 zJ*
1110 0 1270 34 s.
1290 0 1696 96 *sswssrzq

131 153 184 195 12
660 158 999 195 PRAEFATIO

130 279 324 307 manere
344 267 497 308 difficile
518 280 600 308 esse
622 268 780 308 dixerit:
807 269 882 309 hoc
903 271 1004 310 enim
1026 272 1065 309 in
1084 270 1207 311 solum
1230 272 1342 312 deum
1365 272 1521 315 cadere:

128 325 318 363 humanae
339 323 589 365 imbecillitati
609 336 692 364 esse
711 329 890 375 negatum
906 324 990 378 ¹⁷).·‘
1015 327 1066 368 1¹.
1087 330 1167 370 334
1189 328 1217 366 C
1239 348 1285 356 ——
1311 331 1389 372 347
1410 330 1453 368 A.

239 382 363 431 Atque
392 380 492 419 hanc
513 380 747 420 Socraticam
778 382 959 421 carminis
988 383 1344 433 interpretationem
1366 385 1524 423 mirifice

128 436 270 487 probat
290 436 447 487 Hippias
468 436 650 487 sophista.
693 435 765 481 Qui
787 442 925 482 tamen,
955 443 996 476 ut
1016 437 1161 478 scilieet
1180 451 1271 478 suae
1291 451 1445 490 quoque
1465 451 1524 478 sa-

128 492 294 543 pientiae
315 492 510 543 specimen
532 491 686 543 aliquod
699 492 887 538 exhibeat,
910 493 1109 545 deleodem
1126 495 1295 534 carmine
1306 497 1524 542 ,orationem

129 547 273 586 habere
294 547 468 586 instituit.
530 547 605 587 Sed
627 549 727 587 enim
748 548 864 588 homo
885 550 1091 588 admodum
1114 549 1337 589 ambitiosus
1357 550 1404 590 ab
1425 550 1525 591 Alci-

130 602 262 648 biade,
293 615 516 642 sermonum
546 604 831 643 Socraticorum
868 606 1165 650 studiosissimo,
1203 613 1420 657 opportune
1459 606 1525 645 ad-

127 664 319 704 monetur,
342 671 390 698 ne
411 659 448 698 id
470 658 602 698 faciat:
625 659 856 711 colloquium
879 663 1000 706 enim,
1030 674 1049 700 a
1071 662 1230 700 Socrate
1258 667 1296 700 et
1314 662 1525 712 Protagora

126 716 355 760 institutum,
379 727 462 754 esse
482 715 766 765 profligandum
797 721 833 755 et
861 717 906 755 ad
938 718 1080 756 exitum
1110 717 1412 768 perducendum.
1461 717 1525 757 Ni-

127 772 268 810 mirum
305 772 552 810 constitutum
581 776 663 810 erat
697 777 827 817 antea,
864 778 926 817 ut,
964 780 1167 824 postquam
1197 773 1428 823 Protagoras
1454 773 1526 812 sibi

127 827 402 877 interrogando
423 826 680 874 satisfecisset,
711 828 889 866 Socrates
911 830 1075 867 vicissim
1103 830 1375 879 interrogantis
1395 834 1525 879 partes

128 884 354 933 susciperet,
378 882 547 932 sophista
574 882 665 922 huic
694 884 960 934 responderet.
1021 884 1066 922 Et
1095 884 1274 923 Socrates
1302 884 1457 935 quidem
1485 897 1526 922 se

129 943 309 990 paratum
331 938 499 978 ostendit
519 938 565 977 ad
582 950 802 978 sermonem
820 939 1097 990 peragendum,
1121 940 1235 978 modo
1257 953 1305 979 ne
1322 952 1458 979 rursus
1478 940 1526 979 de

128 994 365 1033 carminibus
386 994 616 1033 disseratur:
646 994 786 1033 horum
808 996 910 1034 enim
931 996 1287 1046 interpretationem
1318 996 1524 1035 admodum

128 1049 316 1089 dedecere
351 1049 528 1089 homines
561 1049 771 1088 liberaliter
806 1051 1016 1095 institutos,
1052 1052 1193 1102 quippe
1230 1052 1373 1102 ingenii
1411 1055 1525 1102 atque

128 1105 355 1145 eruditionis
371 1116 562 1154 magnam
593 1109 818 1155 arguentem
848 1108 1062 1156 penuriam.
1123 1108 1356 1158 Protagoras
1385 1112 1524 1150 autem.

128 1163 342 1210 aegerrime
362 1161 503 1206 ferens,
526 1161 629 1211 quod
653 1166 736 1200 erat
763 1163 1000 1207 contutatus,
1031 1174 1117 1201 cum
1140 1175 1185 1201 eo
1213 1174 1332 1213 porro
1359 1162 1527 1214 colloqui

127 1221 321 1268 gravatur,
342 1229 386 1256 ae
408 1216 537 1255 multis
557 1217 712 1256 demum
741 1219 955 1257 amicorum
983 1218 1164 1270 precibus
1193 1231 1238 1257 eo
1265 1223 1526 1269 permovetur,

129 1277 169 1311 ut
188 1272 242 1312 illi
263 1273 464 1323 quaerenti
484 1273 728 1323 respondeat.
769 1273 810 1312 P.
834 1277 913 1318 347
935 1275 965 1312 A
986 1297 1041 1302 —
1060 1276 1140 1316 348
1164 1273 1206 1313 Β.

238 1328 456 1368 Revertitur
485 1327 642 1367 tandem
670 1328 848 1368 Socrates
875 1335 964 1380 post
990 1331 1080 1368 satis
1109 1328 1243 1379 longas
1270 1329 1452 1379 ambages
1478 1330 1525 1368 ad

128 1386 390 1436 quaestionem
412 1385 451 1422 in
473 1383 739 1434 superioribus
769 1390 990 1430 tractatam,
1013 1386 1140 1424 denuo
1168 1386 1431 1436 interrogans:
1452 1386 1527 1423 vir-

128 1447 280 1480 tutesne
299 1439 394 1479 nihil
415 1441 486 1479 nisi
506 1441 610 1478 varia
632 1441 787 1479 nomina
815 1442 927 1479 unius
955 1441 1204 1491 eiusdemque
1231 1442 1289 1480 rei
1320 1452 1404 1480 esse
1423 1440 1527 1480 vide-

129 1496 266 1536 antur?
304 1495 526 1546 Respondet
545 1495 607 1534 ille
623 1496 803 1534 iustitiam
820 1497 989 1547 quidem,
1007 1498 1258 1541 sanctitatem,
1282 1496 1525 1547 prudentiam

128 1557 167 1592 et
186 1552 411 1602 sapientiam
438 1563 523 1590 esse
551 1552 653 1590 inter
680 1563 721 1590 se
741 1551 956 1590 simillimas
979 1575 1024 1580 —
1050 1552 1120 1591 has
1150 1553 1252 1591 enim
1281 1553 1436 1591 virtutes
1457 1552 1527 1591 So-

129 1612 254 1647 crates
274 1612 383 1646 antea
414 1607 618 1646 ostendere
645 1612 805 1646 conatus
833 1613 914 1646 erat
934 1620 1052 1647 unum
1081 1608 1259 1658 idemque
1282 1619 1365 1646 esse
1387 1629 1435 1637 —
1459 1607 1525 1646 sed

128 1664 337 1715 plurimum
374 1662 502 1701 abhis
523 1662 679 1702 differre
714 1663 1075 1702 fortitudinem:
1113 1674 1393 1714 saepenumero
1423 1664 1525 1702 enim

128 1719 316 1763 accidere,
338 1723 381 1758 ut
400 1719 465 1770 qui
482 1719 620 1758 ceteris
638 1723 795 1757 careant
815 1719 1030 1764 virtutibus,
1053 1720 1075 1757 ii
1091 1718 1205 1769 longe
1219 1719 1416 1758 fortissimi
1436 1720 1524 1757 sint.

128 1776 220 1815 Eius
240 1775 470 1814 sententiam
492 1774 670 1814 Socrates
697 1775 769 1813 hac
799 1775 1133 1824 argumentatione
1160 1775 1330 1814 refutare
1351 1775 1524 1814 instituit.

130 1830 203 1876 Qui
224 1831 342 1869 sortes
369 1835 469 1875 sunt,
505 1830 639 1881 inquit,
676 1841 743 1868 eos
763 1830 929 1870 audaces
950 1843 1034 1870 esse
1069 1829 1179 1869 facile
1199 1829 1388 1880 largieris.
1447 1830 1525 1869 lam

129 1888 195 1938 qui
216 1886 399 1925 audacter
429 1886 708 1936 aggrediuntur
742 1886 798 1931 id,
834 1888 943 1926 cuius
979 1887 1091 1937 periti
1111 1891 1220 1931 sunt,
1255 1887 1279 1925 ii
1300 1885 1524 1930 laudantur;

130 1947 265 1981 contra
286 1942 351 1992 qui
372 1941 537 1981 audaces
557 1943 594 1980 in
617 1954 662 1980 eo
679 1947 779 1986 sunt,
801 1943 910 1981 cuius
930 1941 1073 1981 nullam
1092 1941 1234 1981 habent
1253 1942 1523 1992 cognitionem,

129 1999 157 2037 ii
177 1998 314 2036 merito
335 1998 458 2035 insani
479 1997 708 2036 iudicantur.
770 1997 903 2037 Omnis
931 2003 1057 2037 autem
1087 1999 1206 2036 virtus
1234 2002 1394 2048 propter
1415 2002 1525 2036 natu-

129 2065 213 2093 ram
234 2065 342 2092 suam
364 2064 521 2092 necesse
551 2059 607 2091 est
627 2058 756 2092 careat
776 2054 865 2092 vitio
895 2066 939 2091 ac
960 2052 1285 2104 reprehensione,
1317 2054 1405 2105 quia
1432 2052 1525 2092 alio-

130 2109 223 2159 quin
245 2109 391 2147 virtutis
412 2109 567 2147 nomine
589 2108 742 2158 indigna
770 2109 883 2148 foret.
941 2109 997 2148 Ex
1025 2121 1101 2160 quo
1123 2109 1390 2159 consequitur,
1420 2114 1462 2147 ut
1481 2121 1523 2148 ea

130 2164 300 2209 audacia,
322 2176 420 2215 quae
441 2176 517 2202 non
547 2164 688 2203 habeat
714 2165 913 2203 scientiam
942 2164 1014 2203 sibi
1042 2164 1281 2209 adiunctam,
1310 2176 1388 2202 non
1418 2169 1525 2204 recte

130 2225 245 2271 queat
264 2232 336 2272 pro
357 2220 495 2259 virtute
524 2219 668 2259 haberi.
728 2220 810 2258 Hoc
837 2227 963 2259 autem
993 2219 1176 2271 probato,
1207 2231 1448 2271 consequens
1468 2224 1527 2258 est

199 2354 254 2396 17)
279 2354 533 2396 Vere,opinor‚
553 2352 1004 2385 Schleiermaeherus
1017 2353 1140 2386 Praef.
1155 2353 1524 2395 adProtagor.p.234:

132 2401 261 2441 „Was
285 2399 359 2431 des
374 2398 588 2431 Socrates
612 2399 914 2439 Deutungvon
938 2397 1028 2430 dem
1048 2397 1266 2430 Gedichte
1292 2398 1367 2430 des
1385 2397 1521 2429 Simo—

131 2444 255 2477 nides
277 2444 482 2483 betrifft,
507 2453 594 2475 von
617 2443 711 2474 dem
735 2453 812 2474 uns
842 2442 991 2474 nichts
1015 2443 1221 2475 erhalten
1246 2443 1308 2474 ist
1329 2442 1395 2474 als
1414 2442 1523 2474 eben

131 2489 258 2521 diese
281 2487 612 2528 Bruchstiicke,
636 2486 738 2520 dass
763 2497 806 2519 es
829 2487 1023 2519 ntimlich
1049 2487 1147 2519 eine
1170 2487 1288 2528 Riige
1315 2485 1410 2517 sein
1435 2486 1523 2518 soll

131 2543 273 2576 gegen
291 2533 371 2564 den
390 2531 556 2573 Spruch
572 2532 649 2563 des
666 2531 895 2570 Pinianus,
914 2542 958 2563 so
983 2532 1044 2563 ist
1061 2532 1125 2562 sie
1143 2541 1220 2573 gar
1236 2530 1361 2562 nicht
1378 2530 1520 2572 ledig-

131 2577 221 2610 lich
258 2577 323 2609 als
353 2576 519 2608 Soherz
551 2586 603 2607 zu
634 2576 830 2608 nehmen.
888 2576 1177 2618 Wenigstcns
1210 2575 1415 2607 besitzen
1446 2575 1524 2606 wir

131 2622 243 2654 noch
267 2621 337 2654 ein
362 2620 602 2663 allgemein
627 2621 716 2652 ‹lem
734 2620 987 2653 Simonides
1011 2619 1416 2662 zugeechriebenes
1440 2619 1522 2651 und

132 2667 296 2699 diesem
324 2666 419 2698 hier
448 2667 490 2697 in
508 2666 704 2707 Spraehe
733 2665 815 2697 und
838 2665 1010 2696 Manier
1041 2664 1390 2696 unverkennbar
1417 2663 1521 2695 ahu-

131 2711 280 2744 liches
304 2709 510 2749 Gedicht,
536 2709 730 2742 welches
753 2708 848 2742 sich
877 2709 985 2741 eben
1009 2719 1054 2742 so
1078 2707 1322 2751 polemisch
1347 2708 1426 2740 auf
1446 2707 1522 2740 das

131 2757 186 2788 im
214 2755 446 2787 Phaedrus
479 2754 749 2796 angefiihrte
784 2754 1031 2796 Epigramm
1066 2753 1144 2784 des
1171 2751 1418 2785 Kleobulus
1446 2751 1520 2784 be-

134 2800 273 2841 zieht,
292 2798 427 2840 ‹lerja
444 2799 554 2831 auch
573 2809 621 2831 zu
639 2799 717 2831 den
737 2799 899 2831 Sieben
917 2797 1142 2840 gchtirte.⁴‘
