1690 2892
162 545 242 586 504

274 181 352 215 268
810 162 1067 218 fLAToms

273 283 497 338 ἐργάζεται.
537 280 631 326 οἷον
672 284 709 326 εἰ
747 285 890 338 βούλει
928 285 1033 327 ἰδεῖν
1069 285 1169 335 τοὺς
1195 286 1466 340 ζωγράφους,
1502 288 1602 336 τοὺς

273 349 544 402 οἰκοδόμους,
585 348 686 397 τοὺς
722 349 991 404 ναυπηγούς,
1030 350 1130 398 τοὺς
1164 352 1320 399 ἄλλους
1346 351 1506 400 πάντας
1531 352 1600 405 δη-

273 413 517 465 μιουργούς,
547 412 693 455 ὅντινα
720 414 859 467 βούλει
891 414 1045 464 αὐτῶν,
1075 414 1132 463 ὠς
1159 415 1217 463 εἰς
1242 415 1360 465 τάξιν
1385 414 1480 456 τινὰ
1507 414 1597 457 ἕκα-

273 486 369 525 στος
396 476 574 519 ἕκαστον
599 478 769 531 τίθησιν
797 475 821 519 ὃ
849 477 903 518 ἂν
929 481 1050 532 τιθῇ,
1087 477 1158 520 καὶ
1194 480 1525 533 προςαναγκάζει
1551 481 1600 520 τὸ

271 540 415 593 ἕτερον
441 547 499 595 τῷ
526 540 652 598 ἑτέρῳ
679 540 842 596 πρέπον
867 555 910 583 τε
938 538 1048 584 εἶναι
1073 543 1143 584 καὶ
1170 542 1413 596 ἁρμόττειν,
1442 542 1519 592 ἕως
1546 542 1600 585 ἂν

271 606 319 647 τὸ
360 605 475 647 ἅπαν
511 607 766 661 συστήσηται
801 606 1055 660 τεταγμένον
1096 621 1139 648 τε
1178 607 1249 649 καὶ
1285 605 1600 662 κεκοσμημένον

272 677 470 723 πρᾶγμα,
499 670 569 712 καὶ
597 671 643 712 οἵ
663 685 706 713 τε
735 669 786 725 δὴ
814 673 933 712 α”λλοι
961 671 1210 724 δημιουργοὶ
1237 671 1307 713 καὶ
1335 667 1411 720 οὓς
1437 678 1519 713 νῦν
1547 671 1599 725 δὴ

273 732 489 788 ἐλέγομεν,
528 735 571 776 οἱ
595 734 691 788 περὶ
728 734 776 776 τὸ
814 738 933 788 σῶμα
968 736 1237 789 παιδοτρίβαι
1272 750 1315 778 τε
1353 734 1423 778 καὶ
1451 736 1599 789 ἰατροί,

272 799 477 852 κοσμοῢσί
513 813 599 841 που
624 800 673 841 τὸ
709 802 828 853 σῶμα
855 799 925 841 καὶ
951 801 1266 842 συντάττουσιν.
1308 800 1600 854 ὁμολογοῦμεν

273 862 383 904 οὕτω
409 866 522 905 τοῦτ’
550 862 668 917 ἔχειν,
691 863 718 917 ἢ
746 866 819 913 οὒς
860 865 995 905 ΚΑΛ.
1013 861 1159 906 ’Ἑστω
1186 868 1313 907 τοῦτο
1340 863 1463 906 οὕτω.
1501 866 1597 905 ΣΩ.

281 928 442 977 Τάξεως
468 931 550 980 ἄρα
578 928 648 969 καὶ
685 929 851 982 κόσμου
887 935 1071 983 τυχοῦσα
1109 929 1221 971 οἰκία
1248 928 1403 983 χρηστὴ
1442 928 1496 970 ἂν
1523 928 1600 982 εἴη,

272 992 440 1042 ἀταξίας
475 992 519 1033 δὲ
555 993 774 1046 μοχθηρά,·
821 994 955 1034 ΚΑΛ.
1000 993 1126 1046 Φημί.
1183 995 1279 1035 ΣΩ.
1323 994 1496 1035 Οὐκοῦν
1531 992 1601 1034 καὶ

273 1059 424 1098 πλοῖον
459 1056 674 1106 &saumas-3
727 1058 861 1098 KAA.
899 1057 1002 1098 Ναί.
1057 1058 1153 1099 ΣΩ.
1195 1057 1281 1099 Καὶ
1319 1057 1405 1112 μὴν
1441 1057 1511 1099 καὶ
1548 1056 1599 1098 τὰ

273 1121 444 1174 σώματά
472 1135 612 1174 φαμεν
647 1120 696 1162 τὰ
724 1120 923 1175 ἦμέτερας
969 1123 1105 1163 ΚΑΛ.
1146 1122 1272 1163 Πάνυ
1298 1136 1359 1175 γε.
1413 1121 1516 1163 ΣΩ.
1551 1122 1601 1162 Τι’

339 1331 378 1363 Ρ.
401 1329 477 1364 504.
501 1342 520 1363 κ
530 1342 551 1362 α
562 1330 573 1361 ὶ
601 1340 619 1362 σ
628 1341 648 1362 υ
662 1342 680 1362 ν
690 1328 735 1363 τά
745 1343 759 1363 τ
770 1341 784 1363 ι
793 1342 812 1363 ο
821 1342 841 1363 υ
853 1340 872 1362 σ
882 1342 892 1362 ι
903 1329 933 1374 ν]
958 1330 999 1363 V.
1025 1329 1291 1370 ovvta'aoovow,
1315 1330 1406 1375 quod
1428 1342 1471 1364 ex
1485 1330 1601 1364 Clark.

274 1374 350 1407 Vat.
374 1375 458 1408 Vsu.
486 1375 515 1407 Ξ
525 1375 564 1407 Σ.
589 1375 666 1407 aliis
688 1375 844 1418 plurimis
866 1378 1063 1408 correctum.

341 1464 380 1496 B.
405 1462 448 1495 ἐκ
472 1467 556 1496 τῶν
579 1462 803 1507 πρόσθεν]
837 1463 878 1496 V.
902 1464 1104 1504 ἔμπροσθεν
1127 1467 1246 1497 contra
1273 1464 1494 1507 plurimorum
1518 1465 1603 1508 opti-

275 1519 471 1550 morumque
499 1509 663 1541 librorum
693 1509 937 1543 auctoritatem.
969 1509 1085 1541 Clark.
1115 1513 1148 1541 et
1170 1509 1247 1541 Vat.
1279 1507 1434 1551 πρόσθε,
1465 1509 1506 1541 dc
1535 1519 1603 1551 qua

276 1554 383 1585 forma
406 1553 532 1585 multus
556 1557 608 1585 est
630 1553 826 1586 Schneider.
851 1553 893 1585 ad
908 1554 1024 1596 Remp.
1048 1553 1075 1585 1.
1096 1564 1130 1596 p.
1146 1551 1210 1586 124
1226 1564 1296 1596 seq.
1318 1554 1394 1586 libr.
1412 1554 1456 1586 11.
1479 1563 1512 1596 p.
1526 1552 1602 1587 363.

278 1599 319 1629 D.
365 1598 446 1637 Nos,
470 1607 573 1639 quum
597 1607 675 1630 rara
704 1599 774 1630 sint
796 1597 885 1640 apud
909 1598 1084 1630 Platonem
1115 1602 1208 1630 certa
1230 1598 1332 1631 huius
1356 1598 1603 1630 terminationis

277 1642 486 1683 testimonia,
519 1651 592 1674 cum
617 1641 792 1675 Lobeckio
817 1643 959 1674 facimus
991 1641 1032 1674 ad
1056 1643 1240 1684 Phrynich.
1265 1653 1296 1686 p.
1320 1641 1417 1683 284,
1447 1643 1506 1684 qui
1528 1652 1602 1675 eam

277 1687 366 1729 apud
390 1697 509 1729 prosae
532 1687 696 1720 orationis
719 1688 897 1730 scriptores
921 1687 1070 1719 citeriori
1093 1688 1270 1730 graecitati
1293 1692 1469 1730 acceptam
1488 1687 1603 1719 referri

275 1732 456 1764 cxistimat.
502 1730 664 1764 videmur
694 1732 784 1764 enim
815 1731 1014 1764 observasse
1048 1732 1244 1775 posterioris
1274 1732 1394 1764 aetatis
1425 1732 1603 1774 scriptores

276 1776 382 1808 multa
404 1787 447 1809 ex
470 1777 568 1818 spica
591 1775 735 1809 dialecto
759 1776 954 1816 adscivisse,
978 1787 1063 1819 quae
1087 1777 1288 1819 optimorum
1312 1780 1499 1819 temporum
1529 1777 1606 1808 atti-

276 1822 400 1853 cismus
422 1821 604 1864 ignoraret.
651 1820 750 1862 Quod
773 1821 878 1864 igitur
908 1821 964 1853 hic
995 1824 1054 1854 aut
1084 1821 1143 1854 ille
1175 1821 1262 1854 liber
1290 1820 1457 1854 eiusmodi
1479 1821 1605 1854 formas

976 2007 1100 2051 ἑκάστη
1123 2009 1228 2051 ἔργον
1249 2007 1425 2052 ἐργάζεται
1439 2010 1494 2041 καὶ
1513 2007 1604 2050 οἶφε·

976 2056 1028 2087 λεῖ
1052 2066 1080 2086 κ.
1116 2065 1139 2085 r.
1170 2055 1197 2086 λ.
1227 2053 1423 2096 Xenoph.
1455 2055 1605 2088 Anabas.

278 2011 457 2045 ἕκαστος
474 2009 552 2043 οὐκ
572 2009 667 2053 εἰκῇ
683 2007 907 2053 ἐκλεγόμε-

282 2067 353 2089 vos
371 2054 625 2099 προςφέρει]
644 2054 908 2097 quemadmo-

278 2100 371 2132 dum
394 2102 520 2133 stiam
545 2101 684 2133 ceteri
716 2099 907 2141 opifices

279 2155 430 2185 omncs,
455 2155 573 2178 suum
597 2144 780 2186 quisque
803 2153 908 2185 opus

279 2193 502 2232 spectans,
532 2199 615 2221 non
648 2192 806 2222 temero
837 2187 908 2219 oli·

278 2239 430 2276 gentos
461 2232 673 2266 adhibent
701 2232 762 2274 id,
799 2231 907 2274 quod

279 2278 327 2311 ad
353 2289 456 2320 opus
480 2279 672 2321 ipsorum
687 2276 908 2315 adhibent,

279 2322 352 2355 scd
396 2334 443 2355 so
483 2322 694 2363 consilio,
738 2325 785 2354 ut
827 2321 908 2353 for·

278 2378 381 2399 mam
406 2367 598 2409 aliquam
621 2366 909 2399 nanciscatur

279 2411 411 2451 illud,
458 2411 570 2453 quod
616 2410 907 2445 fabricantur.

278 2456 449 2489 Notabilis
500 2456 679 2489 verborum
732 2459 909 2488 stmcturo..

279 2501 432 2542 Namque
455 2500 597 2532 verbum
622 2499 811 2541 προςφὲρει
829 2509 909 2542 pen-

279 2545 335 2578 det
366 2556 409 2577 ox
441 2544 596 2580 ἕκαστος,
635 2544 725 2586 quod
759 2543 910 2576 additum

279 2594 332 2623 cst
361 2600 420 2631 per
449 2590 706 2632 appositionem.
762 2589 816 2621 De
847 2588 909 2620 Re-

279 2633 375 2677 publ.
396 2635 422 2667 1.
446 2644 479 2677 p.
502 2631 580 2667 346.
603 2634 653 2665 D:
682 2634 736 2665 καὶ
761 2632 799 2665 αἱ
818 2628 910 2664 ἄλλαι

283 2682 387 2712 πᾶσαι
426 2677 562 2721 (τέχναι)
605 2675 694 2710 οὕτω
733 2674 770 2710 τὸ
807 2673 909 2719 αὐτῆς

975 2099 1021 2138 11,
1035 2099 1067 2139 1,
1084 2097 1144 2131 15:
1169 2093 1262 2130 οὗτοι
1275 2097 1341 2137 μὲν
1353 2096 1504 2133 -imos
1525 2097 1605 2132 ἄλλα

976 2142 1071 2186 λέγει.
1096 2142 1182 2175 Ibid.
1196 2143 1223 2181 I,
1237 2141 1269 2183 8,
1284 2141 1322 2174 9:
1349 2141 1473 2177 πάντες
1490 2142 1529 2176 δὲ
1544 2141 1603 2177 οὖ-

977 2199 1026 2219 τοι
1049 2184 1130 2219 κατὰ
1158 2187 1249 2229 ἔθνη
1281 2185 1321 2219 ἐν
1351 2188 1492 2231 πλαισίῳ
1525 2187 1605 2231 πλή-

979 2242 1030 2272 ρει
1066 2228 1274 2272 ἀνθρώπων
1313 2231 1458 2264 ἕκαστον
1498 2233 1604 2267 ἔθνος

976 2273 1171 2316 ἐπορεύετο.
1194 2275 1282 2308 conf.
1306 2276 1454 2309 Matth.
1478 2278 1508 2317 §-
1526 2275 1603 2311 302.

976 2326 1091 2353 annot.
1115 2320 1233 2362 Neque
1250 2320 1349 2353 aliter
1366 2320 1490 2356 Latini.
1510 2321 1605 2354 Cas·

976 2375 1053 2398 sar.
1087 2365 1173 2397 Bell.
1202 2365 1292 2398 Gall.
1315 2365 1349 2404 1,
1379 2363 1439 2398 53:
1486 2366 1606 2400 Duae

977 2409 1105 2442 filiae
1135 2410 1299 2449 harum,
1329 2409 1476 2442 altera
1498 2412 1604 2443 occi—

977 2464 1043 2494 sa,
1065 2454 1209 2486 altera
1230 2464 1279 2487 ca
1315 2458 1357 2487 ta
1386 2458 1461 2486 est.
1492 2455 1545 2487 Do
1569 2467 1605 2489 rs

976 2499 1051 2542 ipsa
1073 2499 1163 2531 cons.
1186 2498 1238 2531 Ph
1302 2508 1327 2530 r.
1351 2508 1383 2541 p.
1405 2496 1481 2531 264.
1506 2500 1549 2534 D.

1022 2583 1122 2618 οἷον
1150 2585 1193 2618 εἰ
1221 2584 1373 2628 βούλει
1404 2585 1526 2619 ἰδεῖν
1547 2586 1604 2631 -]

978 2631 1119 2663 voluti
1150 2631 1187 2664 si
1223 2630 1288 2663 vis
1322 2630 1605 2665 considerare

976 2673 1607 2718 pictorogfabrosmaviumt'a·
