1696 2976
457 120 874 159 PROTAGORAS.
904 123 946 159 P.
977 125 1045 160 310
1068 123 1150 158 s'r.
1464 117 1519 160 33

104 236 256 296 ἐπειδὴ
289 234 409 298 αὐτῷ
433 235 599 298 ἀνέῳξέ
628 255 708 292 τις,
742 234 881 290 εὐθὺς
908 244 1013 283 εἴσω
1036 235 1108 298 ᾔει
1133 234 1427 294 ἐπειγόμενος,
1445 237 1520 281 καὶ

100 309 154 365 τῇ
185 307 314 364 φωνῇ
344 306 457 363 μέγα
489 306 645 363 λέγων,
683 297 738 350 9
769 303 1021 363 Σώκρατες,
1065 311 1173 364 ἔφη,
1214 302 1455 386 ἐνρήγοροξς
1493 301 1521 361 ἢ

101 372 360 428 καθεύδεις;
386 374 475 419 Καὶ
499 371 584 431 ἐγώ
605 371 687 431 τὴν
709 372 868 431 φωνὴν
891 373 1026 431 γνοὺς
1058 372 1211 431 αὐτοῦ,
1221 371 1522 431 Ἱπποκράτης,

102 447 239 500 ἔφην,
271 434 418 495 οὗτος
450 439 511 500 μή
541 460 583 487 τι
613 438 831 499 νεώτερον
861 439 1109 499 ἀγγέλλεις;
1152 439 1301 488 Οὐδέν
1331 439 1392 499 γ’,
1420 433 1448 499 ἦ
1473 437 1515 485 δ’

100 529 165 567 ος,
191 514 232 555 εἰ
252 508 312 568 μὴ
336 507 486 567 ἀγαθά
509 528 571 567 γε.
617 501 684 555 Εὖ
708 527 764 554 αν
788 510 954 567 λέγοις,
986 504 1043 569 ἦν
1067 508 1107 555 δ’
1138 509 1235 568 ἐγώ.
1270 514 1362 555 ἔστι
1386 509 1436 554 δε
1457 513 1521 566 τί,

102 579 175 623 καὶ
199 580 278 623 τοῦ
302 579 432 624 ἕνεκα
465 575 674 636 τηνικάδε
704 575 893 634 ἆφίκου;
926 576 1249 636 Πρωταγόρας,
1275 582 1384 636 ἔφη,
1410 575 1521 636 ἥκει,

103 645 206 700 στὰς
237 643 343 705 παρ’
374 648 483 704 ἐμοί.
527 643 717 704 Πρώην,
743 649 860 703 ἔφην
885 645 983 703 ἐγώ·
1012 645 1069 691 σὺ
1102 646 1151 691 δὲ
1175 644 1274 704 ἄρτι
1304 647 1521 700 πέπυσαι;

102 713 176 773 Νὴ
199 713 301 768 τοὺς
324 713 475 772 θεούς,
500 718 609 772 ἔφη,
635 715 824 773 ἑσπέρας
847 732 910 772 γε.
948 716 1038 760 Καὶ
1069 712 1159 773 ἅμα
1183 711 1524 773 ἐπιψηλαφήσας

141 847 195 879 Β.
192 841 358 886 εὐθὺς
386 845 490 880 εἴσω
513 841 586 892 ᾔει
612 841 774 890 ἐπειγ.]

103 893 353 936 Hippocrates
370 903 443 926 non
461 897 549 926 ante
567 894 699 926 ostium
716 903 779 935 op-

103 939 328 991 pariebatur,
344 938 516 981 dumipse
531 949 598 982 per
609 949 701 977 eum,
718 937 782 980 qui

103 984 253 1016 ianuam
277 988 482 1026 aperuerat,
506 984 667 1017 adventu
687 993 780 1015 nun-

103 1029 198 1062 tiato
216 1029 391 1062 accedere
404 1030 604 1070 iuberetm,
623 1028 687 1062 sed
699 1039 782 1071 pro-

105 1084 192 1116 pere
231 1075 269 1106 in
308 1075 420 1107 aedes
457 1075 643 1114 irruebat3
687 1073 783 1115 quod

105 1119 331 1152 Graecorum
347 1120 534 1153 sententia
552 1130 574 1152 a
587 1120 693 1152 bonis
708 1129 783 1151 mo-

103 1165 204 1197 ribus
228 1175 300 1198 non
317 1165 436 1198 minus
454 1165 669 1203 abhorruit,
674 1174 784 1206 quam

105 1210 194 1250 alia,
214 1219 309 1252 quae
327 1210 392 1242 ille
409 1210 469 1243 hic
485 1210 620 1243 dicitur
636 1210 785 1242 fecisse.

105 1235 294 1289 Plut'arch.
320 1254 460 1290 Cimon.
484 1266 514 1288 c.
540 1257 600 1288 17:
634 1249 717 1288 ἐπεὶ
740 1252 783 1287 δὲ

105 1294 219 1351 ἄπήει
228 1296 295 1333 διὰ
304 1300 504 1353 Κορίνθου
518 1295 590 1343 τὴν
602 1295 787 1353 στρατιὰν

105 1339 222 1402 ἄγων,
241 1340 412 1379 ἐνεκάλει
421 1342 618 1399 Λάχαρτος
635 1341 763 1391 αὐτῷ.

106 1389 171 1424 καὶ
196 1386 271 1444 γὰρ
290 1385 423 1433 θύραν
444 1397 645 1443 κοψαντας
668 1381 781 1424 ἄλλο-

107 1435 218 1487 τριαν
226 1447 295 1470 ουκ
305 1429 699 1480 εἰσιέναιπρότερον”
674 1448 697 1479 η
716 1431 783 1469 τὸν

105 1477 240 1524 κύριον
255 1481 447 1517 κελεῦσαι.
463 1482 701 1515 Demosthen.
719 1481 781 1514 Or.

107 1529 161 1567 37,
170 1529 213 1560 52
222 1530 400 1570 tanquam
410 1530 568 1560 maxima
584 1527 782 1570 opprobria

106 1572 216 1605 haec·
207 1583 245 1604 in
253 1572 505 1606 adversarium
515 1573 780 1606 coniiciuntur:

106 1612 376 1671 (Νικόβουλος)
385 1616 527 1662 ταχέως
534 1617 700 1707 ῗαδιᾞζει
714 1615 782 1650 καὶ

106 1660 203 1707 μέγα
226 1660 456 1708 φθέγγεται,
480 1675 531 1696 κα
570 1663 784 1707 βάκτηριαν

108 1711 232 1751 φορεῖ.
251 1710 483 1751 Quamquam
499 1709 543 1742 de
554 1709 702 1742 bacillis
711 1719 784 1741 non

107 1764 232 1786 omnes
246 1754 342 1787 idem
358 1754 532 1786 videntur
547 1755 721 1788 sensisse.
741 1773 782 1777 —

107 1792 170 1842 ᾔει
187 1793 445 1842 ἐπειγόμενος.
462 1799 572 1832 Plato
588 1799 660 1832 etsi
673 1803 710 1832 et
723 1793 783 1842 ᾔει

111 1847 148 1876 et
163 1854 248 1887 ῃειν
265 1847 431 1887 usurpat,
455 1847 580 1877 tamen
603 1857 625 1878 ν
641 1855 712 1877 non
738 1845 786 1877 ad

107 1865 310 1922 tollendum
316 1890 458 1922 hiatum
466 1889 584 1930 addit3
602 1883 663 1933 ᾔει
672 1890 785 1922 etiam

108 1935 147 1967 in
163 1934 320 1968 Phaedr.
347 1945 382 1977 p.
399 1936 466 1968 228
482 1935 512 1967 Β
531 1935 620 1967 etin
636 1935 785 1969 Politia.

109 1991 143 2022 p.
167 1981 235 2013 275
256 1979 288 2012 A
311 1983 348 2013 et
379 1980 471 2012 alibi
502 1984 588 2012 ante
617 1980 785 2013 vocalem

109 2027 244 2068 posuit,
271 2028 399 2058 contra
416 2018 514 2068 ᾔειν,
539 2036 609 2068 quo
626 2036 691 2058 sex
707 2025 786 2058 fere

109 2071 202 2104 locis
234 2072 368 2110 utitur,
399 2074 486 2104 ante
519 2081 716 2104 consonam
748 2071 787 2102 in

110 2116 205 2150 Tim.
219 2127 254 2159 p.
272 2117 316 2149 39
333 2116 376 2151 A.

152 2178 476 2227 Ἱπποκράτης,
526 2180 661 2227 ἔφην,
715 2175 787 2217 οὗ·

113 2227 193 2273 τος]
213 2229 319 2272 Apud
336 2240 375 2262 se
391 2229 462 2262 hoc
479 2228 652 2262 Socrates
669 2230 786 2270 loqui-

111 2279 188 2316 tur,
226 2277 402 2316 recteque
434 2274 592 2307 reddidit
622 2276 787 2307 Ficinus:

111 2322 416 2363 Hippocrates
460 2319 533 2352 hic
572 2323 658 2358 est,
718 2321 786 2352 in-

112 2376 252 2409 quam.

159 2429 218 2477 μή
240 2444 282 2466 τι
304 2428 544 2486 νεώτερον]
562 2434 681 2474 Quum
695 2429 786 2466 νεώ-

114 2490 224 2522 τερον
254 2482 363 2520 atque
388 2476 478 2511 νέον
493 2488 559 2521 per
582 2478 785 2521 euphemis—

112 2535 210 2557 mum
228 2524 339 2557 etiam
357 2523 401 2555 de
415 2523 524 2556 malis
538 2526 575 2555 et
592 2523 785 2556 calamita-

114 2570 212 2603 tibus
229 2569 304 2601 dici
322 2569 455 2610 soleat,
480 2578 587 2610 quem
602 2579 707 2601 usum
723 2579 786 2602 vo-

116 2615 170 2647 cis
187 2624 297 2657 quum
314 2614 382 2647 alii
398 2614 605 2665 scriptores
618 2616 695 2647 tum
711 2617 788 2647 tra-

116 2660 190 2702 gici
220 2663 353 2702 poetae
385 2652 640 2701 frequentant,
670 2660 788 2693 veluti

117 2704 286 2748 Sophocl.
301 2705 389 2737 Ant.
404 2715 439 2738 v.
449 2705 526 2737 238.
543 2706 620 2737 945.
627 2705 786 2738 Philoct.

117 2750 195 2782 560.
218 2751 294 2783 784.
319 2750 367 2782 al.
392 2750 641 2792 Hippocrates
664 2751 788 2783 verbis

118 2795 283 2827 Socratis
299 2805 364 2837 per
381 2795 641 2837 amphiboliam
658 2795 695 2827 in
712 2806 787 2828 ma-

117 2839 191 2873 lam
213 2842 355 2882 partem
386 2840 550 2883 acceptis
579 2841 703 2873 iocose
732 2852 788 2873 re-

163 2906 269 2929 PLAT.
300 2906 405 2929 PROT-

847 847 1020 899 spondet:
1038 841 1168 881 Οὐδέν
1183 842 1215 890 γ’
1220 873 1230 890 ,
1248 865 1293 870 —-
1310 844 1346 880 εἰ
1360 841 1413 890 μὴ
1431 841 1525 890 ἄγα-

846 888 904 926 θά
921 893 1114 945 γε.81αῑ1ἶ),

896 929 960 972 Εὖ
978 949 1032 971 αν
1050 936 1231 982 λέγοις]
1252 938 1364 980 probe
1382 937 1525 970 dicis—

851 985 883 1017 si
899 994 957 1017 res
975 984 1030 1016 ita
1047 994 1085 1016 se
1103 984 1228 1023 habet,
1246 994 1281 1016 v.
1300 984 1399 1015 infra
1416 994 1450 1034 p.
1459 985 1526 1040 339

851 1030 880 1061 Β
899 1029 1040 1062 etMen.
1043 1040 1092 1081 p.
1112 1029 1211 1061 78C·
1226 1027 1374 1081 ἴδωμεν
1391 1023 1441 1071 δὴ
1459 1026 1526 1061 καὶ

852 1074 965 1107 τοῦτο
982 1071 1018 1107 εἰ
1030 1068 1177 1117 ἀληθὲς
1193 1071 1334 1117 λέγεις·
1353 1073 1442 1112 ἴσως
1454 1069 1526 1118 γὰρ

852 1131 902 1154 αν
926 1111 968 1152 εὖ
986 1117 1122 1171 λέγοις.

898 1160 1124 1207 τηνικάδε
1164 1158 1367 1207 άφίκου]
1410 1164 1456 1196 Η.
1496 1175 1526 1197 e.

853 1213 941 1242 tam
971 1210 1110 1243 multo
1143 1220 1279 1242 mane.
1306 1208 1434 1242 Criton
1457 1210 1506 1242 in.

854 1255 894 1288 τί
914 1250 1097 1308 τηνικάδε
1121 1249 1276 1310 αφῖξαι,
1309 1266 1337 1287 ω
1359 1220 1528 1309 Κρίτωνὲ

853 1293 900 1351 ἢ
901 1311 946 1333 ου
970 1295 1051 1346 πρῲ
1085 1297 1139 1334 ἔτι
1165 1295 1286 1341 ἔστίν;
1319 1295 1431 1333 Πάνυ
1459 1297 1530 1343 μὲν

854 1338 937 1380 οὖν.
970 1337 1125 1389 Πηνίκα
1153 1326 1335 1397 μάλιστα;
1361 1338 1530 1401 ’Όρθρος

851 1386 992 1434 βαθύς.
1001 1391 1220 1429 Moxverba,
1230 1386 1322 1429 στάς
1333 1402 1410 1433 παρ
1431 1390 1528 1434 εμοί,

851 1440 954 1470 arcte
972 1440 1173 1469 connectas
1192 1447 1272 1468 cum
1283 1433 1370 1487 ἔφη.
1387 1424 1504 1469 Sta'llb.

901 1477 1076 1525 Πρώην,
1096 1478 1211 1524 ἔφην
1228 1476 1332 1525 ἐγώ]
1353 1483 1439 1514 iam
1455 1491 1529 1513 nu-

851 1527 950 1560 dius
975 1527 1143 1560 tertius
1167 1527 1364 1559 advenit.
1382 1527 1475 1559 Nam
1492 1537 1526 1570 p.

850 1575 928 1610 309,
951 1573 1005 1604 D:
1038 1572 1170 1615 τρίτην
1200 1582 1242 1616 γε
1271 1565 1368 1624 ἤδη
1382 1567 1530 1615 ἡμέραν

851 1612 1178 1661 (ἐπιδεδήμηκεν).
1210 1617 1266 1649 Ad
1287 1613 1423 1669 πρώην
1435 1628 1454 1650 e
1471 1627 1531 1649 su-

850 1664 1056 1707 peiioribus
1072 1663 1192 1705 repeti
1209 1666 1379 1706 oportere
1396 1673 1482 1706 ηκει
1492 1673 1529 1694 ιιι

851 1710 984 1762 aprico
997 1711 1063 1741 est.
1088 1708 1207 1741 Stanb.

898 1754 937 1787 C.
965 1748 1164 1796 ἑσπέρας
1181 1751 1244 1796 γε]
1257 1753 1359 1786 ‘heri'
1365 1754 1531 1795 vesperi3

852 1799 916 1832 sed
948 1809 1057 1841 quum
1087 1809 1141 1836 ea,
1161 1809 1255 1840 quae
1280 1799 1530 1841 Hippocrates

851 1848 996 1885 narrat,
1022 1847 1106 1886 post
1121 1844 1211 1876 solis
1236 1854 1408 1876 occasum
1424 1844 1530 1876 facta

851 1892 989 1923 essent
1016 1890 1051 1921 ei
1065 1899 1139 1922 non
1152 1889 1260 1921 licuit
1276 1889 1399 1921 dicere
1416 1883 1530 1932 ἐχθές

852 1929 890 1978 γ’
909 1929 1081 1977 ἑσπέρας.
1106 1934 1200 1966 Nam
1213 1934 1472 1970 Athenienses
1489 1937 1530 1966 ut

853 1981 907 2012 ait
929 1981 1046 2012 Varro
1071 1979 1168 2022 apud
1190 1979 1274 2012 Aul.
1297 1979 1456 2012 Gellium
1485 1980 1528 2014 N.

853 2026 894 2058 A.
912 2025 980 2059 III.
997 2027 1028 2063 2,
1046 2027 1079 2067 4,
1098 2036 1120 2057 a
1143 2025 1221 2058 sole
1245 2035 1380 2057 occaso
1404 2024 1450 2056 ad
1472 2035 1529 2057 so-

853 2071 925 2104 lem
948 2072 1078 2103 iterum
1101 2070 1331 2103 occidentem
1357 2081 1462 2103 omne
1493 2070 1530 2102 id

852 2115 1010 2148 medium
1031 2118 1175 2159 tempus
1198 2126 1308 2148 unum
1330 2115 1425 2148 diem
1450 2125 1530 2148 esse

854 2161 1040 2194 dicebant.

900 2201 1291 2258 έπιψηλαφήσας]
1342 2205 1532 2238 Phaedon.

853 2262 889 2294 p.
928 2253 994 2285 99
989 2252 1050 2284 Β·
1148 2262 1184 2284 οι
1218 2251 1425 2308 φαίνονται
1456 2256 1532 2306 ψη-

856 2296 1054 2350 λαφῶντες
1086 2308 1123 2330 οι
1146 2294 1281 2329 πολλοὶ
1313 2305 1460 2348 ωσπερ
1491 2307 1531 2329 εν

854 2338 935 2376 ‘ruo‘
944 2354 1027 2394 τῳ.
1045 2337 1120 2380 ,ὡς
1138 2341 1264 2375 αἴτιον
1280 2335 1375 2374 αὐτὸ
1391 2350 1532 2384 προσα

854 2398 1040 2431 γορευειν.
1065 2387 1218 2421 Videtur
1235 2386 1408 2420 Socrates
1425 2387 1530 2419 lumi-

853 2434 961 2466 nibus
976 2443 1083 2465 mane
1100 2443 1173 2465 non
1190 2432 1356 2465 accensis
1371 2432 1534 2474 sumptui

854 2479 1093 2530 pepercisse·
1143 2487 1264 2519 neque
1305 2477 1399 2510 e'nim
1440 2476 1530 2508 illud

855 2534 967 2563 ants,
987 2525 1071 2565 παῖ,
1091 2518 1230 2566 λύχνον
1247 2523 1292 2555 ab
1312 2533 1354 2554 eo
1373 2522 1531 2561 auditur,

854 2572 891 2601 et
905 2569 1110 2611 grabatum,
1124 2569 1161 2599 in
1176 2577 1246 2610 quo
1261 2568 1340 2600 cub
1344 2568 1432 2605 ibat,
1448 2576 1532 2598 cou-

853 2613 1046 2646 trectando
1094 2613 1241 2654 quaerit
1270 2613 1518 2655 Hippocrates

854 2659 910 2691 De
927 2668 1008 2692 voc.
1026 2658 1213 2701 σκίμπους
1229 2658 1388 2700 Etymol.
1405 2657 1530 2698 Magn

852 2698 1107 2755 Ἀσκοὶντης
1146 2702 1337 2736 κλινίδιον
1370 2684 1529 2743 εὐτελές,

853 2742 876 2781 ὃ
909 2744 984 2781 υπὸ
1024 2749 1099 2782 τῶν
1132 2743 1306 2781 Ἀττικῶν
1344 2746 1531 2790 σκίμπους

856 2789 1101 2836 ὀνομάζεταιε
1124 2794 1219 2836 quod
1235 2795 1395 2826 testatur
1411 2803 1531 2835 gram-

857 2840 1015 2872 maticus
1041 2839 1156 2872 allato
1173 2839 1268 2871 hoc
1258 2848 1337 2880 ipso
1353 2838 1447 2871 loco.

1237 2894 1264 2935 3
