<?xml version="1.0" encoding="UTF-8"?>
<!DOCTYPE html PUBLIC "-//W3C//DTD XHTML 1.0 Transitional//EN"
    "http://www.w3.org/TR/xhtml1/DTD/xhtml1-transitional.dtd">
<html xmlns="http://www.w3.org/1999/xhtml" xml:lang="en" lang="en">
 <head>
  <title>
</title>
<meta http-equiv="Content-Type" content="text/html;charset=utf-8" />
  <meta name='ocr-system' content='tesseract 3.04.00' />
  <meta name='ocr-capabilities' content='ocr_page ocr_carea ocr_par ocr_line ocrx_word'/>
</head>
<body>
  <div class='ocr_page' id='page_1' title='image "./operaomniarecens02platuoft/operaomniarecens02platuoft_0121.png"; bbox 0 0 1702 2924; ppageno 0'>
   <div class='ocr_carea' id='block_1_1' title="bbox 522 165 1515 206">
    <p class='ocr_par' dir='ltr' id='par_1_1' title="bbox 522 165 1515 206">
     <span class='ocr_line' id='line_1_1' title="bbox 522 165 1515 206; baseline -0.004 0"><span class='ocrx_word' id='word_1_1' title='bbox 522 165 767 206; x_wconf 80' lang='lat' dir='ltr'><strong>GORGIAS.</strong></span> <span class='ocrx_word' id='word_1_2' title='bbox 795 166 840 204; x_wconf 90' lang='lat' dir='ltr'><em>P.</em></span> <span class='ocrx_word' id='word_1_3' title='bbox 873 166 967 205; x_wconf 88' lang='lat'>457.</span> <span class='ocrx_word' id='word_1_4' title='bbox 998 165 1058 204; x_wconf 89' lang='lat' dir='ltr'><em>ed.</em></span> <span class='ocrx_word' id='word_1_5' title='bbox 1090 165 1147 204; x_wconf 81' lang='lat' dir='ltr'>St.</span> <span class='ocrx_word' id='word_1_6' title='bbox 1438 166 1515 203; x_wconf 89' lang='lat'><em>115</em></span> 
     </span>
    </p>
   </div>
   <div class='ocr_carea' id='block_1_2' title="bbox 88 269 1584 1114">
    <p class='ocr_par' dir='ltr' id='par_1_2' title="bbox 88 269 1584 1114">
     <span class='ocr_line' id='line_1_2' title="bbox 151 269 1518 330; baseline -0.002 -12"><span class='ocrx_word' id='word_1_7' title='bbox 151 281 277 328; x_wconf 87' lang='grc' dir='ltr'><em>σθαι,</em></span> <span class='ocrx_word' id='word_1_8' title='bbox 316 274 453 328; x_wconf 81' lang='grc' dir='ltr'><strong><em>ὥςπερ</em></strong></span> <span class='ocrx_word' id='word_1_9' title='bbox 492 274 564 317; x_wconf 89' lang='grc' dir='ltr'><em>καὶ</em></span> <span class='ocrx_word' id='word_1_10' title='bbox 600 282 652 330; x_wconf 78' lang='grc' dir='ltr'><em>τῇ</em></span> <span class='ocrx_word' id='word_1_11' title='bbox 692 275 868 329; x_wconf 79' lang='grc' dir='ltr'><em>ἀγωνίᾳ.</em></span> <span class='ocrx_word' id='word_1_12' title='bbox 914 273 989 316; x_wconf 79' lang='grc' dir='ltr'><em>ἐὰν</em></span> <span class='ocrx_word' id='word_1_13' title='bbox 1018 273 1078 325; x_wconf 86' lang='grc' dir='ltr'><em>δέ,</em></span> <span class='ocrx_word' id='word_1_14' title='bbox 1110 269 1251 328; x_wconf 76' lang='grc' dir='ltr'><em>οἶμαι,</em></span> <span class='ocrx_word' id='word_1_15' title='bbox 1291 271 1518 327; x_wconf 79' lang='grc' dir='ltr'><em>ῥητορικὸς</em></span> 
     </span>
     <span class='ocr_line' id='line_1_3' title="bbox 151 336 1514 395; baseline -0.002 -12"><span class='ocrx_word' id='word_1_16' title='bbox 151 342 381 395; x_wconf 77' lang='grc' dir='ltr'><em>γενόμενός</em></span> <span class='ocrx_word' id='word_1_17' title='bbox 402 356 464 389; x_wconf 83' lang='grc' dir='ltr'><em>τις</em></span> <span class='ocrx_word' id='word_1_18' title='bbox 490 337 598 393; x_wconf 78' lang='grc' dir='ltr'><em>κᾷτα</em></span> <span class='ocrx_word' id='word_1_19' title='bbox 618 341 751 394; x_wconf 84' lang='grc' dir='ltr'><em>ταύτῃ</em></span> <span class='ocrx_word' id='word_1_20' title='bbox 773 347 825 395; x_wconf 82' lang='grc' dir='ltr'><em>τῇ</em></span> <span class='ocrx_word' id='word_1_21' title='bbox 844 340 1023 394; x_wconf 79' lang='grc' dir='ltr'><em>δυνάμει</em></span> <span class='ocrx_word' id='word_1_22' title='bbox 1044 339 1116 381; x_wconf 87' lang='grc' dir='ltr'><em>καὶ</em></span> <span class='ocrx_word' id='word_1_23' title='bbox 1142 344 1196 393; x_wconf 78' lang='grc' dir='ltr'><em>τῇ</em></span> <span class='ocrx_word' id='word_1_24' title='bbox 1222 336 1347 394; x_wconf 82' lang='grc' dir='ltr'><strong><em>τέχνῃ</em></strong></span> <span class='ocrx_word' id='word_1_25' title='bbox 1375 339 1514 393; x_wconf 79' lang='grc' dir='ltr'><em>ἀδικῇ,</em></span> 
     </span>
     <span class='ocr_line' id='line_1_4' title="bbox 126 403 1515 459; baseline -0.001 -11"><span class='ocrx_word' id='word_1_26' title='bbox 126 407 206 457; x_wconf 42' lang='grc' dir='ltr'><em>,οὐ</em></span> <span class='ocrx_word' id='word_1_27' title='bbox 246 407 323 447; x_wconf 88' lang='grc' dir='ltr'><em>τὸν</em></span> <span class='ocrx_word' id='word_1_28' title='bbox 363 406 591 457; x_wconf 78' lang='grc' dir='ltr'><em>διδάξαντα</em></span> <span class='ocrx_word' id='word_1_29' title='bbox 629 406 697 447; x_wconf 85' lang='grc' dir='ltr'><em>δεῖ</em></span> <span class='ocrx_word' id='word_1_30' title='bbox 731 408 872 459; x_wconf 87' lang='grc' dir='ltr'><em>μισεῖν</em></span> <span class='ocrx_word' id='word_1_31' title='bbox 907 420 951 446; x_wconf 89' lang='grc' dir='ltr'><em>τε</em></span> <span class='ocrx_word' id='word_1_32' title='bbox 989 405 1060 447; x_wconf 86' lang='grc' dir='ltr'><em>καὶ</em></span> <span class='ocrx_word' id='word_1_33' title='bbox 1098 403 1318 458; x_wconf 80' lang='grc' dir='ltr'><em>ἐκβάλλειν</em></span> <span class='ocrx_word' id='word_1_34' title='bbox 1353 403 1400 447; x_wconf 79' lang='grc' dir='ltr'><em>ἐκ</em></span> <span class='ocrx_word' id='word_1_35' title='bbox 1427 407 1515 446; x_wconf 79' lang='grc' dir='ltr'><em>τῶν</em></span> 
     </span>
     <span class='ocr_line' id='line_1_5' title="bbox 154 467 1582 527; baseline -0.001 -14"><span class='ocrx_word' id='word_1_36' title='bbox 154 472 333 513; x_wconf 86' lang='grc' dir='ltr'><em>πόλεων.</em></span> <span class='ocrx_word' id='word_1_37' title='bbox 364 470 525 520; x_wconf 81' lang='grc' dir='ltr'><em>ἐκεῖνος</em></span> <span class='ocrx_word' id='word_1_38' title='bbox 551 470 629 525; x_wconf 78' lang='grc' dir='ltr'><em>μὲν</em></span> <span class='ocrx_word' id='word_1_39' title='bbox 656 470 740 524; x_wconf 77' lang='grc' dir='ltr'><em>γὰρ</em></span> <span class='ocrx_word' id='word_1_40' title='bbox 768 469 836 512; x_wconf 88' lang='grc' dir='ltr'><em>ε’πὶ</em></span> <span class='ocrx_word' id='word_1_41' title='bbox 864 471 1007 526; x_wconf 82' lang='grc' dir='ltr'><em>δικαίᾳ</em></span> <span class='ocrx_word' id='word_1_42' title='bbox 1034 471 1153 527; x_wconf 77' lang='grc' dir='ltr'><em>χρείᾳ</em></span> <span class='ocrx_word' id='word_1_43' title='bbox 1179 469 1450 523; x_wconf 74' lang='grc' dir='ltr'><em>παρέδωκεν,</em></span> <span class='ocrx_word' id='word_1_44' title='bbox 1489 470 1514 512; x_wconf 89' lang='grc' dir='ltr'>ὁ</span> <span class='ocrx_word' id='word_1_45' title='bbox 1546 467 1582 511; x_wconf 87' lang='lat' dir='ltr'>C</span> 
     </span>
     <span class='ocr_line' id='line_1_6' title="bbox 151 532 1515 591; baseline -0.001 -13"><span class='ocrx_word' id='word_1_46' title='bbox 151 533 192 578; x_wconf 86' lang='grc' dir='ltr'><em>δ’</em></span> <span class='ocrx_word' id='word_1_47' title='bbox 214 536 417 585; x_wconf 77' lang='grc' dir='ltr'><em>ἐναντίως</em></span> <span class='ocrx_word' id='word_1_48' title='bbox 443 543 602 591; x_wconf 81' lang='grc' dir='ltr'><em>χρῆται.</em></span> <span class='ocrx_word' id='word_1_49' title='bbox 631 535 709 577; x_wconf 87' lang='grc' dir='ltr'><em>τὸν</em></span> <span class='ocrx_word' id='word_1_50' title='bbox 736 532 818 578; x_wconf 83' lang='grc' dir='ltr'><em>οὗν</em></span> <span class='ocrx_word' id='word_1_51' title='bbox 846 537 926 577; x_wconf 85' lang='grc' dir='ltr'><em>οὐκ</em></span> <span class='ocrx_word' id='word_1_52' title='bbox 954 536 1099 590; x_wconf 78' lang='grc' dir='ltr'><em>ὀρθῶς</em></span> <span class='ocrx_word' id='word_1_53' title='bbox 1125 537 1348 590; x_wconf 82' lang='grc' dir='ltr'><em>χρώμενον</em></span> <span class='ocrx_word' id='word_1_54' title='bbox 1375 539 1515 589; x_wconf 85' lang='grc' dir='ltr'><em>μισεῖν</em></span> 
     </span>
     <span class='ocr_line' id='line_1_7' title="bbox 150 596 1515 655; baseline -0.001 -12"><span class='ocrx_word' id='word_1_55' title='bbox 150 602 317 644; x_wconf 80' lang='grc' dir='ltr'><em>δίκαιον</em></span> <span class='ocrx_word' id='word_1_56' title='bbox 364 600 435 643; x_wconf 87' lang='grc' dir='ltr'><em>καὶ</em></span> <span class='ocrx_word' id='word_1_57' title='bbox 474 601 694 655; x_wconf 79' lang='grc' dir='ltr'><em>ἐκβάλλειν</em></span> <span class='ocrx_word' id='word_1_58' title='bbox 731 600 803 643; x_wconf 87' lang='grc' dir='ltr'><em>καὶ</em></span> <span class='ocrx_word' id='word_1_59' title='bbox 842 602 1176 651; x_wconf 72' lang='grc' dir='ltr'><em>ἀποκτιννύναι,</em></span> <span class='ocrx_word' id='word_1_60' title='bbox 1222 596 1308 642; x_wconf 85' lang='grc' dir='ltr'><em>ἀλλ’</em></span> <span class='ocrx_word' id='word_1_61' title='bbox 1346 601 1399 642; x_wconf 86' lang='grc' dir='ltr'><em>ού</em></span> <span class='ocrx_word' id='word_1_62' title='bbox 1437 603 1515 642; x_wconf 88' lang='grc' dir='ltr'><em>τὸν</em></span> 
     </span>
     <span class='ocr_line' id='line_1_8' title="bbox 150 667 390 718; baseline -0.008 -9"><span class='ocrx_word' id='word_1_63' title='bbox 150 667 390 718; x_wconf 84' lang='grc' dir='ltr'><em>διδάξαντα.</em></span> 
     </span>
     <span class='ocr_line' id='line_1_9' title="bbox 88 725 1515 791; baseline -0.004 -13"><span class='ocrx_word' id='word_1_64' title='bbox 88 728 91 730; x_wconf 15' lang='lat' dir='ltr'>v</span> <span class='ocrx_word' id='word_1_65' title='bbox 238 733 344 791; x_wconf 85' lang='lat' dir='ltr'>Cap.</span> <span class='ocrx_word' id='word_1_66' title='bbox 374 733 481 776; x_wconf 91' lang='lat' dir='ltr'>XII.</span> <span class='ocrx_word' id='word_1_67' title='bbox 541 732 643 773; x_wconf 68' lang='grc' dir='ltr'><em>ΣιΩι.</em></span> <span class='ocrx_word' id='word_1_68' title='bbox 697 727 842 784; x_wconf 74' lang='grc' dir='ltr'><em>Οἶμαι,</em></span> <span class='ocrx_word' id='word_1_69' title='bbox 873 725 907 772; x_wconf 81' lang='grc' dir='ltr'>ὦ</span> <span class='ocrx_word' id='word_1_70' title='bbox 933 733 976 772; x_wconf 91' lang='grc' dir='ltr'><em>Γ</em></span> <span class='ocrx_word' id='word_1_71' title='bbox 970 732 1110 784; x_wconf 70' lang='grc' dir='ltr'><em>οργία,</em></span> <span class='ocrx_word' id='word_1_72' title='bbox 1138 731 1210 773; x_wconf 89' lang='grc' dir='ltr'><em>καὶ</em></span> <span class='ocrx_word' id='word_1_73' title='bbox 1239 730 1284 772; x_wconf 82' lang='grc' dir='ltr'><em>σὲ</em></span> <span class='ocrx_word' id='word_1_74' title='bbox 1312 728 1515 784; x_wconf 77' lang='grc' dir='ltr'><em>ἔμπειρον</em></span> 
     </span>
     <span class='ocr_line' id='line_1_10' title="bbox 150 796 1511 851; baseline -0.001 -10"><span class='ocrx_word' id='word_1_75' title='bbox 150 796 261 841; x_wconf 80' lang='grc' dir='ltr'><em>εἶναι</em></span> <span class='ocrx_word' id='word_1_76' title='bbox 309 801 482 841; x_wconf 79' lang='grc' dir='ltr'><em>πολλῶν</em></span> <span class='ocrx_word' id='word_1_77' title='bbox 526 798 673 851; x_wconf 78' lang='grc' dir='ltr'><em>λόγων</em></span> <span class='ocrx_word' id='word_1_78' title='bbox 720 796 792 839; x_wconf 90' lang='grc' dir='ltr'><em>καὶ</em></span> <span class='ocrx_word' id='word_1_79' title='bbox 830 797 1155 849; x_wconf 81' lang='grc' dir='ltr'><em>καθεωρακέναι</em></span> <span class='ocrx_word' id='word_1_80' title='bbox 1194 796 1240 839; x_wconf 82' lang='grc' dir='ltr'><em>ἐν</em></span> <span class='ocrx_word' id='word_1_81' title='bbox 1280 798 1427 846; x_wconf 83' lang='grc' dir='ltr'><em>αὐτοῖς</em></span> <span class='ocrx_word' id='word_1_82' title='bbox 1462 799 1511 839; x_wconf 88' lang='grc' dir='ltr'><em>τὸ</em></span> 
     </span>
     <span class='ocr_line' id='line_1_11' title="bbox 149 855 1513 919; baseline -0.002 -12"><span class='ocrx_word' id='word_1_83' title='bbox 149 865 328 916; x_wconf 87' lang='grc' dir='ltr'><em>τοιόνδε,</em></span> <span class='ocrx_word' id='word_1_84' title='bbox 359 861 427 906; x_wconf 83' lang='grc' dir='ltr'><em>ὅτι</em></span> <span class='ocrx_word' id='word_1_85' title='bbox 450 865 504 907; x_wconf 87' lang='grc' dir='ltr'><em>οὐ</em></span> <span class='ocrx_word' id='word_1_86' title='bbox 526 863 685 919; x_wconf 80' lang='grc' dir='ltr'><em>ῥᾳδίως</em></span> <span class='ocrx_word' id='word_1_87' title='bbox 705 863 915 905; x_wconf 88' lang='grc' dir='ltr'><em>δύνανται</em></span> <span class='ocrx_word' id='word_1_88' title='bbox 935 863 1032 916; x_wconf 86' lang='grc' dir='ltr'><em>περὶ</em></span> <span class='ocrx_word' id='word_1_89' title='bbox 1055 855 1117 904; x_wconf 80' lang='grc' dir='ltr'><em>ὧν</em></span> <span class='ocrx_word' id='word_1_90' title='bbox 1138 862 1193 905; x_wconf 78' lang='grc' dir='ltr'><em>ἃν</em></span> <span class='ocrx_word' id='word_1_91' title='bbox 1221 861 1513 917; x_wconf 76' lang='grc' dir='ltr'><em>ἐπιχειρήσωσι</em></span> 
     </span>
     <span class='ocr_line' id='line_1_12' title="bbox 151 928 1513 984; baseline -0.001 -12"><span class='ocrx_word' id='word_1_92' title='bbox 151 928 422 984; x_wconf 81' lang='grc' dir='ltr'><em>διαλέγεσθαι</em></span> <span class='ocrx_word' id='word_1_93' title='bbox 467 930 758 983; x_wconf 84' lang='grc' dir='ltr'><em>διορισάμενοι</em></span> <span class='ocrx_word' id='word_1_94' title='bbox 803 929 911 981; x_wconf 83' lang='grc' dir='ltr'><em>πρὸς</em></span> <span class='ocrx_word' id='word_1_95' title='bbox 949 929 1161 983; x_wconf 75' lang='grc' dir='ltr'><em>ἀλλήλους</em></span> <span class='ocrx_word' id='word_1_96' title='bbox 1193 928 1265 970; x_wconf 83' lang='grc' dir='ltr'><em>καὶ</em></span> <span class='ocrx_word' id='word_1_97' title='bbox 1298 929 1513 982; x_wconf 79' lang='grc' dir='ltr'><em>μαθόντες</em></span> 
     </span>
     <span class='ocr_line' id='line_1_13' title="bbox 148 993 1511 1046; baseline -0.001 -9"><span class='ocrx_word' id='word_1_98' title='bbox 148 995 220 1038; x_wconf 88' lang='grc' dir='ltr'><em>καὶ</em></span> <span class='ocrx_word' id='word_1_99' title='bbox 259 995 502 1046; x_wconf 84' lang='grc' dir='ltr'><em>διδάξαντες</em></span> <span class='ocrx_word' id='word_1_100' title='bbox 529 993 709 1043; x_wconf 80' lang='grc' dir='ltr'><em>ἑαυτοὺς</em></span> <span class='ocrx_word' id='word_1_101' title='bbox 737 994 850 1035; x_wconf 81' lang='grc' dir='ltr'><em>οὕτω</em></span> <span class='ocrx_word' id='word_1_102' title='bbox 878 995 1133 1036; x_wconf 84' lang='grc' dir='ltr'><em>διαλύεσθαι</em></span> <span class='ocrx_word' id='word_1_103' title='bbox 1161 994 1235 1043; x_wconf 84' lang='grc' dir='ltr'><em>τὰς</em></span> <span class='ocrx_word' id='word_1_104' title='bbox 1266 995 1511 1046; x_wconf 86' lang='grc' dir='ltr'><em>συνουσίας,</em></span> 
     </span>
     <span class='ocr_line' id='line_1_14' title="bbox 148 1057 1584 1114; baseline -0.001 -11"><span class='ocrx_word' id='word_1_105' title='bbox 148 1057 233 1103; x_wconf 86' lang='grc' dir='ltr'><em>ἀλλ’</em></span> <span class='ocrx_word' id='word_1_106' title='bbox 273 1060 349 1103; x_wconf 79' lang='grc' dir='ltr'><em>ἐὰν</em></span> <span class='ocrx_word' id='word_1_107' title='bbox 386 1060 483 1114; x_wconf 82' lang='grc' dir='ltr'><em>περί</em></span> <span class='ocrx_word' id='word_1_108' title='bbox 522 1075 602 1102; x_wconf 91' lang='grc' dir='ltr'><em>του</em></span> <span class='ocrx_word' id='word_1_109' title='bbox 640 1060 993 1114; x_wconf 83' lang='grc' dir='ltr'><em>ἀμφιςβητήσωσι</em></span> <span class='ocrx_word' id='word_1_110' title='bbox 1034 1059 1105 1102; x_wconf 81' lang='grc' dir='ltr'><em>καὶ</em></span> <span class='ocrx_word' id='word_1_111' title='bbox 1140 1060 1198 1114; x_wconf 85' lang='grc' dir='ltr'><em>μὴ</em></span> <span class='ocrx_word' id='word_1_112' title='bbox 1228 1067 1290 1114; x_wconf 77' lang='grc' dir='ltr'><em>φῇ</em></span> <span class='ocrx_word' id='word_1_113' title='bbox 1320 1060 1344 1102; x_wconf 91' lang='grc' dir='ltr'>ὁ</span> <span class='ocrx_word' id='word_1_114' title='bbox 1373 1059 1514 1114; x_wconf 80' lang='grc' dir='ltr'><em>ἕτερος</em></span> <span class='ocrx_word' id='word_1_115' title='bbox 1541 1064 1584 1106; x_wconf 93' lang='lat' dir='ltr'>D</span> 
     </span>
    </p>
   </div>
   <div class='ocr_carea' id='block_1_3' title="bbox 147 1199 1512 1424">
    <p class='ocr_par' dir='ltr' id='par_1_3' title="bbox 147 1199 1509 1279">
     <span class='ocr_line' id='line_1_15' title="bbox 148 1199 1509 1243; baseline -0.002 -8"><span class='ocrx_word' id='word_1_116' title='bbox 148 1202 188 1235; x_wconf 88' lang='lat' dir='ltr'><em>V.</em></span> <span class='ocrx_word' id='word_1_117' title='bbox 222 1201 314 1234; x_wconf 87' lang='lat' dir='ltr'>Flor.</span> <span class='ocrx_word' id='word_1_118' title='bbox 338 1199 372 1233; x_wconf 93' lang='lat' dir='ltr'>b.</span> <span class='ocrx_word' id='word_1_119' title='bbox 404 1199 504 1235; x_wconf 90' lang='lat' dir='ltr'><strong>Bodl.</strong></span> <span class='ocrx_word' id='word_1_120' title='bbox 527 1199 688 1240; x_wconf 86' lang='lat' dir='ltr'><strong>Routhii,</strong></span> <span class='ocrx_word' id='word_1_121' title='bbox 711 1199 852 1233; x_wconf 86' lang='lat' dir='ltr'><strong>Meerm.</strong></span> <span class='ocrx_word' id='word_1_122' title='bbox 876 1200 967 1243; x_wconf 88' lang='lat' dir='ltr'>Aug.</span> <span class='ocrx_word' id='word_1_123' title='bbox 991 1200 1082 1233; x_wconf 87' lang='lat' dir='ltr'><strong>Vett.</strong></span> <span class='ocrx_word' id='word_1_124' title='bbox 1106 1199 1200 1232; x_wconf 80' lang='lat' dir='ltr'><strong>editt.</strong></span> <span class='ocrx_word' id='word_1_125' title='bbox 1227 1199 1380 1240; x_wconf 37' lang='lat' dir='ltr'><em>BenacQov</em></span> <span class='ocrx_word' id='word_1_126' title='bbox 1418 1199 1509 1243; x_wconf 90' lang='lat' dir='ltr'><strong>quod</strong></span> 
     </span>
     <span class='ocr_line' id='line_1_16' title="bbox 147 1244 734 1279; baseline -0.005 0"><span class='ocrx_word' id='word_1_127' title='bbox 147 1247 251 1279; x_wconf 80' lang='lat' dir='ltr'><strong>etiam</strong></span> <span class='ocrx_word' id='word_1_128' title='bbox 274 1245 452 1278; x_wconf 79' lang='lat' dir='ltr'><strong>Clarkian.</strong></span> <span class='ocrx_word' id='word_1_129' title='bbox 475 1246 565 1277; x_wconf 86' lang='lat' dir='ltr'><strong>tueri</strong></span> <span class='ocrx_word' id='word_1_130' title='bbox 587 1244 734 1277; x_wconf 77' lang='lat' dir='ltr'><strong>videtm.</strong></span> 
     </span>
    </p>

    <p class='ocr_par' dir='ltr' id='par_1_4' title="bbox 147 1287 1512 1424">
     <span class='ocr_line' id='line_1_17' title="bbox 217 1287 1508 1333; baseline -0.002 -9"><span class='ocrx_word' id='word_1_131' title='bbox 217 1292 256 1324; x_wconf 85' lang='lat' dir='ltr'><em>C.</em></span> <span class='ocrx_word' id='word_1_132' title='bbox 301 1289 362 1324; x_wconf 86' lang='grc' dir='ltr'><em>ὅτι</em></span> <span class='ocrx_word' id='word_1_133' title='bbox 399 1287 447 1323; x_wconf 83' lang='grc' dir='ltr'><em>ού</em></span> <span class='ocrx_word' id='word_1_134' title='bbox 487 1287 650 1333; x_wconf 77' lang='grc' dir='ltr'><em>ῥᾳδίως</em></span> <span class='ocrx_word' id='word_1_135' title='bbox 684 1288 925 1333; x_wconf 82' lang='grc' dir='ltr'><em>δυίανται]</em></span> <span class='ocrx_word' id='word_1_136' title='bbox 969 1291 1060 1322; x_wconf 85' lang='lat' dir='ltr'><strong>Vett.</strong></span> <span class='ocrx_word' id='word_1_137' title='bbox 1098 1290 1193 1323; x_wconf 83' lang='lat' dir='ltr'><strong>editt.</strong></span> <span class='ocrx_word' id='word_1_138' title='bbox 1229 1289 1508 1333; x_wconf 63' lang='grc' dir='ltr'><em>Ροεῒδύιαιται</em></span> 
     </span>
     <span class='ocr_line' id='line_1_18' title="bbox 149 1334 1512 1379; baseline -0.001 -9"><span class='ocrx_word' id='word_1_139' title='bbox 149 1336 280 1370; x_wconf 78' lang='lat' dir='ltr'><strong>addunt</strong></span> <span class='ocrx_word' id='word_1_140' title='bbox 303 1336 339 1369; x_wconf 86' lang='grc' dir='ltr'><em>οἱ</em></span> <span class='ocrx_word' id='word_1_141' title='bbox 361 1334 566 1378; x_wconf 77' lang='grc' dir='ltr'><em>ἄνθρωποι,</em></span> <span class='ocrx_word' id='word_1_142' title='bbox 599 1335 691 1378; x_wconf 90' lang='lat' dir='ltr'><strong>quod</strong></span> <span class='ocrx_word' id='word_1_143' title='bbox 713 1339 849 1377; x_wconf 85' lang='lat' dir='ltr'><strong>praeter</strong></span> <span class='ocrx_word' id='word_1_144' title='bbox 872 1346 957 1368; x_wconf 85' lang='lat' dir='ltr'><strong>corr.</strong></span> <span class='ocrx_word' id='word_1_145' title='bbox 980 1337 1060 1368; x_wconf 86' lang='lat' dir='ltr'>Par.</span> <span class='ocrx_word' id='word_1_146' title='bbox 1081 1337 1121 1368; x_wconf 88' lang='lat' dir='ltr'><em>E.</em></span> <span class='ocrx_word' id='word_1_147' title='bbox 1147 1335 1243 1368; x_wconf 87' lang='lat' dir='ltr'><strong>codd.</strong></span> <span class='ocrx_word' id='word_1_148' title='bbox 1269 1346 1388 1368; x_wconf 88' lang='lat' dir='ltr'><strong>omnes</strong></span> <span class='ocrx_word' id='word_1_149' title='bbox 1411 1337 1512 1379; x_wconf 84' lang='lat' dir='ltr'><strong>igno-</strong></span> 
     </span>
     <span class='ocr_line' id='line_1_19' title="bbox 147 1380 1509 1424; baseline -0.001 -9"><span class='ocrx_word' id='word_1_150' title='bbox 147 1386 236 1415; x_wconf 79' lang='lat' dir='ltr'>rant.</span> <span class='ocrx_word' id='word_1_151' title='bbox 283 1382 455 1415; x_wconf 85' lang='lat' dir='ltr'><strong>Nimirum</strong></span> <span class='ocrx_word' id='word_1_152' title='bbox 478 1381 580 1414; x_wconf 84' lang='lat' dir='ltr'><strong>tertia</strong></span> <span class='ocrx_word' id='word_1_153' title='bbox 602 1391 750 1424; x_wconf 80' lang='lat' dir='ltr'><strong>persona</strong></span> <span class='ocrx_word' id='word_1_154' title='bbox 773 1381 909 1413; x_wconf 84' lang='lat' dir='ltr'><strong>numeri</strong></span> <span class='ocrx_word' id='word_1_155' title='bbox 931 1380 1079 1423; x_wconf 84' lang='lat' dir='ltr'><em>pluralis</em></span> <span class='ocrx_word' id='word_1_156' title='bbox 1102 1382 1243 1423; x_wconf 87' lang='lat' dir='ltr'><strong>ponitur</strong></span> <span class='ocrx_word' id='word_1_157' title='bbox 1266 1381 1332 1422; x_wconf 85' lang='lat' dir='ltr'><strong>sic,</strong></span> <span class='ocrx_word' id='word_1_158' title='bbox 1367 1385 1406 1413; x_wconf 90' lang='lat' dir='ltr'><em>ut</em></span> <span class='ocrx_word' id='word_1_159' title='bbox 1429 1382 1509 1414; x_wconf 87' lang='lat' dir='ltr'><strong>sub-</strong></span> 
     </span>
    </p>
   </div>
   <div class='ocr_carea' id='block_1_4' title="bbox 145 1426 1510 1515">
    <p class='ocr_par' dir='ltr' id='par_1_5' title="bbox 145 1426 1510 1515">
     <span class='ocr_line' id='line_1_20' title="bbox 145 1426 1508 1471; baseline -0.001 -11"><span class='ocrx_word' id='word_1_160' title='bbox 145 1429 274 1461; x_wconf 87' lang='lat' dir='ltr'><strong>iectum</strong></span> <span class='ocrx_word' id='word_1_161' title='bbox 296 1426 459 1471; x_wconf 82' lang='lat' dir='ltr'><strong>generale</strong></span> <span class='ocrx_word' id='word_1_162' title='bbox 483 1426 600 1469; x_wconf 74' lang='lat' dir='ltr'><em>(man)</em></span> <span class='ocrx_word' id='word_1_163' title='bbox 623 1426 858 1469; x_wconf 82' lang='lat' dir='ltr'><strong>intelligatur,</strong></span> <span class='ocrx_word' id='word_1_164' title='bbox 889 1426 980 1468; x_wconf 91' lang='lat' dir='ltr'><strong>quod</strong></span> <span class='ocrx_word' id='word_1_165' title='bbox 1003 1430 1085 1459; x_wconf 87' lang='lat' dir='ltr'><strong>vett.</strong></span> <span class='ocrx_word' id='word_1_166' title='bbox 1108 1427 1327 1470; x_wconf 81' lang='lat' dir='ltr'><strong>grammatici</strong></span> <span class='ocrx_word' id='word_1_167' title='bbox 1350 1427 1508 1469; x_wconf 85' lang='lat' dir='ltr'><strong>suppleto</strong></span> 
     </span>
     <span class='ocr_line' id='line_1_21' title="bbox 149 1471 1510 1515; baseline -0.001 -9"><span class='ocrx_word' id='word_1_168' title='bbox 149 1473 186 1506; x_wconf 84' lang='grc' dir='ltr'><em>οἰ</em></span> <span class='ocrx_word' id='word_1_169' title='bbox 215 1471 403 1514; x_wconf 81' lang='grc' dir='ltr'><em>ἄνθρωποι</em></span> <span class='ocrx_word' id='word_1_170' title='bbox 433 1471 667 1505; x_wconf 78' lang='lat' dir='ltr'><strong>declarabant.</strong></span> <span class='ocrx_word' id='word_1_171' title='bbox 700 1483 733 1504; x_wconf 85' lang='lat' dir='ltr'><em>v.</em></span> <span class='ocrx_word' id='word_1_172' title='bbox 757 1471 909 1505; x_wconf 81' lang='lat' dir='ltr'><strong>Fischer.</strong></span> <span class='ocrx_word' id='word_1_173' title='bbox 933 1471 977 1504; x_wconf 84' lang='lat' dir='ltr'><strong>ad</strong></span> <span class='ocrx_word' id='word_1_174' title='bbox 1000 1471 1144 1505; x_wconf 90' lang='lat' dir='ltr'><strong>Weller.</strong></span> <span class='ocrx_word' id='word_1_175' title='bbox 1166 1472 1230 1505; x_wconf 94' lang='lat' dir='ltr'>III.</span> <span class='ocrx_word' id='word_1_176' title='bbox 1255 1471 1285 1504; x_wconf 91' lang='lat'><em>1.</em></span> <span class='ocrx_word' id='word_1_177' title='bbox 1310 1483 1343 1515; x_wconf 92' lang='lat' dir='ltr'><em>p.</em></span> <span class='ocrx_word' id='word_1_178' title='bbox 1367 1471 1444 1505; x_wconf 80' lang='lat'>252.</span> <span class='ocrx_word' id='word_1_179' title='bbox 1475 1477 1510 1504; x_wconf 89' lang='lat' dir='ltr'><em>et</em></span> 
     </span>
    </p>
   </div>
   <div class='ocr_carea' id='block_1_5' title="bbox 146 1601 794 1964">
    <p class='ocr_par' dir='ltr' id='par_1_6' title="bbox 146 1601 794 1964">
     <span class='ocr_line' id='line_1_22' title="bbox 149 1601 794 1641; baseline -0.002 -6"><span class='ocrx_word' id='word_1_180' title='bbox 149 1602 342 1641; x_wconf 74' lang='grc' dir='ltr'><em>τούτοις,</em></span> <span class='ocrx_word' id='word_1_181' title='bbox 366 1613 414 1636; x_wconf 81' lang='lat' dir='ltr'><em>se.</em></span> <span class='ocrx_word' id='word_1_182' title='bbox 439 1607 510 1637; x_wconf 73' lang='grc' dir='ltr'><em>τοῖς</em></span> <span class='ocrx_word' id='word_1_183' title='bbox 533 1601 659 1636; x_wconf 76' lang='grc' dir='ltr'><em>ὅπλοις.</em></span> <span class='ocrx_word' id='word_1_184' title='bbox 684 1621 726 1626; x_wconf 90' lang='grc'><strong>-</strong></span> <span class='ocrx_word' id='word_1_185' title='bbox 752 1602 794 1635; x_wconf 87' lang='grc' dir='ltr'><em>οἱ</em></span> 
     </span>
     <span class='ocr_line' id='line_1_23' title="bbox 147 1647 791 1690; baseline -0.002 -9"><span class='ocrx_word' id='word_1_186' title='bbox 147 1648 194 1681; x_wconf 85' lang='grc' dir='ltr'><em>δὲ</em></span> <span class='ocrx_word' id='word_1_187' title='bbox 209 1647 612 1690; x_wconf 78' lang='grc' dir='ltr'><em>μεταστρέψαντες,</em></span> <span class='ocrx_word' id='word_1_188' title='bbox 632 1647 674 1679; x_wconf 83' lang='lat' dir='ltr'><em>hi</em></span> <span class='ocrx_word' id='word_1_189' title='bbox 689 1659 791 1680; x_wconf 85' lang='lat' dir='ltr'><strong>vero</strong></span> 
     </span>
     <span class='ocr_line' id='line_1_24' title="bbox 146 1693 792 1736; baseline -0.002 -9"><span class='ocrx_word' id='word_1_190' title='bbox 146 1704 165 1726; x_wconf 85' lang='lat' dir='ltr'><em>e</em></span> <span class='ocrx_word' id='word_1_191' title='bbox 197 1694 440 1727; x_wconf 77' lang='lat' dir='ltr'><strong>contrario.</strong></span> <span class='ocrx_word' id='word_1_192' title='bbox 478 1695 532 1726; x_wconf 91' lang='lat' dir='ltr'><em>De</em></span> <span class='ocrx_word' id='word_1_193' title='bbox 560 1693 706 1736; x_wconf 88' lang='lat' dir='ltr'><strong>Republ.</strong></span> <span class='ocrx_word' id='word_1_194' title='bbox 731 1694 792 1726; x_wconf 91' lang='lat' dir='ltr'><em>IX.</em></span> 
     </span>
     <span class='ocr_line' id='line_1_25' title="bbox 146 1737 792 1782; baseline -0.003 -10"><span class='ocrx_word' id='word_1_195' title='bbox 146 1750 179 1782; x_wconf 91' lang='lat' dir='ltr'><em>p.</em></span> <span class='ocrx_word' id='word_1_196' title='bbox 202 1738 281 1772; x_wconf 88' lang='lat'>587.</span> <span class='ocrx_word' id='word_1_197' title='bbox 306 1740 359 1772; x_wconf 89' lang='lat' dir='ltr'><em>D:</em></span> <span class='ocrx_word' id='word_1_198' title='bbox 381 1737 514 1772; x_wconf 83' lang='grc' dir='ltr'><em>ουκοῦν</em></span> <span class='ocrx_word' id='word_1_199' title='bbox 538 1737 599 1771; x_wconf 81' lang='grc' dir='ltr'><em>ἐάν</em></span> <span class='ocrx_word' id='word_1_200' title='bbox 623 1750 670 1773; x_wconf 78' lang='grc' dir='ltr'><em>τις</em></span> <span class='ocrx_word' id='word_1_201' title='bbox 693 1750 792 1778; x_wconf 84' lang='grc' dir='ltr'><em>μετα-</em></span> 
     </span>
     <span class='ocr_line' id='line_1_26' title="bbox 149 1781 793 1827; baseline -0.002 -10"><span class='ocrx_word' id='word_1_202' title='bbox 149 1783 302 1826; x_wconf 76' lang='grc' dir='ltr'><em>στρέψας</em></span> <span class='ocrx_word' id='word_1_203' title='bbox 342 1802 386 1808; x_wconf 92' lang='lat'><em>-·</em></span> <span class='ocrx_word' id='word_1_204' title='bbox 423 1784 522 1827; x_wconf 79' lang='grc' dir='ltr'><em>λέγῃ,</em></span> <span class='ocrx_word' id='word_1_205' title='bbox 565 1803 611 1808; x_wconf 91' lang='grc'><strong>-</strong></span> <span class='ocrx_word' id='word_1_206' title='bbox 648 1781 737 1827; x_wconf 83' lang='grc' dir='ltr'><em>εὑρη</em></span> <span class='ocrx_word' id='word_1_207' title='bbox 730 1784 793 1816; x_wconf 86' lang='grc' dir='ltr'><em>’σει</em></span> 
     </span>
     <span class='ocr_line' id='line_1_27' title="bbox 147 1827 792 1872; baseline -0.002 -10"><span class='ocrx_word' id='word_1_208' title='bbox 147 1842 178 1862; x_wconf 82' lang='grc' dir='ltr'><em>κ.</em></span> <span class='ocrx_word' id='word_1_209' title='bbox 195 1842 220 1862; x_wconf 89' lang='grc' dir='ltr'><em>τ.</em></span> <span class='ocrx_word' id='word_1_210' title='bbox 235 1831 263 1862; x_wconf 78' lang='grc' dir='ltr'><em>λ.</em></span> <span class='ocrx_word' id='word_1_211' title='bbox 286 1841 319 1862; x_wconf 83' lang='lat' dir='ltr'><em>v.</em></span> <span class='ocrx_word' id='word_1_212' title='bbox 337 1829 380 1862; x_wconf 80' lang='lat' dir='ltr'><strong>ad</strong></span> <span class='ocrx_word' id='word_1_213' title='bbox 395 1840 428 1872; x_wconf 92' lang='lat' dir='ltr'><em>p.</em></span> <span class='ocrx_word' id='word_1_214' title='bbox 445 1829 523 1863; x_wconf 86' lang='lat'>479.</span> <span class='ocrx_word' id='word_1_215' title='bbox 537 1831 577 1862; x_wconf 89' lang='grc' dir='ltr'><em>Ε.</em></span> <span class='ocrx_word' id='word_1_216' title='bbox 613 1829 703 1861; x_wconf 91' lang='lat' dir='ltr'><strong>Ante</strong></span> <span class='ocrx_word' id='word_1_217' title='bbox 728 1827 792 1861; x_wconf 82' lang='grc' dir='ltr'><em>οὐκ</em></span> 
     </span>
     <span class='ocr_line' id='line_1_28' title="bbox 147 1873 793 1918; baseline -0.002 -11"><span class='ocrx_word' id='word_1_218' title='bbox 147 1873 272 1916; x_wconf 78' lang='grc' dir='ltr'><em>ὀρθῶς</em></span> <span class='ocrx_word' id='word_1_219' title='bbox 310 1879 477 1908; x_wconf 83' lang='lat' dir='ltr'><strong>commate</strong></span> <span class='ocrx_word' id='word_1_220' title='bbox 511 1874 793 1918; x_wconf 85' lang='lat' dir='ltr'><strong>distinguendum</strong></span> 
     </span>
     <span class='ocr_line' id='line_1_29' title="bbox 146 1922 354 1964; baseline 0 -11"><span class='ocrx_word' id='word_1_221' title='bbox 146 1922 354 1964; x_wconf 78' lang='lat' dir='ltr'><strong>putavimus.</strong></span> 
     </span>
    </p>
   </div>
   <div class='ocr_carea' id='block_1_6' title="bbox 147 2006 796 2585">
    <p class='ocr_par' dir='ltr' id='par_1_7' title="bbox 147 2006 796 2585">
     <span class='ocr_line' id='line_1_30' title="bbox 192 2006 791 2051; baseline -0.005 -8"><span class='ocrx_word' id='word_1_222' title='bbox 192 2011 232 2043; x_wconf 91' lang='lat' dir='ltr'>P.</span> <span class='ocrx_word' id='word_1_223' title='bbox 254 2008 332 2044; x_wconf 84' lang='lat'>457.</span> <span class='ocrx_word' id='word_1_224' title='bbox 379 2010 421 2042; x_wconf 81' lang='lat' dir='ltr'><em>A.</em></span> <span class='ocrx_word' id='word_1_225' title='bbox 468 2006 664 2051; x_wconf 80' lang='grc' dir='ltr'><em>ἐμβραχὺ</em></span> <span class='ocrx_word' id='word_1_226' title='bbox 689 2009 791 2051; x_wconf 83' lang='grc' dir='ltr'><em>περὶ</em></span> 
     </span>
     <span class='ocr_line' id='line_1_31' title="bbox 149 2053 791 2097; baseline -0.003 -9"><span class='ocrx_word' id='word_1_227' title='bbox 149 2054 250 2088; x_wconf 84' lang='grc' dir='ltr'><em>ὅτου</em></span> <span class='ocrx_word' id='word_1_228' title='bbox 301 2053 354 2087; x_wconf 76' lang='grc' dir='ltr'><em>ἄν</em></span> <span class='ocrx_word' id='word_1_229' title='bbox 401 2053 631 2097; x_wconf 79' lang='grc' dir='ltr'><em>βούληται]</em></span> <span class='ocrx_word' id='word_1_230' title='bbox 687 2055 791 2087; x_wconf 86' lang='lat' dir='ltr'>Tim.</span> 
     </span>
     <span class='ocr_line' id='line_1_32' title="bbox 149 2098 790 2143; baseline -0.003 -10"><span class='ocrx_word' id='word_1_231' title='bbox 149 2101 264 2134; x_wconf 83' lang='lat' dir='ltr'><strong>Gloss.</strong></span> <span class='ocrx_word' id='word_1_232' title='bbox 287 2111 320 2143; x_wconf 89' lang='lat' dir='ltr'>p.</span> <span class='ocrx_word' id='word_1_233' title='bbox 335 2098 398 2133; x_wconf 83' lang='lat'><em>99:</em></span> <span class='ocrx_word' id='word_1_234' title='bbox 423 2098 640 2142; x_wconf 79' lang='grc' dir='ltr'><em>ἐμβραχύ</em></span> <span class='ocrx_word' id='word_1_235' title='bbox 667 2098 790 2132; x_wconf 80' lang='grc' dir='ltr'><em>συντό-</em></span> 
     </span>
     <span class='ocr_line' id='line_1_33' title="bbox 148 2142 792 2188; baseline -0.002 -10"><span class='ocrx_word' id='word_1_236' title='bbox 148 2157 221 2186; x_wconf 77' lang='grc' dir='ltr'><em>μως</em></span> <span class='ocrx_word' id='word_1_237' title='bbox 250 2146 306 2178; x_wconf 73' lang='grc' dir='ltr'><em>καὶ</em></span> <span class='ocrx_word' id='word_1_238' title='bbox 331 2142 412 2178; x_wconf 81' lang='grc' dir='ltr'><em>οἷον</em></span> <span class='ocrx_word' id='word_1_239' title='bbox 436 2144 477 2177; x_wconf 80' lang='grc' dir='ltr'><em>ἐν</em></span> <span class='ocrx_word' id='word_1_240' title='bbox 500 2146 638 2188; x_wconf 79' lang='grc' dir='ltr'><em>βραχεῖ,</em></span> <span class='ocrx_word' id='word_1_241' title='bbox 675 2144 738 2177; x_wconf 87' lang='lat' dir='ltr'><em>ubi</em></span> <span class='ocrx_word' id='word_1_242' title='bbox 760 2155 792 2177; x_wconf 88' lang='lat' dir='ltr'><em>v.</em></span> 
     </span>
     <span class='ocr_line' id='line_1_34' title="bbox 147 2191 794 2224; baseline -0.002 0"><span class='ocrx_word' id='word_1_243' title='bbox 147 2191 376 2224; x_wconf 81' lang='lat' dir='ltr'>Ruhnken.</span> <span class='ocrx_word' id='word_1_244' title='bbox 407 2191 510 2223; x_wconf 86' lang='lat' dir='ltr'><strong>Arcte</strong></span> <span class='ocrx_word' id='word_1_245' title='bbox 526 2201 607 2223; x_wconf 80' lang='lat' dir='ltr'><strong>vero</strong></span> <span class='ocrx_word' id='word_1_246' title='bbox 622 2201 693 2223; x_wconf 84' lang='lat' dir='ltr'><em>vox</em></span> <span class='ocrx_word' id='word_1_247' title='bbox 713 2201 794 2223; x_wconf 87' lang='lat' dir='ltr'><strong>con-</strong></span> 
     </span>
     <span class='ocr_line' id='line_1_35' title="bbox 148 2235 794 2278; baseline 0 -10"><span class='ocrx_word' id='word_1_248' title='bbox 148 2236 593 2278; x_wconf 74' lang='lat' dir='ltr'><strong>nectendacumproximis:</strong></span> <span class='ocrx_word' id='word_1_249' title='bbox 610 2240 657 2268; x_wconf 89' lang='lat' dir='ltr'><em>ut</em></span> <span class='ocrx_word' id='word_1_250' title='bbox 670 2235 794 2268; x_wconf 70' lang='lat' dir='ltr'><strong>bren</strong></span> 
     </span>
     <span class='ocr_line' id='line_1_36' title="bbox 151 2280 791 2322; baseline -0.002 -8"><span class='ocrx_word' id='word_1_251' title='bbox 151 2281 295 2314; x_wconf 84' lang='lat' dir='ltr'><strong>dicam</strong></span> <span class='ocrx_word' id='word_1_252' title='bbox 319 2280 368 2313; x_wconf 91' lang='lat' dir='ltr'><em>de</em></span> <span class='ocrx_word' id='word_1_253' title='bbox 392 2281 628 2322; x_wconf 84' lang='lat' dir='ltr'><strong>quibusvis</strong></span> <span class='ocrx_word' id='word_1_254' title='bbox 651 2282 791 2313; x_wconf 85' lang='lat' dir='ltr'><strong>rebus.</strong></span> 
     </span>
     <span class='ocr_line' id='line_1_37' title="bbox 151 2323 795 2369; baseline -0.002 -10"><span class='ocrx_word' id='word_1_255' title='bbox 151 2345 194 2351; x_wconf 91' lang='lat'>—</span> <span class='ocrx_word' id='word_1_256' title='bbox 219 2330 343 2359; x_wconf 85' lang='grc' dir='ltr'><em>τοῦτο</em></span> <span class='ocrx_word' id='word_1_257' title='bbox 369 2329 565 2369; x_wconf 83' lang='grc' dir='ltr'><em>ποιῆσαι,</em></span> <span class='ocrx_word' id='word_1_258' title='bbox 596 2326 707 2358; x_wconf 86' lang='lat' dir='ltr'><strong>intell.</strong></span> <span class='ocrx_word' id='word_1_259' title='bbox 733 2323 795 2369; x_wconf 82' lang='grc' dir='ltr'><em>τὴν</em></span> 
     </span>
     <span class='ocr_line' id='line_1_38' title="bbox 151 2368 793 2414; baseline -0.003 -10"><span class='ocrx_word' id='word_1_260' title='bbox 151 2370 261 2414; x_wconf 80' lang='grc' dir='ltr'><em>δόξαν</em></span> <span class='ocrx_word' id='word_1_261' title='bbox 283 2368 527 2412; x_wconf 79' lang='grc' dir='ltr'><em>ἀφαιρεῖσθαι.</em></span> <span class='ocrx_word' id='word_1_262' title='bbox 571 2371 626 2404; x_wconf 90' lang='lat' dir='ltr'><strong>Ad</strong></span> <span class='ocrx_word' id='word_1_263' title='bbox 651 2370 793 2403; x_wconf 82' lang='grc' dir='ltr'><em>δύναιτο</em></span> 
     </span>
     <span class='ocr_line' id='line_1_39' title="bbox 150 2413 795 2459; baseline -0.002 -10"><span class='ocrx_word' id='word_1_264' title='bbox 150 2417 261 2450; x_wconf 84' lang='lat' dir='ltr'><strong>intell.</strong></span> <span class='ocrx_word' id='word_1_265' title='bbox 288 2414 307 2449; x_wconf 85' lang='grc' dir='ltr'>ὁ</span> <span class='ocrx_word' id='word_1_266' title='bbox 334 2413 459 2459; x_wconf 82' lang='grc' dir='ltr'><em>ῥήτωρ.</em></span> <span class='ocrx_word' id='word_1_267' title='bbox 507 2416 684 2449; x_wconf 73' lang='lat' dir='ltr'><strong>Sententia</strong></span> <span class='ocrx_word' id='word_1_268' title='bbox 706 2416 795 2448; x_wconf 86' lang='lat' dir='ltr'><strong>haec</strong></span> 
     </span>
     <span class='ocr_line' id='line_1_40' title="bbox 151 2461 795 2503; baseline -0.003 -8"><span class='ocrx_word' id='word_1_269' title='bbox 151 2466 220 2495; x_wconf 87' lang='lat' dir='ltr'><strong>est.</strong></span> <span class='ocrx_word' id='word_1_270' title='bbox 237 2462 310 2494; x_wconf 86' lang='lat' dir='ltr'><em>sed</em></span> <span class='ocrx_word' id='word_1_271' title='bbox 328 2461 632 2503; x_wconf 78' lang='lat' dir='ltr'><strong>idclrco,qu1a</strong></span> <span class='ocrx_word' id='word_1_272' title='bbox 648 2461 795 2494; x_wconf 89' lang='lat' dir='ltr'><strong>rhetor</strong></span> 
     </span>
     <span class='ocr_line' id='line_1_41' title="bbox 151 2507 795 2549; baseline 0 -10"><span class='ocrx_word' id='word_1_273' title='bbox 151 2507 195 2540; x_wconf 88' lang='lat' dir='ltr'><strong>id</strong></span> <span class='ocrx_word' id='word_1_274' title='bbox 218 2508 366 2540; x_wconf 76' lang='lat' dir='ltr'><strong>facere</strong></span> <span class='ocrx_word' id='word_1_275' title='bbox 389 2510 559 2549; x_wconf 81' lang='lat' dir='ltr'><strong>potest,</strong></span> <span class='ocrx_word' id='word_1_276' title='bbox 593 2517 675 2539; x_wconf 88' lang='lat' dir='ltr'><em>non</em></span> <span class='ocrx_word' id='word_1_277' title='bbox 699 2516 795 2539; x_wconf 89' lang='lat' dir='ltr'><strong>con-</strong></span> 
     </span>
     <span class='ocr_line' id='line_1_42' title="bbox 150 2551 796 2585; baseline 0 -1"><span class='ocrx_word' id='word_1_278' title='bbox 150 2553 276 2585; x_wconf 91' lang='lat' dir='ltr'><strong>tinuo</strong></span> <span class='ocrx_word' id='word_1_279' title='bbox 315 2562 407 2584; x_wconf 90' lang='lat' dir='ltr'><em>eum</em></span> <span class='ocrx_word' id='word_1_280' title='bbox 446 2551 574 2583; x_wconf 87' lang='lat' dir='ltr'><strong>decet</strong></span> <span class='ocrx_word' id='word_1_281' title='bbox 611 2551 796 2584; x_wconf 87' lang='lat' dir='ltr'><strong>medico-</strong></span> 
     </span>
    </p>
   </div>
   <div class='ocr_carea' id='block_1_7' title="bbox 152 2596 798 2630">
    <p class='ocr_par' dir='ltr' id='par_1_8' title="bbox 152 2596 798 2630">
     <span class='ocr_line' id='line_1_43' title="bbox 152 2596 798 2630; baseline -0.003 0"><span class='ocrx_word' id='word_1_282' title='bbox 152 2608 244 2630; x_wconf 85' lang='lat' dir='ltr'><em>rum</em></span> <span class='ocrx_word' id='word_1_283' title='bbox 289 2596 511 2630; x_wconf 78' lang='lat' dir='ltr'><strong>laudibus</strong></span> <span class='ocrx_word' id='word_1_284' title='bbox 557 2600 599 2628; x_wconf 86' lang='lat' dir='ltr'><em>et</em></span> <span class='ocrx_word' id='word_1_285' title='bbox 643 2597 798 2630; x_wconf 84' lang='lat' dir='ltr'><strong>existi-</strong></span> 
     </span>
    </p>
   </div>
   <div class='ocr_carea' id='block_1_8' title="bbox 151 2641 796 2730">
    <p class='ocr_par' dir='ltr' id='par_1_9' title="bbox 151 2641 796 2730">
     <span class='ocr_line' id='line_1_44' title="bbox 151 2641 796 2683; baseline -0.002 -8"><span class='ocrx_word' id='word_1_286' title='bbox 151 2642 341 2675; x_wconf 73' lang='lat' dir='ltr'><strong>mationi</strong></span> <span class='ocrx_word' id='word_1_287' title='bbox 386 2643 662 2683; x_wconf 81' lang='lat' dir='ltr'><strong>obtrectare,</strong></span> <span class='ocrx_word' id='word_1_288' title='bbox 717 2641 796 2675; x_wconf 82' lang='lat' dir='ltr'><em>sed</em></span> 
     </span>
     <span class='ocr_line' id='line_1_45' title="bbox 152 2687 796 2730; baseline -0.002 -10"><span class='ocrx_word' id='word_1_289' title='bbox 152 2691 327 2730; x_wconf 85' lang='lat' dir='ltr'><strong>oportet</strong></span> <span class='ocrx_word' id='word_1_290' title='bbox 347 2692 441 2720; x_wconf 78' lang='lat' dir='ltr'><strong>arte</strong></span> <span class='ocrx_word' id='word_1_291' title='bbox 460 2687 662 2720; x_wconf 80' lang='lat' dir='ltr'><strong>oratoria</strong></span> <span class='ocrx_word' id='word_1_292' title='bbox 680 2687 796 2720; x_wconf 85' lang='lat' dir='ltr'><strong>iuste</strong></span> 
     </span>
    </p>
   </div>
   <div class='ocr_carea' id='block_1_9' title="bbox 860 1601 1510 1735">
    <p class='ocr_par' dir='ltr' id='par_1_10' title="bbox 860 1601 1510 1735">
     <span class='ocr_line' id='line_1_46' title="bbox 861 1601 1508 1634; baseline -0.002 0"><span class='ocrx_word' id='word_1_293' title='bbox 861 1612 885 1634; x_wconf 90' lang='lat' dir='ltr'><strong>u</strong></span> <span class='ocrx_word' id='word_1_294' title='bbox 895 1602 937 1634; x_wconf 87' lang='lat' dir='ltr'><em>ti.</em></span> <span class='ocrx_word' id='word_1_295' title='bbox 984 1603 1098 1634; x_wconf 89' lang='lat' dir='ltr'><strong>Locus</strong></span> <span class='ocrx_word' id='word_1_296' title='bbox 1122 1602 1211 1634; x_wconf 88' lang='lat' dir='ltr'><strong>nihil</strong></span> <span class='ocrx_word' id='word_1_297' title='bbox 1235 1602 1341 1634; x_wconf 89' lang='lat' dir='ltr'><strong>habet</strong></span> <span class='ocrx_word' id='word_1_298' title='bbox 1363 1601 1508 1634; x_wconf 84' lang='lat' dir='ltr'><strong>difficul-</strong></span> 
     </span>
     <span class='ocr_line' id='line_1_47' title="bbox 860 1646 1510 1690; baseline 0 -11"><span class='ocrx_word' id='word_1_299' title='bbox 860 1648 953 1687; x_wconf 85' lang='lat' dir='ltr'><strong>tatis,</strong></span> <span class='ocrx_word' id='word_1_300' title='bbox 978 1658 1186 1690; x_wconf 85' lang='lat' dir='ltr'><strong>quamquam</strong></span> <span class='ocrx_word' id='word_1_301' title='bbox 1202 1648 1240 1679; x_wconf 88' lang='lat' dir='ltr'><em>in</em></span> <span class='ocrx_word' id='word_1_302' title='bbox 1260 1658 1300 1679; x_wconf 93' lang='lat' dir='ltr'><em>eo</em></span> <span class='ocrx_word' id='word_1_303' title='bbox 1325 1646 1510 1679; x_wconf 78' lang='lat' dir='ltr'><strong>haeserunt</strong></span> 
     </span>
     <span class='ocr_line' id='line_1_48' title="bbox 860 1692 1508 1735; baseline 0 -10"><span class='ocrx_word' id='word_1_304' title='bbox 860 1693 927 1725; x_wconf 84' lang='lat' dir='ltr'><strong>viri</strong></span> <span class='ocrx_word' id='word_1_305' title='bbox 947 1692 1039 1725; x_wconf 87' lang='lat' dir='ltr'><strong>docti</strong></span> <span class='ocrx_word' id='word_1_306' title='bbox 1051 1693 1087 1725; x_wconf 88' lang='lat' dir='ltr'><em>in</em></span> <span class='ocrx_word' id='word_1_307' title='bbox 1099 1693 1211 1735; x_wconf 88' lang='lat' dir='ltr'><strong>iisque</strong></span> <span class='ocrx_word' id='word_1_308' title='bbox 1221 1703 1332 1735; x_wconf 86' lang='lat' dir='ltr'><strong>nuper</strong></span> <span class='ocrx_word' id='word_1_309' title='bbox 1344 1693 1376 1724; x_wconf 93' lang='lat' dir='ltr'>A</span> <span class='ocrx_word' id='word_1_310' title='bbox 1385 1703 1402 1724; x_wconf 84' lang='lat' dir='ltr'>s</span> <span class='ocrx_word' id='word_1_311' title='bbox 1410 1693 1508 1725; x_wconf 81' lang='lat' dir='ltr'><strong>tius.</strong></span> 
     </span>
    </p>
   </div>
   <div class='ocr_carea' id='block_1_10' title="bbox 859 1776 1509 2188">
    <p class='ocr_par' dir='ltr' id='par_1_11' title="bbox 859 1776 1509 2188">
     <span class='ocr_line' id='line_1_49' title="bbox 905 1776 1508 1826; baseline -0.003 -11"><span class='ocrx_word' id='word_1_312' title='bbox 905 1783 944 1815; x_wconf 90' lang='grc' dir='ltr'><em>Β.</em></span> <span class='ocrx_word' id='word_1_313' title='bbox 991 1781 1241 1826; x_wconf 78' lang='grc' dir='ltr'><em>γενόμενός</em></span> <span class='ocrx_word' id='word_1_314' title='bbox 1295 1794 1358 1816; x_wconf 74' lang='grc' dir='ltr'><em>τις</em></span> <span class='ocrx_word' id='word_1_315' title='bbox 1405 1776 1508 1825; x_wconf 80' lang='grc' dir='ltr'><em>κᾷτα</em></span> 
     </span>
     <span class='ocr_line' id='line_1_50' title="bbox 863 1826 1507 1883; baseline -0.002 -23"><span class='ocrx_word' id='word_1_316' title='bbox 863 1826 992 1883; x_wconf 81' lang='grc' dir='ltr'><em>ταύτῃ</em></span> <span class='ocrx_word' id='word_1_317' title='bbox 1026 1832 1080 1882; x_wconf 42' lang='grc' dir='ltr'><em>τῇ,</em></span> <span class='ocrx_word' id='word_1_318' title='bbox 1105 1827 1134 1860; x_wconf 90' lang='grc' dir='ltr'><em>δ.</em></span> <span class='ocrx_word' id='word_1_319' title='bbox 1144 1827 1155 1871; x_wconf 90' lang='grc'><strong>]</strong></span> <span class='ocrx_word' id='word_1_320' title='bbox 1204 1829 1290 1860; x_wconf 86' lang='lat' dir='ltr'><strong>Post</strong></span> <span class='ocrx_word' id='word_1_321' title='bbox 1325 1828 1507 1870; x_wconf 79' lang='lat' dir='ltr'><strong>participia</strong></span> 
     </span>
     <span class='ocr_line' id='line_1_51' title="bbox 861 1868 1509 1913; baseline -0.002 -8"><span class='ocrx_word' id='word_1_322' title='bbox 861 1868 944 1905; x_wconf 83' lang='grc' dir='ltr'><em>κᾶτα</em></span> <span class='ocrx_word' id='word_1_323' title='bbox 974 1877 1008 1905; x_wconf 85' lang='lat' dir='ltr'><em>et</em></span> <span class='ocrx_word' id='word_1_324' title='bbox 1039 1871 1178 1905; x_wconf 76' lang='grc' dir='ltr'><em>κᾶπειτα</em></span> <span class='ocrx_word' id='word_1_325' title='bbox 1200 1874 1411 1913; x_wconf 83' lang='lat' dir='ltr'><strong>inferuntur,</strong></span> <span class='ocrx_word' id='word_1_326' title='bbox 1446 1872 1509 1905; x_wconf 90' lang='lat' dir='ltr'><em>ubi</em></span> 
     </span>
     <span class='ocr_line' id='line_1_52' title="bbox 861 1914 1509 1961; baseline -0.002 -10"><span class='ocrx_word' id='word_1_327' title='bbox 861 1914 936 1951; x_wconf 87' lang='grc' dir='ltr'><em>εἶτα</em></span> <span class='ocrx_word' id='word_1_328' title='bbox 970 1923 1004 1951; x_wconf 84' lang='lat' dir='ltr'><em>et</em></span> <span class='ocrx_word' id='word_1_329' title='bbox 1035 1919 1152 1951; x_wconf 77' lang='grc' dir='ltr'><em>ἔπειτα</em></span> <span class='ocrx_word' id='word_1_330' title='bbox 1179 1923 1370 1961; x_wconf 82' lang='lat' dir='ltr'><em>exspectes.</em></span> <span class='ocrx_word' id='word_1_331' title='bbox 1401 1929 1434 1949; x_wconf 88' lang='lat' dir='ltr'><em>v.</em></span> <span class='ocrx_word' id='word_1_332' title='bbox 1465 1918 1509 1950; x_wconf 80' lang='lat' dir='ltr'><strong>ad</strong></span> 
     </span>
     <span class='ocr_line' id='line_1_53' title="bbox 859 1962 1508 2006; baseline -0.002 -10"><span class='ocrx_word' id='word_1_333' title='bbox 859 1963 1038 1997; x_wconf 85' lang='lat' dir='ltr'><strong>Phaedon.</strong></span> <span class='ocrx_word' id='word_1_334' title='bbox 1077 1975 1110 2006; x_wconf 92' lang='lat' dir='ltr'>p.</span> <span class='ocrx_word' id='word_1_335' title='bbox 1141 1962 1196 1997; x_wconf 89' lang='grc'><em>90.</em></span> <span class='ocrx_word' id='word_1_336' title='bbox 1230 1965 1270 1996; x_wconf 93' lang='lat' dir='ltr'><em>B.</em></span> <span class='ocrx_word' id='word_1_337' title='bbox 1308 1968 1342 1996; x_wconf 89' lang='lat' dir='ltr'><em>et</em></span> <span class='ocrx_word' id='word_1_338' title='bbox 1379 1962 1433 1996; x_wconf 88' lang='grc'><em>98.</em></span> <span class='ocrx_word' id='word_1_339' title='bbox 1469 1963 1508 1995; x_wconf 81' lang='lat' dir='ltr'><em>C.</em></span> 
     </span>
     <span class='ocr_line' id='line_1_54' title="bbox 861 2008 1506 2042; baseline -0.002 -1"><span class='ocrx_word' id='word_1_340' title='bbox 861 2009 1087 2042; x_wconf 88' lang='lat' dir='ltr'><strong>Heindorf.</strong></span> <span class='ocrx_word' id='word_1_341' title='bbox 1111 2009 1157 2041; x_wconf 81' lang='lat' dir='ltr'><strong>ad</strong></span> <span class='ocrx_word' id='word_1_342' title='bbox 1178 2009 1213 2041; x_wconf 90' lang='lat' dir='ltr'>h.</span> <span class='ocrx_word' id='word_1_343' title='bbox 1237 2009 1260 2041; x_wconf 94' lang='lat' dir='ltr'>l.</span> <span class='ocrx_word' id='word_1_344' title='bbox 1285 2008 1506 2041; x_wconf 84' lang='lat' dir='ltr'><strong>Schaefer.</strong></span> 
     </span>
     <span class='ocr_line' id='line_1_55' title="bbox 860 2054 1507 2096; baseline 0.002 -10"><span class='ocrx_word' id='word_1_345' title='bbox 860 2054 991 2087; x_wconf 87' lang='lat' dir='ltr'><strong>Melett.</strong></span> <span class='ocrx_word' id='word_1_346' title='bbox 1017 2056 1103 2086; x_wconf 85' lang='lat' dir='ltr'><strong>critt.</strong></span> <span class='ocrx_word' id='word_1_347' title='bbox 1122 2065 1155 2096; x_wconf 92' lang='lat' dir='ltr'>p.</span> <span class='ocrx_word' id='word_1_348' title='bbox 1174 2054 1227 2087; x_wconf 88' lang='grc'><em>86.</em></span> <span class='ocrx_word' id='word_1_349' title='bbox 1253 2054 1507 2088; x_wconf 86' lang='lat' dir='ltr'><strong>Schneider.</strong></span> 
     </span>
     <span class='ocr_line' id='line_1_56' title="bbox 860 2099 1507 2142; baseline -0.002 -10"><span class='ocrx_word' id='word_1_350' title='bbox 860 2100 904 2133; x_wconf 84' lang='lat' dir='ltr'><strong>ad</strong></span> <span class='ocrx_word' id='word_1_351' title='bbox 935 2100 1093 2142; x_wconf 90' lang='lat' dir='ltr'><strong>Xenoph.</strong></span> <span class='ocrx_word' id='word_1_352' title='bbox 1124 2101 1227 2132; x_wconf 90' lang='lat' dir='ltr'><strong>Mem.</strong></span> <span class='ocrx_word' id='word_1_353' title='bbox 1252 2100 1279 2139; x_wconf 95' lang='lat' dir='ltr'><em>I,</em></span> <span class='ocrx_word' id='word_1_354' title='bbox 1311 2099 1342 2139; x_wconf 93' lang='lat'><em>1,</em></span> <span class='ocrx_word' id='word_1_355' title='bbox 1366 2099 1398 2132; x_wconf 89' lang='lat'><em>5.</em></span> <span class='ocrx_word' id='word_1_356' title='bbox 1429 2099 1507 2132; x_wconf 86' lang='lat' dir='ltr'><strong>coll.</strong></span> 
     </span>
     <span class='ocr_line' id='line_1_57' title="bbox 862 2143 1508 2188; baseline 0 -11"><span class='ocrx_word' id='word_1_357' title='bbox 862 2146 966 2178; x_wconf 89' lang='lat' dir='ltr'><strong>Aris</strong></span> <span class='ocrx_word' id='word_1_358' title='bbox 978 2145 1094 2188; x_wconf 86' lang='lat' dir='ltr'><strong>toph.</strong></span> <span class='ocrx_word' id='word_1_359' title='bbox 1109 2146 1199 2177; x_wconf 86' lang='lat' dir='ltr'>Avv.</span> <span class='ocrx_word' id='word_1_360' title='bbox 1211 2156 1243 2177; x_wconf 88' lang='lat' dir='ltr'><em>v.</em></span> <span class='ocrx_word' id='word_1_361' title='bbox 1258 2143 1356 2178; x_wconf 87' lang='lat'><strong>1443.</strong></span> <span class='ocrx_word' id='word_1_362' title='bbox 1376 2146 1508 2186; x_wconf 83' lang='lat' dir='ltr'><strong>Equitt.</strong></span> 
     </span>
    </p>
   </div>
   <div class='ocr_carea' id='block_1_11' title="bbox 861 2189 1508 2269">
    <p class='ocr_par' dir='ltr' id='par_1_12' title="bbox 861 2189 1508 2269">
     <span class='ocr_line' id='line_1_58' title="bbox 861 2189 1508 2269; baseline 0 -47"><span class='ocrx_word' id='word_1_363' title='bbox 861 2189 938 2269; x_wconf 54' lang='grc' dir='ltr'><em>ῗῖθλ</em></span> <span class='ocrx_word' id='word_1_364' title='bbox 962 2190 1107 2233; x_wconf 84' lang='lat' dir='ltr'><strong>Lysistr.</strong></span> <span class='ocrx_word' id='word_1_365' title='bbox 1121 2189 1200 2224; x_wconf 80' lang='lat'>560.</span> <span class='ocrx_word' id='word_1_366' title='bbox 1225 2190 1340 2225; x_wconf 89' lang='lat' dir='ltr'><strong>Nubb.</strong></span> <span class='ocrx_word' id='word_1_367' title='bbox 1356 2189 1434 2223; x_wconf 81' lang='lat'>623.</span> <span class='ocrx_word' id='word_1_368' title='bbox 1456 2190 1508 2223; x_wconf 89' lang='lat' dir='ltr'><em>ed.</em></span> 
     </span>
     <span class='ocr_line' id='line_1_59' title="bbox 897 2247 978 2268; baseline -0.012 0"><span class='ocrx_word' id='word_1_369' title='bbox 897 2247 978 2268; x_wconf 87' lang='lat' dir='ltr'><strong>erm.</strong></span> 
     </span>
    </p>
   </div>
   <div class='ocr_carea' id='block_1_12' title="bbox 862 2323 1511 2719">
    <p class='ocr_par' dir='ltr' id='par_1_13' title="bbox 862 2323 1511 2719">
     <span class='ocr_line' id='line_1_60' title="bbox 908 2323 1507 2367; baseline 0.002 -9"><span class='ocrx_word' id='word_1_370' title='bbox 908 2325 992 2367; x_wconf 87' lang='lat' dir='ltr'>Cap.</span> <span class='ocrx_word' id='word_1_371' title='bbox 1005 2325 1083 2357; x_wconf 89' lang='lat' dir='ltr'>XII.</span> <span class='ocrx_word' id='word_1_372' title='bbox 1100 2325 1137 2357; x_wconf 89' lang='lat' dir='ltr'><em>C.</em></span> <span class='ocrx_word' id='word_1_373' title='bbox 1159 2326 1226 2357; x_wconf 88' lang='grc' dir='ltr'><em>καὶ</em></span> <span class='ocrx_word' id='word_1_374' title='bbox 1246 2323 1507 2366; x_wconf 77' lang='grc' dir='ltr'><em>διδάξαντες</em></span> 
     </span>
     <span class='ocr_line' id='line_1_61' title="bbox 863 2367 1507 2404; baseline -0.002 -1"><span class='ocrx_word' id='word_1_375' title='bbox 863 2367 1050 2404; x_wconf 78' lang='grc' dir='ltr'><em>ἑαυτοὺς</em></span> <span class='ocrx_word' id='word_1_376' title='bbox 1090 2368 1203 2402; x_wconf 83' lang='grc' dir='ltr'><em>οὕτω</em></span> <span class='ocrx_word' id='word_1_377' title='bbox 1243 2368 1507 2403; x_wconf 78' lang='grc' dir='ltr'><em>διαλύεσθαι</em></span> 
     </span>
     <span class='ocr_line' id='line_1_62' title="bbox 864 2414 1509 2458; baseline 0 -11"><span class='ocrx_word' id='word_1_378' title='bbox 864 2428 889 2447; x_wconf 94' lang='grc' dir='ltr'><em>τ.</em></span> <span class='ocrx_word' id='word_1_379' title='bbox 924 2414 972 2458; x_wconf 88' lang='grc' dir='ltr'><em>σ.]</em></span> <span class='ocrx_word' id='word_1_380' title='bbox 1020 2416 1073 2448; x_wconf 90' lang='lat' dir='ltr'><em>De</em></span> <span class='ocrx_word' id='word_1_381' title='bbox 1104 2415 1250 2458; x_wconf 90' lang='lat' dir='ltr'><strong>Republ.</strong></span> <span class='ocrx_word' id='word_1_382' title='bbox 1282 2416 1343 2447; x_wconf 91' lang='lat' dir='ltr'><em>IX.</em></span> <span class='ocrx_word' id='word_1_383' title='bbox 1373 2426 1406 2458; x_wconf 91' lang='lat' dir='ltr'>p.</span> <span class='ocrx_word' id='word_1_384' title='bbox 1430 2414 1509 2448; x_wconf 85' lang='lat'>576.</span> 
     </span>
     <span class='ocr_line' id='line_1_63' title="bbox 862 2458 1509 2503; baseline -0.003 -10"><span class='ocrx_word' id='word_1_385' title='bbox 862 2461 911 2493; x_wconf 85' lang='lat' dir='ltr'><em>E:</em></span> <span class='ocrx_word' id='word_1_386' title='bbox 946 2459 1155 2495; x_wconf 76' lang='grc' dir='ltr'><em>καταδύντες</em></span> <span class='ocrx_word' id='word_1_387' title='bbox 1187 2461 1239 2495; x_wconf 74' lang='grc' dir='ltr'><em>εἰς</em></span> <span class='ocrx_word' id='word_1_388' title='bbox 1270 2459 1409 2493; x_wconf 81' lang='grc' dir='ltr'><em>ἅπασαν</em></span> <span class='ocrx_word' id='word_1_389' title='bbox 1433 2458 1509 2503; x_wconf 80' lang='grc' dir='ltr'><em>(τὴν</em></span> 
     </span>
     <span class='ocr_line' id='line_1_64' title="bbox 864 2503 1509 2546; baseline -0.005 -8"><span class='ocrx_word' id='word_1_390' title='bbox 864 2503 977 2546; x_wconf 76' lang='grc' dir='ltr'><em>πόλιν)</em></span> <span class='ocrx_word' id='word_1_391' title='bbox 1010 2506 1066 2537; x_wconf 80' lang='grc' dir='ltr'><em>καὶ</em></span> <span class='ocrx_word' id='word_1_392' title='bbox 1102 2504 1239 2540; x_wconf 78' lang='grc' dir='ltr'><em>ἰδόντες</em></span> <span class='ocrx_word' id='word_1_393' title='bbox 1264 2504 1373 2538; x_wconf 80' lang='grc' dir='ltr'><em>οὕτω</em></span> <span class='ocrx_word' id='word_1_394' title='bbox 1400 2504 1509 2546; x_wconf 77' lang='grc' dir='ltr'><em>δόξαν</em></span> 
     </span>
     <span class='ocr_line' id='line_1_65' title="bbox 863 2548 1509 2592; baseline -0.002 -10"><span class='ocrx_word' id='word_1_395' title='bbox 863 2548 1154 2592; x_wconf 76' lang='grc' dir='ltr'><em>ἀποφαινώμεθα.</em></span> <span class='ocrx_word' id='word_1_396' title='bbox 1199 2551 1267 2584; x_wconf 85' lang='lat' dir='ltr'><em>Sed</em></span> <span class='ocrx_word' id='word_1_397' title='bbox 1297 2562 1330 2583; x_wconf 80' lang='lat' dir='ltr'><em>v.</em></span> <span class='ocrx_word' id='word_1_398' title='bbox 1363 2550 1407 2582; x_wconf 79' lang='lat' dir='ltr'><strong>ad</strong></span> <span class='ocrx_word' id='word_1_399' title='bbox 1430 2551 1509 2582; x_wconf 90' lang='lat' dir='ltr'><strong>Phi-</strong></span> 
     </span>
     <span class='ocr_line' id='line_1_66' title="bbox 863 2595 1510 2640; baseline -0.002 -12"><span class='ocrx_word' id='word_1_400' title='bbox 863 2595 931 2628; x_wconf 86' lang='lat' dir='ltr'><strong>leb.</strong></span> <span class='ocrx_word' id='word_1_401' title='bbox 955 2607 988 2638; x_wconf 90' lang='lat' dir='ltr'><em>p.</em></span> <span class='ocrx_word' id='word_1_402' title='bbox 1013 2595 1107 2637; x_wconf 66' lang='lat'><em>135„</em></span> <span class='ocrx_word' id='word_1_403' title='bbox 1136 2597 1198 2629; x_wconf 93' lang='lat' dir='ltr'><em>ubi</em></span> <span class='ocrx_word' id='word_1_404' title='bbox 1229 2596 1377 2640; x_wconf 81' lang='lat' dir='ltr'><strong>plurima</strong></span> <span class='ocrx_word' id='word_1_405' title='bbox 1409 2595 1510 2628; x_wconf 81' lang='lat' dir='ltr'><strong>attuli</strong></span> 
     </span>
     <span class='ocr_line' id='line_1_67' title="bbox 864 2640 1511 2685; baseline -0.005 -12"><span class='ocrx_word' id='word_1_406' title='bbox 864 2641 1024 2683; x_wconf 82' lang='lat' dir='ltr'><strong>exempla</strong></span> <span class='ocrx_word' id='word_1_407' title='bbox 1038 2642 1134 2675; x_wconf 83' lang='lat' dir='ltr'><strong>vocis</strong></span> <span class='ocrx_word' id='word_1_408' title='bbox 1153 2640 1244 2674; x_wconf 87' lang='grc' dir='ltr'><em>οὕτω</em></span> <span class='ocrx_word' id='word_1_409' title='bbox 1260 2641 1442 2685; x_wconf 79' lang='lat' dir='ltr'><strong>participio</strong></span> <span class='ocrx_word' id='word_1_410' title='bbox 1460 2641 1511 2673; x_wconf 86' lang='lat' dir='ltr'><em>sic</em></span> 
     </span>
     <span class='ocr_line' id='line_1_68' title="bbox 864 2686 1052 2719; baseline -0.005 0"><span class='ocrx_word' id='word_1_411' title='bbox 864 2686 1052 2719; x_wconf 77' lang='lat' dir='ltr'><strong>subiectae.</strong></span> 
     </span>
    </p>
   </div>
   <div class='ocr_carea' id='block_1_13' title="bbox 1183 2753 1234 2786">
    <p class='ocr_par' dir='ltr' id='par_1_14' title="bbox 1183 2753 1234 2786">
     <span class='ocr_line' id='line_1_69' title="bbox 1183 2753 1234 2786; baseline 0 -11"><span class='ocrx_word' id='word_1_412' title='bbox 1183 2753 1234 2786; x_wconf 83' lang='grc'><em>8*</em></span> 
     </span>
    </p>
   </div>
  </div>
 </body>
</html>
