<?xml version="1.0" encoding="UTF-8"?>
<!DOCTYPE html PUBLIC "-//W3C//DTD XHTML 1.0 Transitional//EN"
    "http://www.w3.org/TR/xhtml1/DTD/xhtml1-transitional.dtd">
<html xmlns="http://www.w3.org/1999/xhtml" xml:lang="en" lang="en">
 <head>
  <title>
</title>
<meta http-equiv="Content-Type" content="text/html;charset=utf-8" />
  <meta name='ocr-system' content='tesseract 3.04.00' />
  <meta name='ocr-capabilities' content='ocr_page ocr_carea ocr_par ocr_line ocrx_word'/>
</head>
<body>
  <div class='ocr_page' id='page_1' title='image "./operaomniarecens02platuoft/operaomniarecens02platuoft_0066.png"; bbox 0 0 1682 2944; ppageno 0'>
   <div class='ocr_carea' id='block_1_1' title="bbox 292 233 1144 275">
    <p class='ocr_par' dir='ltr' id='par_1_1' title="bbox 292 233 1144 275">
     <span class='ocr_line' id='line_1_1' title="bbox 292 233 1144 275; baseline 0.002 -4"><span class='ocrx_word' id='word_1_1' title='bbox 292 235 343 272; x_wconf 80' lang='grc'><strong>60</strong></span> <span class='ocrx_word' id='word_1_2' title='bbox 757 233 1144 275; x_wconf 70' lang='lat' dir='ltr'><strong>PROLEGOMENA</strong></span> 
     </span>
    </p>
   </div>
   <div class='ocr_carea' id='block_1_2' title="bbox 288 343 1616 2786">
    <p class='ocr_par' dir='ltr' id='par_1_2' title="bbox 288 343 1616 2786">
     <span class='ocr_line' id='line_1_2' title="bbox 292 343 1612 400; baseline 0.003 -19"><span class='ocrx_word' id='word_1_3' title='bbox 292 359 343 379; x_wconf 67' lang='grc' dir='ltr'>ε</span> <span class='ocrx_word' id='word_1_4' title='bbox 374 348 453 383; x_wconf 85' lang='grc'><strong>420</strong></span> <span class='ocrx_word' id='word_1_5' title='bbox 484 359 516 383; x_wconf 88' lang='lat' dir='ltr'><strong>a.</strong></span> <span class='ocrx_word' id='word_1_6' title='bbox 545 345 632 383; x_wconf 87' lang='lat' dir='ltr'><strong>Chr.</strong></span> <span class='ocrx_word' id='word_1_7' title='bbox 661 358 698 382; x_wconf 91' lang='lat' dir='ltr'><strong>n.</strong></span> <span class='ocrx_word' id='word_1_8' title='bbox 735 349 776 383; x_wconf 87' lang='lat' dir='ltr'><strong>et</strong></span> <span class='ocrx_word' id='word_1_9' title='bbox 802 345 954 396; x_wconf 89' lang='lat' dir='ltr'><strong>quidem</strong></span> <span class='ocrx_word' id='word_1_10' title='bbox 981 343 1109 400; x_wconf 74' lang='grc' dir='ltr'><strong>ἡλικίᾳ</strong></span> <span class='ocrx_word' id='word_1_11' title='bbox 1134 343 1210 396; x_wconf 70' lang='grc' dir='ltr'><strong>μὲν</strong></span> <span class='ocrx_word' id='word_1_12' title='bbox 1237 343 1293 385; x_wconf 63' lang='lat' dir='ltr'><strong>i&#39;u</strong></span> <span class='ocrx_word' id='word_1_13' title='bbox 1319 344 1408 385; x_wconf 67' lang='grc' dir='ltr'><strong>τότε</strong></span> <span class='ocrx_word' id='word_1_14' title='bbox 1436 343 1492 385; x_wconf 80' lang='grc' dir='ltr'><strong>ὢν</strong></span> <span class='ocrx_word' id='word_1_15' title='bbox 1517 344 1612 394; x_wconf 71' lang='grc' dir='ltr'><strong>νέος,</strong></span> 
     </span>
     <span class='ocr_line' id='line_1_3' title="bbox 290 400 1613 452; baseline 0.002 -14"><span class='ocrx_word' id='word_1_16' title='bbox 290 406 335 439; x_wconf 91' lang='lat' dir='ltr'><strong>ut</strong></span> <span class='ocrx_word' id='word_1_17' title='bbox 362 401 417 439; x_wconf 87' lang='lat' dir='ltr'><strong>ait</strong></span> <span class='ocrx_word' id='word_1_18' title='bbox 443 400 764 450; x_wconf 84' lang='lat' dir='ltr'><strong>Thucydides</strong></span> <span class='ocrx_word' id='word_1_19' title='bbox 801 400 847 447; x_wconf 84' lang='lat' dir='ltr'><strong>V,</strong></span> <span class='ocrx_word' id='word_1_20' title='bbox 876 403 961 447; x_wconf 64' lang='lat'><strong>43„</strong></span> <span class='ocrx_word' id='word_1_21' title='bbox 999 414 1075 452; x_wconf 92' lang='lat' dir='ltr'><strong>quo</strong></span> <span class='ocrx_word' id='word_1_22' title='bbox 1103 402 1203 440; x_wconf 75' lang='lat' dir='ltr'><strong>facto</strong></span> <span class='ocrx_word' id='word_1_23' title='bbox 1240 402 1345 440; x_wconf 85' lang='lat' dir='ltr'><strong>brevi</strong></span> <span class='ocrx_word' id='word_1_24' title='bbox 1383 402 1528 447; x_wconf 85' lang='lat' dir='ltr'><strong>effecit,</strong></span> <span class='ocrx_word' id='word_1_25' title='bbox 1568 408 1613 440; x_wconf 90' lang='lat' dir='ltr'><strong>ut</strong></span> 
     </span>
     <span class='ocr_line' id='line_1_4' title="bbox 289 455 1610 507; baseline 0.002 -14"><span class='ocrx_word' id='word_1_26' title='bbox 289 457 439 494; x_wconf 81' lang='lat' dir='ltr'><strong>foedere</strong></span> <span class='ocrx_word' id='word_1_27' title='bbox 478 456 578 494; x_wconf 88' lang='lat' dir='ltr'><strong>inter</strong></span> <span class='ocrx_word' id='word_1_28' title='bbox 615 455 870 494; x_wconf 78' lang='lat' dir='ltr'>Athenienses</span> <span class='ocrx_word' id='word_1_29' title='bbox 916 460 956 494; x_wconf 91' lang='lat' dir='ltr'><strong>et</strong></span> <span class='ocrx_word' id='word_1_30' title='bbox 991 457 1155 504; x_wconf 82' lang='lat' dir='ltr'><strong>Argivos</strong></span> <span class='ocrx_word' id='word_1_31' title='bbox 1192 457 1390 496; x_wconf 85' lang='lat' dir='ltr'><strong>conciliato</strong></span> <span class='ocrx_word' id='word_1_32' title='bbox 1434 469 1610 507; x_wconf 79' lang='lat' dir='ltr'><strong>magnam</strong></span> 
     </span>
     <span class='ocr_line' id='line_1_5' title="bbox 290 511 1613 561; baseline 0.002 -13"><span class='ocrx_word' id='word_1_33' title='bbox 290 512 391 561; x_wconf 82' lang='lat' dir='ltr'><strong>apud</strong></span> <span class='ocrx_word' id='word_1_34' title='bbox 427 512 610 561; x_wconf 89' lang='lat' dir='ltr'><strong>populum</strong></span> <span class='ocrx_word' id='word_1_35' title='bbox 646 511 910 549; x_wconf 81' lang='lat' dir='ltr'><strong>auctoritatem</strong></span> <span class='ocrx_word' id='word_1_36' title='bbox 949 511 1228 561; x_wconf 72' lang='lat' dir='ltr'><strong>adipisceretur.</strong></span> <span class='ocrx_word' id='word_1_37' title='bbox 1295 514 1379 551; x_wconf 88' lang='lat' dir='ltr'><strong>Iam</strong></span> <span class='ocrx_word' id='word_1_38' title='bbox 1413 525 1505 551; x_wconf 77' lang='lat' dir='ltr'><strong>vero</strong></span> <span class='ocrx_word' id='word_1_39' title='bbox 1543 514 1613 551; x_wconf 84' lang='lat' dir='ltr'><strong>So-</strong></span> 
     </span>
     <span class='ocr_line' id='line_1_6' title="bbox 291 566 1609 616; baseline 0.002 -12"><span class='ocrx_word' id='word_1_40' title='bbox 291 571 412 604; x_wconf 84' lang='lat' dir='ltr'><strong>crates</strong></span> <span class='ocrx_word' id='word_1_41' title='bbox 449 566 521 605; x_wconf 90' lang='lat' dir='ltr'><strong>etsi</strong></span> <span class='ocrx_word' id='word_1_42' title='bbox 557 569 655 605; x_wconf 85' lang='lat' dir='ltr'><strong>teste</strong></span> <span class='ocrx_word' id='word_1_43' title='bbox 691 567 1028 616; x_wconf 79' lang='lat' dir='ltr'><strong>Xenophonte</strong></span> <span class='ocrx_word' id='word_1_44' title='bbox 1055 567 1211 605; x_wconf 83' lang='lat' dir='ltr'><strong>Memor.</strong></span> <span class='ocrx_word' id='word_1_45' title='bbox 1240 568 1272 614; x_wconf 91' lang='lat'><strong>1,</strong></span> <span class='ocrx_word' id='word_1_46' title='bbox 1306 571 1344 614; x_wconf 94' lang='lat' dir='ltr'><strong>l,</strong></span> <span class='ocrx_word' id='word_1_47' title='bbox 1375 571 1439 605; x_wconf 88' lang='grc'><strong>24.</strong></span> <span class='ocrx_word' id='word_1_48' title='bbox 1467 569 1516 606; x_wconf 85' lang='lat' dir='ltr'><strong>ab</strong></span> <span class='ocrx_word' id='word_1_49' title='bbox 1543 568 1609 606; x_wconf 87' lang='lat' dir='ltr'><strong>illo</strong></span> 
     </span>
     <span class='ocr_line' id='line_1_7' title="bbox 289 622 1612 673; baseline 0.002 -14"><span class='ocrx_word' id='word_1_50' title='bbox 289 622 377 660; x_wconf 89' lang='lat' dir='ltr'><strong>inde</strong></span> <span class='ocrx_word' id='word_1_51' title='bbox 406 625 574 671; x_wconf 87' lang='lat' dir='ltr'><strong>tempore</strong></span> <span class='ocrx_word' id='word_1_52' title='bbox 610 623 658 659; x_wconf 91' lang='lat' dir='ltr'><strong>ab</strong></span> <span class='ocrx_word' id='word_1_53' title='bbox 696 634 740 659; x_wconf 90' lang='lat' dir='ltr'><strong>eo</strong></span> <span class='ocrx_word' id='word_1_54' title='bbox 777 622 972 670; x_wconf 85' lang='lat' dir='ltr'><strong>neglectus</strong></span> <span class='ocrx_word' id='word_1_55' title='bbox 1010 626 1086 669; x_wconf 90' lang='lat' dir='ltr'><strong>est,</strong></span> <span class='ocrx_word' id='word_1_56' title='bbox 1127 626 1256 661; x_wconf 86' lang='lat' dir='ltr'><strong>tamen</strong></span> <span class='ocrx_word' id='word_1_57' title='bbox 1282 636 1371 661; x_wconf 89' lang='lat' dir='ltr'><strong>eum</strong></span> <span class='ocrx_word' id='word_1_58' title='bbox 1398 624 1498 673; x_wconf 89' lang='lat' dir='ltr'><strong>apud</strong></span> <span class='ocrx_word' id='word_1_59' title='bbox 1526 623 1612 661; x_wconf 85' lang='lat' dir='ltr'><strong>Pla-</strong></span> 
     </span>
     <span class='ocr_line' id='line_1_8' title="bbox 290 676 1610 730; baseline 0.001 -15"><span class='ocrx_word' id='word_1_60' title='bbox 290 682 418 716; x_wconf 87' lang='lat' dir='ltr'><strong>tonem</strong></span> <span class='ocrx_word' id='word_1_61' title='bbox 446 691 481 728; x_wconf 91' lang='lat' dir='ltr'><strong>p.</strong></span> <span class='ocrx_word' id='word_1_62' title='bbox 511 680 603 715; x_wconf 88' lang='lat'>481.</span> <span class='ocrx_word' id='word_1_63' title='bbox 630 677 678 714; x_wconf 90' lang='lat' dir='ltr'><strong>D.</strong></span> <span class='ocrx_word' id='word_1_64' title='bbox 707 676 779 715; x_wconf 89' lang='lat' dir='ltr'><strong>sibi</strong></span> <span class='ocrx_word' id='word_1_65' title='bbox 807 690 928 728; x_wconf 89' lang='lat' dir='ltr'><strong>usque</strong></span> <span class='ocrx_word' id='word_1_66' title='bbox 957 682 1124 716; x_wconf 86' lang='lat' dir='ltr'><strong>amatum</strong></span> <span class='ocrx_word' id='word_1_67' title='bbox 1152 691 1235 716; x_wconf 88' lang='lat' dir='ltr'><strong>esse</strong></span> <span class='ocrx_word' id='word_1_68' title='bbox 1263 679 1480 728; x_wconf 81' lang='lat' dir='ltr'><strong>profitetur,</strong></span> <span class='ocrx_word' id='word_1_69' title='bbox 1510 679 1610 730; x_wconf 89' lang='lat' dir='ltr'><strong>quod</strong></span> 
     </span>
     <span class='ocr_line' id='line_1_9' title="bbox 290 732 1611 784; baseline 0.002 -14"><span class='ocrx_word' id='word_1_70' title='bbox 290 733 476 783; x_wconf 90' lang='lat' dir='ltr'><strong>quomodo</strong></span> <span class='ocrx_word' id='word_1_71' title='bbox 505 732 764 782; x_wconf 87' lang='lat' dir='ltr'><strong>accipiendum</strong></span> <span class='ocrx_word' id='word_1_72' title='bbox 791 732 860 779; x_wconf 88' lang='lat' dir='ltr'><strong>sit,</strong></span> <span class='ocrx_word' id='word_1_73' title='bbox 898 745 1104 784; x_wconf 85' lang='lat' dir='ltr'><strong>sanequam</strong></span> <span class='ocrx_word' id='word_1_74' title='bbox 1132 733 1289 771; x_wconf 85' lang='lat' dir='ltr'><strong>dubium</strong></span> <span class='ocrx_word' id='word_1_75' title='bbox 1316 734 1479 773; x_wconf 82' lang='lat' dir='ltr'><strong>videtur.</strong></span> <span class='ocrx_word' id='word_1_76' title='bbox 1537 734 1611 772; x_wconf 83' lang='lat' dir='ltr'><strong>Sed</strong></span> 
     </span>
     <span class='ocr_line' id='line_1_10' title="bbox 289 788 1611 840; baseline 0.002 -14"><span class='ocrx_word' id='word_1_77' title='bbox 289 792 484 839; x_wconf 88' lang='lat' dir='ltr'><strong>utcunque</strong></span> <span class='ocrx_word' id='word_1_78' title='bbox 511 801 557 826; x_wconf 85' lang='lat' dir='ltr'><strong>ea</strong></span> <span class='ocrx_word' id='word_1_79' title='bbox 583 789 630 825; x_wconf 91' lang='lat' dir='ltr'><strong>de</strong></span> <span class='ocrx_word' id='word_1_80' title='bbox 657 800 699 826; x_wconf 88' lang='lat' dir='ltr'><strong>re</strong></span> <span class='ocrx_word' id='word_1_81' title='bbox 727 788 992 835; x_wconf 78' lang='lat' dir='ltr'><strong>statuerimus,</strong></span> <span class='ocrx_word' id='word_1_82' title='bbox 1029 788 1125 826; x_wconf 91' lang='lat' dir='ltr'><strong>illud</strong></span> <span class='ocrx_word' id='word_1_83' title='bbox 1161 789 1315 840; x_wconf 88' lang='lat' dir='ltr'><strong>quidem</strong></span> <span class='ocrx_word' id='word_1_84' title='bbox 1350 789 1515 839; x_wconf 88' lang='lat' dir='ltr'><strong>positum</strong></span> <span class='ocrx_word' id='word_1_85' title='bbox 1551 794 1611 828; x_wconf 85' lang='lat' dir='ltr'><strong>est</strong></span> 
     </span>
     <span class='ocr_line' id='line_1_11' title="bbox 290 843 1612 895; baseline 0 -13"><span class='ocrx_word' id='word_1_86' title='bbox 290 848 400 882; x_wconf 83' lang='lat' dir='ltr'><strong>extra</strong></span> <span class='ocrx_word' id='word_1_87' title='bbox 427 856 577 881; x_wconf 85' lang='lat' dir='ltr'><strong>omnem</strong></span> <span class='ocrx_word' id='word_1_88' title='bbox 604 843 898 890; x_wconf 84' lang='lat' dir='ltr'><strong>dubitationem,</strong></span> <span class='ocrx_word' id='word_1_89' title='bbox 927 855 997 881; x_wconf 90' lang='lat' dir='ltr'><strong>nec</strong></span> <span class='ocrx_word' id='word_1_90' title='bbox 1024 857 1092 893; x_wconf 89' lang='lat' dir='ltr'><strong>per</strong></span> <span class='ocrx_word' id='word_1_91' title='bbox 1118 857 1180 891; x_wconf 89' lang='lat' dir='ltr'><strong>ea,</strong></span> <span class='ocrx_word' id='word_1_92' title='bbox 1215 857 1313 895; x_wconf 87' lang='lat' dir='ltr'><strong>quae</strong></span> <span class='ocrx_word' id='word_1_93' title='bbox 1340 845 1387 882; x_wconf 87' lang='lat' dir='ltr'><strong>de</strong></span> <span class='ocrx_word' id='word_1_94' title='bbox 1415 844 1612 882; x_wconf 78' lang='lat' dir='ltr'><strong>Alcibiade</strong></span> 
     </span>
     <span class='ocr_line' id='line_1_12' title="bbox 290 898 1611 949; baseline 0 -12"><span class='ocrx_word' id='word_1_95' title='bbox 290 900 315 937; x_wconf 92' lang='lat' dir='ltr'><strong>l.</strong></span> <span class='ocrx_word' id='word_1_96' title='bbox 344 913 374 937; x_wconf 91' lang='lat' dir='ltr'><strong>c.</strong></span> <span class='ocrx_word' id='word_1_97' title='bbox 404 903 670 945; x_wconf 80' lang='lat' dir='ltr'><strong>memorantur,</strong></span> <span class='ocrx_word' id='word_1_98' title='bbox 698 899 889 947; x_wconf 76' lang='lat' dir='ltr'><strong>dialogum</strong></span> <span class='ocrx_word' id='word_1_99' title='bbox 917 899 964 936; x_wconf 86' lang='lat' dir='ltr'><strong>ad</strong></span> <span class='ocrx_word' id='word_1_100' title='bbox 995 898 1143 949; x_wconf 84' lang='lat' dir='ltr'><strong>Olymp.</strong></span> <span class='ocrx_word' id='word_1_101' title='bbox 1167 903 1229 946; x_wconf 87' lang='grc'><strong>88,</strong></span> <span class='ocrx_word' id='word_1_102' title='bbox 1252 903 1287 937; x_wconf 91' lang='grc'><strong>2.</strong></span> <span class='ocrx_word' id='word_1_103' title='bbox 1316 899 1461 938; x_wconf 85' lang='lat' dir='ltr'><strong>retrahi</strong></span> <span class='ocrx_word' id='word_1_104' title='bbox 1489 899 1611 938; x_wconf 76' lang='lat' dir='ltr'><strong>licere.</strong></span> 
     </span>
     <span class='ocr_line' id='line_1_13' title="bbox 291 954 1614 1006; baseline 0 -14"><span class='ocrx_word' id='word_1_105' title='bbox 291 956 365 992; x_wconf 87' lang='lat' dir='ltr'><strong>Sed</strong></span> <span class='ocrx_word' id='word_1_106' title='bbox 394 956 440 992; x_wconf 83' lang='lat' dir='ltr'><strong>ad</strong></span> <span class='ocrx_word' id='word_1_107' title='bbox 468 955 563 993; x_wconf 85' lang='lat' dir='ltr'><strong>haec</strong></span> <span class='ocrx_word' id='word_1_108' title='bbox 590 954 733 992; x_wconf 85' lang='lat' dir='ltr'><strong>aceedit</strong></span> <span class='ocrx_word' id='word_1_109' title='bbox 760 954 875 992; x_wconf 77' lang='lat' dir='ltr'><strong>etiam</strong></span> <span class='ocrx_word' id='word_1_110' title='bbox 902 954 1057 993; x_wconf 79' lang='lat' dir='ltr'><strong>tertium</strong></span> <span class='ocrx_word' id='word_1_111' title='bbox 1086 955 1281 1006; x_wconf 80' lang='lat' dir='ltr'><strong>quiddam,</strong></span> <span class='ocrx_word' id='word_1_112' title='bbox 1311 956 1412 1006; x_wconf 92' lang='lat' dir='ltr'><strong>quod</strong></span> <span class='ocrx_word' id='word_1_113' title='bbox 1439 968 1516 992; x_wconf 91' lang='lat' dir='ltr'><strong>non</strong></span> <span class='ocrx_word' id='word_1_114' title='bbox 1543 955 1614 992; x_wconf 91' lang='lat' dir='ltr'><strong>mi-</strong></span> 
     </span>
     <span class='ocr_line' id='line_1_14' title="bbox 290 1009 1612 1059; baseline 0 -11"><span class='ocrx_word' id='word_1_115' title='bbox 290 1010 392 1048; x_wconf 90' lang='lat' dir='ltr'><strong>noris</strong></span> <span class='ocrx_word' id='word_1_116' title='bbox 421 1010 603 1048; x_wconf 87' lang='lat' dir='ltr'><strong>momenti</strong></span> <span class='ocrx_word' id='word_1_117' title='bbox 631 1013 699 1048; x_wconf 87' lang='lat' dir='ltr'><strong>est.</strong></span> <span class='ocrx_word' id='word_1_118' title='bbox 755 1009 932 1048; x_wconf 81' lang='lat' dir='ltr'><strong>Iniicitur</strong></span> <span class='ocrx_word' id='word_1_119' title='bbox 968 1009 1070 1048; x_wconf 87' lang='lat' dir='ltr'><strong>enim</strong></span> <span class='ocrx_word' id='word_1_120' title='bbox 1105 1023 1141 1059; x_wconf 90' lang='lat' dir='ltr'><strong>p.</strong></span> <span class='ocrx_word' id='word_1_121' title='bbox 1170 1011 1262 1048; x_wconf 89' lang='grc'><strong>470.</strong></span> <span class='ocrx_word' id='word_1_122' title='bbox 1289 1011 1337 1048; x_wconf 90' lang='lat' dir='ltr'><strong>D.</strong></span> <span class='ocrx_word' id='word_1_123' title='bbox 1368 1012 1459 1049; x_wconf 84' lang='lat'><strong>471.</strong></span> <span class='ocrx_word' id='word_1_124' title='bbox 1489 1013 1535 1048; x_wconf 81' lang='lat' dir='ltr'><strong>A.</strong></span> <span class='ocrx_word' id='word_1_125' title='bbox 1564 1010 1612 1048; x_wconf 91' lang='lat' dir='ltr'><strong>D.</strong></span> 
     </span>
     <span class='ocr_line' id='line_1_15' title="bbox 292 1065 1612 1115; baseline 0.001 -12"><span class='ocrx_word' id='word_1_126' title='bbox 292 1067 383 1103; x_wconf 84' lang='lat'><strong>472.</strong></span> <span class='ocrx_word' id='word_1_127' title='bbox 412 1066 460 1103; x_wconf 90' lang='lat' dir='ltr'><strong>D.</strong></span> <span class='ocrx_word' id='word_1_128' title='bbox 489 1068 581 1104; x_wconf 85' lang='lat'><strong>479.</strong></span> <span class='ocrx_word' id='word_1_129' title='bbox 618 1067 665 1102; x_wconf 93' lang='lat' dir='ltr'><strong>A.</strong></span> <span class='ocrx_word' id='word_1_130' title='bbox 693 1065 740 1102; x_wconf 92' lang='lat' dir='ltr'><strong>D.</strong></span> <span class='ocrx_word' id='word_1_131' title='bbox 768 1065 813 1102; x_wconf 84' lang='lat' dir='ltr'><strong>E.</strong></span> <span class='ocrx_word' id='word_1_132' title='bbox 843 1068 933 1103; x_wconf 85' lang='lat'><strong>525.</strong></span> <span class='ocrx_word' id='word_1_133' title='bbox 971 1065 1011 1103; x_wconf 90' lang='lat' dir='ltr'><strong>C.</strong></span> <span class='ocrx_word' id='word_1_134' title='bbox 1039 1065 1086 1103; x_wconf 89' lang='lat' dir='ltr'><strong>D.</strong></span> <span class='ocrx_word' id='word_1_135' title='bbox 1124 1066 1321 1112; x_wconf 78' lang='lat' dir='ltr'><strong>Archelai,</strong></span> <span class='ocrx_word' id='word_1_136' title='bbox 1359 1066 1460 1115; x_wconf 87' lang='lat' dir='ltr'><strong>regis</strong></span> <span class='ocrx_word' id='word_1_137' title='bbox 1487 1066 1612 1104; x_wconf 80' lang='lat' dir='ltr'><strong>Mace·</strong></span> 
     </span>
     <span class='ocr_line' id='line_1_16' title="bbox 290 1120 1613 1171; baseline 0.001 -13"><span class='ocrx_word' id='word_1_138' title='bbox 290 1121 444 1167; x_wconf 89' lang='lat' dir='ltr'><strong>doniae,</strong></span> <span class='ocrx_word' id='word_1_139' title='bbox 473 1120 626 1167; x_wconf 90' lang='lat' dir='ltr'><strong>mentio,</strong></span> <span class='ocrx_word' id='word_1_140' title='bbox 657 1120 712 1158; x_wconf 90' lang='lat' dir='ltr'><strong>ita</strong></span> <span class='ocrx_word' id='word_1_141' title='bbox 739 1120 902 1171; x_wconf 90' lang='lat' dir='ltr'><strong>quidem,</strong></span> <span class='ocrx_word' id='word_1_142' title='bbox 932 1125 977 1159; x_wconf 93' lang='lat' dir='ltr'><strong>ut</strong></span> <span class='ocrx_word' id='word_1_143' title='bbox 1003 1125 1210 1159; x_wconf 86' lang='lat' dir='ltr'><strong>memorata</strong></span> <span class='ocrx_word' id='word_1_144' title='bbox 1238 1121 1394 1171; x_wconf 85' lang='lat' dir='ltr'><strong>opinata</strong></span> <span class='ocrx_word' id='word_1_145' title='bbox 1419 1121 1502 1159; x_wconf 89' lang='lat' dir='ltr'><strong>eius</strong></span> <span class='ocrx_word' id='word_1_146' title='bbox 1529 1121 1613 1159; x_wconf 82' lang='lat' dir='ltr'><strong>feli·</strong></span> 
     </span>
     <span class='ocr_line' id='line_1_17' title="bbox 289 1175 1613 1227; baseline 0.001 -14"><span class='ocrx_word' id='word_1_147' title='bbox 289 1176 403 1215; x_wconf 89' lang='lat' dir='ltr'><strong>citate</strong></span> <span class='ocrx_word' id='word_1_148' title='bbox 439 1176 624 1226; x_wconf 81' lang='lat' dir='ltr'><strong>imprimis</strong></span> <span class='ocrx_word' id='word_1_149' title='bbox 661 1176 803 1214; x_wconf 88' lang='lat' dir='ltr'><strong>scelera</strong></span> <span class='ocrx_word' id='word_1_150' title='bbox 839 1179 879 1214; x_wconf 90' lang='lat' dir='ltr'><strong>et</strong></span> <span class='ocrx_word' id='word_1_151' title='bbox 915 1175 1063 1224; x_wconf 84' lang='lat' dir='ltr'><strong>flagitia</strong></span> <span class='ocrx_word' id='word_1_152' title='bbox 1097 1176 1360 1225; x_wconf 78' lang='lat' dir='ltr'><strong>exagitentur,</strong></span> <span class='ocrx_word' id='word_1_153' title='bbox 1398 1176 1537 1227; x_wconf 89' lang='lat' dir='ltr'><strong>quibus</strong></span> <span class='ocrx_word' id='word_1_154' title='bbox 1566 1177 1613 1214; x_wconf 84' lang='lat' dir='ltr'><strong>ad</strong></span> 
     </span>
     <span class='ocr_line' id='line_1_18' title="bbox 289 1227 1613 1282; baseline 0 -13"><span class='ocrx_word' id='word_1_155' title='bbox 289 1232 487 1281; x_wconf 88' lang='lat' dir='ltr'><strong>imperium</strong></span> <span class='ocrx_word' id='word_1_156' title='bbox 515 1232 761 1270; x_wconf 88' lang='lat' dir='ltr'><strong>obtinendum</strong></span> <span class='ocrx_word' id='word_1_157' title='bbox 789 1236 982 1279; x_wconf 76' lang='lat' dir='ltr'><strong>grassatus</strong></span> <span class='ocrx_word' id='word_1_158' title='bbox 1010 1231 1071 1270; x_wconf 89' lang='lat' dir='ltr'><strong>sit.</strong></span> <span class='ocrx_word' id='word_1_159' title='bbox 1109 1227 1231 1270; x_wconf 51' lang='lat' dir='ltr'><strong>‘Hunc</strong></span> <span class='ocrx_word' id='word_1_160' title='bbox 1257 1245 1349 1271; x_wconf 79' lang='lat' dir='ltr'><strong>vero</strong></span> <span class='ocrx_word' id='word_1_161' title='bbox 1377 1236 1445 1270; x_wconf 91' lang='lat' dir='ltr'><strong>aut</strong></span> <span class='ocrx_word' id='word_1_162' title='bbox 1463 1232 1613 1282; x_wconf 82' lang='lat' dir='ltr'><strong>Olymp.</strong></span> 
     </span>
     <span class='ocr_line' id='line_1_19' title="bbox 291 1286 1613 1337; baseline 0 -12"><span class='ocrx_word' id='word_1_163' title='bbox 291 1291 354 1333; x_wconf 88' lang='lat'><strong>89,</strong></span> <span class='ocrx_word' id='word_1_164' title='bbox 386 1290 577 1325; x_wconf 87' lang='lat'><strong>3.=422</strong></span> <span class='ocrx_word' id='word_1_165' title='bbox 599 1300 632 1324; x_wconf 86' lang='lat' dir='ltr'><strong>a.</strong></span> <span class='ocrx_word' id='word_1_166' title='bbox 652 1287 738 1324; x_wconf 91' lang='lat' dir='ltr'><strong>Chr.</strong></span> <span class='ocrx_word' id='word_1_167' title='bbox 758 1300 797 1324; x_wconf 90' lang='grc' dir='ltr'><strong>ιι.</strong></span> <span class='ocrx_word' id='word_1_168' title='bbox 826 1290 893 1324; x_wconf 81' lang='lat' dir='ltr'><strong>aut</strong></span> <span class='ocrx_word' id='word_1_169' title='bbox 912 1286 1061 1337; x_wconf 86' lang='lat' dir='ltr'><strong>Olymp.</strong></span> <span class='ocrx_word' id='word_1_170' title='bbox 1090 1290 1154 1334; x_wconf 86' lang='lat'><strong>91,</strong></span> <span class='ocrx_word' id='word_1_171' title='bbox 1184 1291 1285 1325; x_wconf 86' lang='lat'><strong>4.=</strong></span> <span class='ocrx_word' id='word_1_172' title='bbox 1302 1290 1381 1325; x_wconf 83' lang='lat'><strong>413</strong></span> <span class='ocrx_word' id='word_1_173' title='bbox 1408 1300 1441 1324; x_wconf 83' lang='lat' dir='ltr'><strong>a.</strong></span> <span class='ocrx_word' id='word_1_174' title='bbox 1461 1287 1547 1325; x_wconf 86' lang='lat' dir='ltr'><strong>Chr.</strong></span> <span class='ocrx_word' id='word_1_175' title='bbox 1575 1301 1613 1325; x_wconf 91' lang='lat' dir='ltr'><strong>n.</strong></span> 
     </span>
     <span class='ocr_line' id='line_1_20' title="bbox 288 1342 1611 1393; baseline -0.002 -13"><span class='ocrx_word' id='word_1_176' title='bbox 288 1356 404 1391; x_wconf 88' lang='lat' dir='ltr'><strong>regno</strong></span> <span class='ocrx_word' id='word_1_177' title='bbox 442 1342 606 1392; x_wconf 89' lang='lat' dir='ltr'><strong>potitum</strong></span> <span class='ocrx_word' id='word_1_178' title='bbox 641 1355 724 1380; x_wconf 87' lang='lat' dir='ltr'><strong>esse</strong></span> <span class='ocrx_word' id='word_1_179' title='bbox 760 1342 935 1393; x_wconf 86' lang='lat' dir='ltr'><strong>idemque</strong></span> <span class='ocrx_word' id='word_1_180' title='bbox 972 1355 1093 1393; x_wconf 86' lang='lat' dir='ltr'><strong>usque</strong></span> <span class='ocrx_word' id='word_1_181' title='bbox 1131 1343 1178 1380; x_wconf 89' lang='lat' dir='ltr'><strong>ad</strong></span> <span class='ocrx_word' id='word_1_182' title='bbox 1218 1343 1368 1393; x_wconf 84' lang='lat' dir='ltr'><strong>Olymp.</strong></span> <span class='ocrx_word' id='word_1_183' title='bbox 1400 1346 1463 1388; x_wconf 85' lang='lat'><strong>95,</strong></span> <span class='ocrx_word' id='word_1_184' title='bbox 1496 1346 1529 1380; x_wconf 92' lang='lat'><strong>1.</strong></span> <span class='ocrx_word' id='word_1_185' title='bbox 1560 1357 1611 1377; x_wconf 91' lang='lat'><strong><em>=</em></strong></span> 
     </span>
     <span class='ocr_line' id='line_1_21' title="bbox 291 1397 1612 1449; baseline 0 -14"><span class='ocrx_word' id='word_1_186' title='bbox 291 1402 371 1435; x_wconf 87' lang='lat'><strong>400</strong></span> <span class='ocrx_word' id='word_1_187' title='bbox 401 1410 433 1435; x_wconf 90' lang='lat' dir='ltr'><strong>a.</strong></span> <span class='ocrx_word' id='word_1_188' title='bbox 463 1398 550 1436; x_wconf 90' lang='lat' dir='ltr'><strong>Chr.</strong></span> <span class='ocrx_word' id='word_1_189' title='bbox 579 1411 615 1435; x_wconf 91' lang='lat' dir='ltr'><strong>n.</strong></span> <span class='ocrx_word' id='word_1_190' title='bbox 645 1397 874 1443; x_wconf 84' lang='lat' dir='ltr'><strong>obtinuisse,</strong></span> <span class='ocrx_word' id='word_1_191' title='bbox 913 1398 1120 1435; x_wconf 85' lang='lat' dir='ltr'><strong>secundum</strong></span> <span class='ocrx_word' id='word_1_192' title='bbox 1148 1411 1212 1443; x_wconf 92' lang='lat' dir='ltr'><strong>ea,</strong></span> <span class='ocrx_word' id='word_1_193' title='bbox 1249 1410 1347 1449; x_wconf 88' lang='lat' dir='ltr'><strong>quae</strong></span> <span class='ocrx_word' id='word_1_194' title='bbox 1375 1398 1612 1437; x_wconf 83' lang='lat' dir='ltr'><strong>Dodwell.</strong></span> 
     </span>
     <span class='ocr_line' id='line_1_22' title="bbox 290 1452 1613 1504; baseline 0.001 -14"><span class='ocrx_word' id='word_1_195' title='bbox 290 1453 429 1491; x_wconf 86' lang='lat' dir='ltr'><strong>Annal.</strong></span> <span class='ocrx_word' id='word_1_196' title='bbox 449 1453 620 1504; x_wconf 84' lang='lat' dir='ltr'><strong>Thucyd.</strong></span> <span class='ocrx_word' id='word_1_197' title='bbox 641 1454 738 1491; x_wconf 84' lang='lat' dir='ltr'><strong>Sect.</strong></span> <span class='ocrx_word' id='word_1_198' title='bbox 757 1452 920 1499; x_wconf 67' lang='lat' dir='ltr'>XXVI„</span> <span class='ocrx_word' id='word_1_199' title='bbox 949 1452 1018 1490; x_wconf 92' lang='lat' dir='ltr'><strong>Cli</strong></span> <span class='ocrx_word' id='word_1_200' title='bbox 1031 1458 1160 1491; x_wconf 91' lang='lat' dir='ltr'><strong>nton.</strong></span> <span class='ocrx_word' id='word_1_201' title='bbox 1181 1453 1271 1491; x_wconf 85' lang='lat' dir='ltr'><strong>Tab.</strong></span> <span class='ocrx_word' id='word_1_202' title='bbox 1294 1453 1470 1491; x_wconf 88' lang='lat' dir='ltr'><strong>Chronol.</strong></span> <span class='ocrx_word' id='word_1_203' title='bbox 1488 1467 1524 1502; x_wconf 90' lang='lat' dir='ltr'><strong>p.</strong></span> <span class='ocrx_word' id='word_1_204' title='bbox 1537 1457 1613 1499; x_wconf 89' lang='lat'><strong>80.,</strong></span> 
     </span>
     <span class='ocr_line' id='line_1_23' title="bbox 289 1508 1614 1558; baseline 0 -12"><span class='ocrx_word' id='word_1_205' title='bbox 289 1509 532 1547; x_wconf 80' lang='lat' dir='ltr'><strong>Bitschel.</strong></span> <span class='ocrx_word' id='word_1_206' title='bbox 570 1509 628 1546; x_wconf 88' lang='lat' dir='ltr'><strong>De</strong></span> <span class='ocrx_word' id='word_1_207' title='bbox 656 1508 738 1546; x_wconf 85' lang='lat' dir='ltr'><strong>vita</strong></span> <span class='ocrx_word' id='word_1_208' title='bbox 765 1508 980 1556; x_wconf 83' lang='lat' dir='ltr'><strong>Agathonis</strong></span> <span class='ocrx_word' id='word_1_209' title='bbox 1007 1508 1096 1557; x_wconf 89' lang='lat' dir='ltr'><strong>Cap.</strong></span> <span class='ocrx_word' id='word_1_210' title='bbox 1126 1509 1158 1546; x_wconf 96' lang='lat' dir='ltr'><strong>I.</strong></span> <span class='ocrx_word' id='word_1_211' title='bbox 1187 1509 1500 1558; x_wconf 80' lang='lat' dir='ltr'><strong>disputaverunt,</strong></span> <span class='ocrx_word' id='word_1_212' title='bbox 1535 1512 1614 1546; x_wconf 80' lang='lat' dir='ltr'><strong>tam</strong></span> 
     </span>
     <span class='ocr_line' id='line_1_24' title="bbox 289 1563 1613 1615; baseline -0.001 -13"><span class='ocrx_word' id='word_1_213' title='bbox 289 1567 434 1603; x_wconf 86' lang='lat' dir='ltr'><strong>eertum</strong></span> <span class='ocrx_word' id='word_1_214' title='bbox 472 1569 549 1610; x_wconf 87' lang='lat' dir='ltr'><strong>est,</strong></span> <span class='ocrx_word' id='word_1_215' title='bbox 587 1577 702 1615; x_wconf 89' lang='lat' dir='ltr'><strong>quam</strong></span> <span class='ocrx_word' id='word_1_216' title='bbox 730 1564 831 1614; x_wconf 92' lang='lat' dir='ltr'><strong>quod</strong></span> <span class='ocrx_word' id='word_1_217' title='bbox 860 1567 918 1601; x_wconf 87' lang='lat' dir='ltr'><strong>est</strong></span> <span class='ocrx_word' id='word_1_218' title='bbox 946 1563 1207 1602; x_wconf 81' lang='lat' dir='ltr'><strong>certissimum.</strong></span> <span class='ocrx_word' id='word_1_219' title='bbox 1264 1563 1449 1604; x_wconf 77' lang='lat' dir='ltr'><strong>Quocirca</strong></span> <span class='ocrx_word' id='word_1_220' title='bbox 1483 1564 1544 1601; x_wconf 89' lang='lat' dir='ltr'><strong>his</strong></span> <span class='ocrx_word' id='word_1_221' title='bbox 1581 1564 1613 1601; x_wconf 87' lang='lat' dir='ltr'><strong>si</strong></span> 
     </span>
     <span class='ocr_line' id='line_1_25' title="bbox 289 1619 1616 1671; baseline -0.001 -13"><span class='ocrx_word' id='word_1_222' title='bbox 289 1619 381 1671; x_wconf 92' lang='lat' dir='ltr'><strong>quid</strong></span> <span class='ocrx_word' id='word_1_223' title='bbox 419 1623 478 1658; x_wconf 90' lang='lat' dir='ltr'><strong>est</strong></span> <span class='ocrx_word' id='word_1_224' title='bbox 514 1619 777 1664; x_wconf 89' lang='lat' dir='ltr'><strong>tribuendum,</strong></span> <span class='ocrx_word' id='word_1_225' title='bbox 816 1620 983 1668; x_wconf 84' lang='lat' dir='ltr'><strong>profecto</strong></span> <span class='ocrx_word' id='word_1_226' title='bbox 1020 1619 1108 1657; x_wconf 89' lang='lat' dir='ltr'><strong>inde</strong></span> <span class='ocrx_word' id='word_1_227' title='bbox 1146 1619 1328 1666; x_wconf 80' lang='lat' dir='ltr'><strong>efficitur,</strong></span> <span class='ocrx_word' id='word_1_228' title='bbox 1365 1624 1410 1657; x_wconf 89' lang='lat' dir='ltr'><strong>ut</strong></span> <span class='ocrx_word' id='word_1_229' title='bbox 1444 1619 1616 1667; x_wconf 80' lang='lat' dir='ltr'><strong>dialogus</strong></span> 
     </span>
     <span class='ocr_line' id='line_1_26' title="bbox 290 1674 1616 1725; baseline 0.001 -13"><span class='ocrx_word' id='word_1_230' title='bbox 290 1679 378 1713; x_wconf 88' lang='lat' dir='ltr'><strong>ante</strong></span> <span class='ocrx_word' id='word_1_231' title='bbox 407 1674 619 1725; x_wconf 84' lang='lat' dir='ltr'><strong>Olympiad.</strong></span> <span class='ocrx_word' id='word_1_232' title='bbox 650 1678 719 1721; x_wconf 88' lang='lat'><strong>89,</strong></span> <span class='ocrx_word' id='word_1_233' title='bbox 758 1677 793 1711; x_wconf 88' lang='lat'><strong>3.</strong></span> <span class='ocrx_word' id='word_1_234' title='bbox 823 1688 852 1712; x_wconf 90' lang='lat' dir='ltr'><strong>s.</strong></span> <span class='ocrx_word' id='word_1_235' title='bbox 885 1677 963 1712; x_wconf 86' lang='lat'><strong>422</strong></span> <span class='ocrx_word' id='word_1_236' title='bbox 994 1687 1027 1712; x_wconf 88' lang='lat' dir='ltr'><strong>a.</strong></span> <span class='ocrx_word' id='word_1_237' title='bbox 1048 1675 1135 1712; x_wconf 90' lang='lat' dir='ltr'><strong>Chr.</strong></span> <span class='ocrx_word' id='word_1_238' title='bbox 1163 1687 1239 1712; x_wconf 90' lang='lat' dir='ltr'><strong>non</strong></span> <span class='ocrx_word' id='word_1_239' title='bbox 1266 1674 1434 1724; x_wconf 90' lang='lat' dir='ltr'><strong>potuerit</strong></span> <span class='ocrx_word' id='word_1_240' title='bbox 1462 1674 1616 1713; x_wconf 86' lang='lat' dir='ltr'><strong>habitus</strong></span> 
     </span>
     <span class='ocr_line' id='line_1_27' title="bbox 290 1729 1613 1780; baseline -0.002 -12"><span class='ocrx_word' id='word_1_241' title='bbox 290 1731 394 1778; x_wconf 82' lang='lat' dir='ltr'><strong>fingi.</strong></span> <span class='ocrx_word' id='word_1_242' title='bbox 470 1730 693 1769; x_wconf 78' lang='lat' dir='ltr'><strong>Invenimus</strong></span> <span class='ocrx_word' id='word_1_243' title='bbox 721 1729 839 1777; x_wconf 85' lang='lat' dir='ltr'><strong>igitur</strong></span> <span class='ocrx_word' id='word_1_244' title='bbox 875 1730 1059 1767; x_wconf 86' lang='lat' dir='ltr'><strong>hactenus</strong></span> <span class='ocrx_word' id='word_1_245' title='bbox 1105 1730 1180 1768; x_wconf 87' lang='lat' dir='ltr'><strong>tria</strong></span> <span class='ocrx_word' id='word_1_246' title='bbox 1216 1734 1426 1780; x_wconf 89' lang='lat' dir='ltr'><strong>temporum</strong></span> <span class='ocrx_word' id='word_1_247' title='bbox 1464 1730 1613 1775; x_wconf 87' lang='lat' dir='ltr'><strong>indicia,</strong></span> 
     </span>
     <span class='ocr_line' id='line_1_28' title="bbox 289 1786 1615 1837; baseline 0 -14"><span class='ocrx_word' id='word_1_248' title='bbox 289 1786 429 1837; x_wconf 91' lang='lat' dir='ltr'><strong>quibus</strong></span> <span class='ocrx_word' id='word_1_249' title='bbox 466 1786 634 1834; x_wconf 80' lang='lat' dir='ltr'><strong>graviter</strong></span> <span class='ocrx_word' id='word_1_250' title='bbox 680 1797 1001 1831; x_wconf 90' lang='lat' dir='ltr'><strong>commoneamur,</strong></span> <span class='ocrx_word' id='word_1_251' title='bbox 1049 1789 1094 1823; x_wconf 91' lang='lat' dir='ltr'><strong>ut</strong></span> <span class='ocrx_word' id='word_1_252' title='bbox 1130 1799 1179 1824; x_wconf 91' lang='lat' dir='ltr'><strong>ne</strong></span> <span class='ocrx_word' id='word_1_253' title='bbox 1217 1797 1426 1823; x_wconf 78' lang='lat' dir='ltr'><strong>samonem</strong></span> <span class='ocrx_word' id='word_1_254' title='bbox 1474 1789 1615 1823; x_wconf 89' lang='lat' dir='ltr'><strong>temere</strong></span> 
     </span>
     <span class='ocr_line' id='line_1_29' title="bbox 291 1840 1614 1891; baseline -0.001 -12"><span class='ocrx_word' id='word_1_255' title='bbox 291 1841 504 1891; x_wconf 85' lang='lat' dir='ltr'><strong>Olympiadi</strong></span> <span class='ocrx_word' id='word_1_256' title='bbox 535 1845 598 1879; x_wconf 88' lang='grc'><strong>88.</strong></span> <span class='ocrx_word' id='word_1_257' title='bbox 628 1840 881 1889; x_wconf 78' lang='lat' dir='ltr'><strong>assignemus,</strong></span> <span class='ocrx_word' id='word_1_258' title='bbox 919 1841 985 1878; x_wconf 88' lang='lat' dir='ltr'><strong>sed</strong></span> <span class='ocrx_word' id='word_1_259' title='bbox 1013 1840 1140 1890; x_wconf 91' lang='lat' dir='ltr'><strong>potius</strong></span> <span class='ocrx_word' id='word_1_260' title='bbox 1175 1845 1263 1891; x_wconf 85' lang='lat' dir='ltr'><strong>post</strong></span> <span class='ocrx_word' id='word_1_261' title='bbox 1290 1841 1439 1891; x_wconf 84' lang='lat' dir='ltr'><strong>Olymp.</strong></span> <span class='ocrx_word' id='word_1_262' title='bbox 1470 1844 1535 1886; x_wconf 84' lang='lat'><strong>89,</strong></span> <span class='ocrx_word' id='word_1_263' title='bbox 1565 1844 1614 1886; x_wconf 81' lang='grc'><strong>3.,</strong></span> 
     </span>
     <span class='ocr_line' id='line_1_30' title="bbox 290 1896 1614 1947; baseline -0.002 -12"><span class='ocrx_word' id='word_1_264' title='bbox 290 1897 365 1934; x_wconf 90' lang='lat' dir='ltr'><strong>imo</strong></span> <span class='ocrx_word' id='word_1_265' title='bbox 394 1897 510 1935; x_wconf 83' lang='lat' dir='ltr'><strong>etiam</strong></span> <span class='ocrx_word' id='word_1_266' title='bbox 537 1901 624 1947; x_wconf 91' lang='lat' dir='ltr'><strong>post</strong></span> <span class='ocrx_word' id='word_1_267' title='bbox 651 1896 709 1933; x_wconf 94' lang='lat' dir='ltr'><strong>Ol.</strong></span> <span class='ocrx_word' id='word_1_268' title='bbox 740 1900 803 1942; x_wconf 84' lang='lat'><strong>90,</strong></span> <span class='ocrx_word' id='word_1_269' title='bbox 838 1898 871 1933; x_wconf 92' lang='lat' dir='ltr'><strong>l.</strong></span> <span class='ocrx_word' id='word_1_270' title='bbox 902 1896 1071 1947; x_wconf 88' lang='lat' dir='ltr'><strong>adeoque</strong></span> <span class='ocrx_word' id='word_1_271' title='bbox 1098 1900 1186 1946; x_wconf 91' lang='lat' dir='ltr'><strong>post</strong></span> <span class='ocrx_word' id='word_1_272' title='bbox 1213 1896 1362 1947; x_wconf 83' lang='lat' dir='ltr'><strong>Olymp.</strong></span> <span class='ocrx_word' id='word_1_273' title='bbox 1392 1899 1456 1942; x_wconf 90' lang='lat'><strong>91,</strong></span> <span class='ocrx_word' id='word_1_274' title='bbox 1487 1901 1523 1934; x_wconf 82' lang='lat'><strong>4.</strong></span> <span class='ocrx_word' id='word_1_275' title='bbox 1551 1896 1614 1934; x_wconf 81' lang='lat' dir='ltr'><strong>vel</strong></span> 
     </span>
     <span class='ocr_line' id='line_1_31' title="bbox 291 1951 1614 2002; baseline 0 -13"><span class='ocrx_word' id='word_1_276' title='bbox 291 1952 442 2002; x_wconf 85' lang='lat' dir='ltr'><strong>Olymp.</strong></span> <span class='ocrx_word' id='word_1_277' title='bbox 473 1955 536 1990; x_wconf 88' lang='grc'><strong>92.</strong></span> <span class='ocrx_word' id='word_1_278' title='bbox 573 1964 768 2001; x_wconf 85' lang='lat' dir='ltr'><strong>ponamus.</strong></span> <span class='ocrx_word' id='word_1_279' title='bbox 836 1951 910 1989; x_wconf 83' lang='lat' dir='ltr'><strong>Sed</strong></span> <span class='ocrx_word' id='word_1_280' title='bbox 947 1951 1119 1989; x_wconf 87' lang='lat' dir='ltr'><strong>addenda</strong></span> <span class='ocrx_word' id='word_1_281' title='bbox 1153 1956 1244 1990; x_wconf 72' lang='lat' dir='ltr'><strong>sunt</strong></span> <span class='ocrx_word' id='word_1_282' title='bbox 1279 1952 1340 1990; x_wconf 92' lang='lat' dir='ltr'><strong>his</strong></span> <span class='ocrx_word' id='word_1_283' title='bbox 1376 1951 1491 1990; x_wconf 88' lang='lat' dir='ltr'><strong>etiam</strong></span> <span class='ocrx_word' id='word_1_284' title='bbox 1528 1951 1614 1996; x_wconf 86' lang='lat' dir='ltr'><strong>alia,</strong></span> 
     </span>
     <span class='ocr_line' id='line_1_32' title="bbox 291 2006 1615 2058; baseline -0.001 -13"><span class='ocrx_word' id='word_1_285' title='bbox 291 2007 429 2058; x_wconf 90' lang='lat' dir='ltr'><strong>quibus</strong></span> <span class='ocrx_word' id='word_1_286' title='bbox 457 2007 640 2045; x_wconf 88' lang='lat' dir='ltr'><strong>sermonis</strong></span> <span class='ocrx_word' id='word_1_287' title='bbox 677 2011 847 2056; x_wconf 86' lang='lat' dir='ltr'><strong>tempora</strong></span> <span class='ocrx_word' id='word_1_288' title='bbox 873 2020 964 2045; x_wconf 81' lang='lat' dir='ltr'><strong>sane</strong></span> <span class='ocrx_word' id='word_1_289' title='bbox 1000 2007 1154 2056; x_wconf 88' lang='lat' dir='ltr'><strong>propius</strong></span> <span class='ocrx_word' id='word_1_290' title='bbox 1190 2007 1238 2045; x_wconf 84' lang='lat' dir='ltr'><strong>ad</strong></span> <span class='ocrx_word' id='word_1_291' title='bbox 1266 2006 1354 2045; x_wconf 90' lang='lat' dir='ltr'><strong>belli</strong></span> <span class='ocrx_word' id='word_1_292' title='bbox 1382 2007 1615 2055; x_wconf 84' lang='lat' dir='ltr'><strong>Peloponne-</strong></span> 
     </span>
     <span class='ocr_line' id='line_1_33' title="bbox 290 2061 1615 2110; baseline -0.001 -10"><span class='ocrx_word' id='word_1_293' title='bbox 290 2063 379 2100; x_wconf 90' lang='lat' dir='ltr'><strong>siaci</strong></span> <span class='ocrx_word' id='word_1_294' title='bbox 419 2062 566 2101; x_wconf 84' lang='lat' dir='ltr'><strong>exitum</strong></span> <span class='ocrx_word' id='word_1_295' title='bbox 601 2062 755 2101; x_wconf 88' lang='lat' dir='ltr'><strong>reiicere</strong></span> <span class='ocrx_word' id='word_1_296' title='bbox 793 2075 981 2110; x_wconf 82' lang='lat' dir='ltr'><strong>cogamur.</strong></span> <span class='ocrx_word' id='word_1_297' title='bbox 1036 2063 1298 2100; x_wconf 82' lang='lat' dir='ltr'><strong>Memorantur</strong></span> <span class='ocrx_word' id='word_1_298' title='bbox 1333 2061 1433 2100; x_wconf 89' lang='lat' dir='ltr'><strong>enim</strong></span> <span class='ocrx_word' id='word_1_299' title='bbox 1470 2062 1518 2099; x_wconf 93' lang='lat' dir='ltr'><strong>de</strong></span> <span class='ocrx_word' id='word_1_300' title='bbox 1546 2062 1615 2099; x_wconf 83' lang='lat' dir='ltr'><strong>So-</strong></span> 
     </span>
     <span class='ocr_line' id='line_1_34' title="bbox 290 2116 1614 2169; baseline -0.002 -13"><span class='ocrx_word' id='word_1_301' title='bbox 290 2122 392 2156; x_wconf 87' lang='lat' dir='ltr'><strong>crate</strong></span> <span class='ocrx_word' id='word_1_302' title='bbox 429 2131 527 2169; x_wconf 83' lang='lat' dir='ltr'><strong>quae</strong></span> <span class='ocrx_word' id='word_1_303' title='bbox 564 2131 640 2155; x_wconf 89' lang='lat' dir='ltr'><strong>non</strong></span> <span class='ocrx_word' id='word_1_304' title='bbox 680 2117 755 2155; x_wconf 84' lang='lat' dir='ltr'><strong>alia</strong></span> <span class='ocrx_word' id='word_1_305' title='bbox 790 2116 865 2155; x_wconf 89' lang='lat' dir='ltr'><strong>nisi</strong></span> <span class='ocrx_word' id='word_1_306' title='bbox 901 2117 969 2155; x_wconf 85' lang='lat' dir='ltr'><strong>illa</strong></span> <span class='ocrx_word' id='word_1_307' title='bbox 1005 2121 1131 2156; x_wconf 87' lang='lat' dir='ltr'><strong>aetate</strong></span> <span class='ocrx_word' id='word_1_308' title='bbox 1159 2117 1337 2156; x_wconf 78' lang='lat' dir='ltr'><strong>accidisse</strong></span> <span class='ocrx_word' id='word_1_309' title='bbox 1375 2116 1614 2166; x_wconf 84' lang='lat' dir='ltr'><strong>exploratum</strong></span> 
     </span>
     <span class='ocr_line' id='line_1_35' title="bbox 290 2172 1614 2235; baseline -0.002 -23"><span class='ocrx_word' id='word_1_310' title='bbox 290 2174 467 2212; x_wconf 78' lang='lat' dir='ltr'><strong>habetur.</strong></span> <span class='ocrx_word' id='word_1_311' title='bbox 524 2173 623 2211; x_wconf 84' lang='lat' dir='ltr'><strong>Nam</strong></span> <span class='ocrx_word' id='word_1_312' title='bbox 649 2172 812 2223; x_wconf 88' lang='lat' dir='ltr'><strong>primum</strong></span> <span class='ocrx_word' id='word_1_313' title='bbox 848 2185 884 2222; x_wconf 92' lang='lat' dir='ltr'><strong>p.</strong></span> <span class='ocrx_word' id='word_1_314' title='bbox 915 2174 1005 2210; x_wconf 83' lang='lat'><strong>521.</strong></span> <span class='ocrx_word' id='word_1_315' title='bbox 1033 2172 1074 2210; x_wconf 88' lang='lat' dir='ltr'><strong>C.</strong></span> <span class='ocrx_word' id='word_1_316' title='bbox 1104 2172 1153 2210; x_wconf 93' lang='lat' dir='ltr'><strong>D.</strong></span> <span class='ocrx_word' id='word_1_317' title='bbox 1180 2185 1284 2235; x_wconf 86' lang='lat' dir='ltr'><strong>seqq.</strong></span> <span class='ocrx_word' id='word_1_318' title='bbox 1323 2175 1413 2211; x_wconf 82' lang='lat'><strong>522.</strong></span> <span class='ocrx_word' id='word_1_319' title='bbox 1442 2172 1484 2210; x_wconf 90' lang='grc' dir='ltr'><strong>Β.</strong></span> <span class='ocrx_word' id='word_1_320' title='bbox 1512 2172 1614 2211; x_wconf 85' lang='lat' dir='ltr'><strong>haud</strong></span> 
     </span>
     <span class='ocr_line' id='line_1_36' title="bbox 290 2226 1616 2278; baseline -0.001 -11"><span class='ocrx_word' id='word_1_321' title='bbox 290 2231 448 2268; x_wconf 81' lang='lat' dir='ltr'><strong>obscure</strong></span> <span class='ocrx_word' id='word_1_322' title='bbox 476 2228 713 2278; x_wconf 88' lang='lat' dir='ltr'><strong>significatur</strong></span> <span class='ocrx_word' id='word_1_323' title='bbox 739 2227 989 2266; x_wconf 75' lang='lat' dir='ltr'><strong>accusationis</strong></span> <span class='ocrx_word' id='word_1_324' title='bbox 1006 2227 1217 2277; x_wconf 87' lang='lat' dir='ltr'><strong>periculum</strong></span> <span class='ocrx_word' id='word_1_325' title='bbox 1235 2227 1318 2266; x_wconf 81' lang='lat' dir='ltr'><strong>viro</strong></span> <span class='ocrx_word' id='word_1_326' title='bbox 1337 2226 1616 2278; x_wconf 74' lang='lat' dir='ltr'><strong>sapientissimo</strong></span> 
     </span>
     <span class='ocr_line' id='line_1_37' title="bbox 291 2282 1616 2335; baseline -0.001 -13"><span class='ocrx_word' id='word_1_327' title='bbox 291 2285 513 2331; x_wconf 82' lang='lat' dir='ltr'><strong>imminens,</strong></span> <span class='ocrx_word' id='word_1_328' title='bbox 549 2288 594 2323; x_wconf 89' lang='lat' dir='ltr'><strong>ut</strong></span> <span class='ocrx_word' id='word_1_329' title='bbox 630 2284 694 2335; x_wconf 90' lang='lat' dir='ltr'><strong>qui</strong></span> <span class='ocrx_word' id='word_1_330' title='bbox 733 2283 862 2333; x_wconf 87' lang='lat' dir='ltr'><strong>populi</strong></span> <span class='ocrx_word' id='word_1_331' title='bbox 889 2282 1017 2322; x_wconf 83' lang='lat' dir='ltr'><strong>studia</strong></span> <span class='ocrx_word' id='word_1_332' title='bbox 1052 2287 1093 2322; x_wconf 91' lang='lat' dir='ltr'><strong>et</strong></span> <span class='ocrx_word' id='word_1_333' title='bbox 1127 2283 1355 2333; x_wconf 83' lang='lat' dir='ltr'><strong>cupiditates</strong></span> <span class='ocrx_word' id='word_1_334' title='bbox 1381 2283 1550 2332; x_wconf 77' lang='lat' dir='ltr'><strong>negligat</strong></span> <span class='ocrx_word' id='word_1_335' title='bbox 1575 2288 1616 2321; x_wconf 86' lang='lat' dir='ltr'><strong>et</strong></span> 
     </span>
     <span class='ocr_line' id='line_1_38' title="bbox 294 2338 1614 2388; baseline -0.002 -10"><span class='ocrx_word' id='word_1_336' title='bbox 294 2344 521 2379; x_wconf 89' lang='lat' dir='ltr'><strong>contemnat.</strong></span> <span class='ocrx_word' id='word_1_337' title='bbox 587 2339 733 2377; x_wconf 89' lang='lat' dir='ltr'><strong>Deinde</strong></span> <span class='ocrx_word' id='word_1_338' title='bbox 770 2352 806 2388; x_wconf 92' lang='lat' dir='ltr'><strong>p.</strong></span> <span class='ocrx_word' id='word_1_339' title='bbox 836 2340 928 2377; x_wconf 81' lang='lat'><strong>473.</strong></span> <span class='ocrx_word' id='word_1_340' title='bbox 955 2338 1001 2376; x_wconf 88' lang='lat' dir='ltr'><strong>E.</strong></span> <span class='ocrx_word' id='word_1_341' title='bbox 1039 2338 1120 2388; x_wconf 87' lang='lat' dir='ltr'><strong>ipse</strong></span> <span class='ocrx_word' id='word_1_342' title='bbox 1158 2339 1331 2377; x_wconf 78' lang='lat' dir='ltr'><strong>Socrates</strong></span> <span class='ocrx_word' id='word_1_343' title='bbox 1366 2342 1496 2377; x_wconf 81' lang='lat' dir='ltr'><strong>narrat</strong></span> <span class='ocrx_word' id='word_1_344' title='bbox 1530 2350 1614 2376; x_wconf 83' lang='lat' dir='ltr'><strong>sese</strong></span> 
     </span>
     <span class='ocr_line' id='line_1_39' title="bbox 291 2393 1615 2445; baseline -0.002 -12"><span class='ocrx_word' id='word_1_345' title='bbox 291 2409 391 2434; x_wconf 85' lang='lat' dir='ltr'><strong>anno</strong></span> <span class='ocrx_word' id='word_1_346' title='bbox 419 2395 612 2445; x_wconf 87' lang='lat' dir='ltr'><strong>superiore</strong></span> <span class='ocrx_word' id='word_1_347' title='bbox 639 2394 821 2445; x_wconf 88' lang='lat' dir='ltr'><strong>populum</strong></span> <span class='ocrx_word' id='word_1_348' title='bbox 849 2393 890 2431; x_wconf 92' lang='lat' dir='ltr'><strong>in</strong></span> <span class='ocrx_word' id='word_1_349' title='bbox 914 2393 1095 2442; x_wconf 82' lang='lat' dir='ltr'><strong>suffragia</strong></span> <span class='ocrx_word' id='word_1_350' title='bbox 1113 2394 1263 2433; x_wconf 89' lang='lat' dir='ltr'><strong>mittere</strong></span> <span class='ocrx_word' id='word_1_351' title='bbox 1290 2393 1503 2440; x_wconf 78' lang='lat' dir='ltr'><strong>nescivisse,</strong></span> <span class='ocrx_word' id='word_1_352' title='bbox 1530 2394 1615 2445; x_wconf 90' lang='lat' dir='ltr'><strong>qui-</strong></span> 
     </span>
     <span class='ocr_line' id='line_1_40' title="bbox 291 2448 1615 2501; baseline -0.001 -12"><span class='ocrx_word' id='word_1_353' title='bbox 291 2452 362 2489; x_wconf 89' lang='lat' dir='ltr'><strong>bus</strong></span> <span class='ocrx_word' id='word_1_354' title='bbox 391 2451 518 2490; x_wconf 84' lang='lat' dir='ltr'><strong>verbis</strong></span> <span class='ocrx_word' id='word_1_355' title='bbox 545 2451 637 2501; x_wconf 88' lang='lat' dir='ltr'><strong>quid</strong></span> <span class='ocrx_word' id='word_1_356' title='bbox 666 2450 910 2499; x_wconf 84' lang='lat' dir='ltr'><strong>signifieetur,</strong></span> <span class='ocrx_word' id='word_1_357' title='bbox 939 2449 1047 2487; x_wconf 90' lang='lat' dir='ltr'><strong>nobis</strong></span> <span class='ocrx_word' id='word_1_358' title='bbox 1075 2449 1230 2501; x_wconf 88' lang='lat' dir='ltr'><strong>quidem</strong></span> <span class='ocrx_word' id='word_1_359' title='bbox 1257 2463 1333 2487; x_wconf 88' lang='lat' dir='ltr'><strong>non</strong></span> <span class='ocrx_word' id='word_1_360' title='bbox 1353 2448 1506 2487; x_wconf 82' lang='lat' dir='ltr'><strong>videtur</strong></span> <span class='ocrx_word' id='word_1_361' title='bbox 1531 2462 1615 2488; x_wconf 86' lang='lat' dir='ltr'><strong>esse</strong></span> 
     </span>
     <span class='ocr_line' id='line_1_41' title="bbox 291 2505 1614 2556; baseline -0.002 -12"><span class='ocrx_word' id='word_1_362' title='bbox 291 2507 460 2545; x_wconf 91' lang='lat' dir='ltr'><strong>dubium.</strong></span> <span class='ocrx_word' id='word_1_363' title='bbox 527 2506 626 2544; x_wconf 86' lang='lat' dir='ltr'><strong>Nam</strong></span> <span class='ocrx_word' id='word_1_364' title='bbox 664 2506 813 2556; x_wconf 83' lang='lat' dir='ltr'><strong>Olymp.</strong></span> <span class='ocrx_word' id='word_1_365' title='bbox 853 2508 917 2551; x_wconf 84' lang='grc'><strong>93,</strong></span> <span class='ocrx_word' id='word_1_366' title='bbox 958 2508 995 2542; x_wconf 89' lang='grc'><strong>4.</strong></span> <span class='ocrx_word' id='word_1_367' title='bbox 1023 2517 1077 2539; x_wconf 86' lang='grc'><strong>--.</strong></span> <span class='ocrx_word' id='word_1_368' title='bbox 1105 2508 1184 2543; x_wconf 90' lang='grc'><strong>405</strong></span> <span class='ocrx_word' id='word_1_369' title='bbox 1225 2519 1258 2543; x_wconf 85' lang='lat' dir='ltr'><strong>a.</strong></span> <span class='ocrx_word' id='word_1_370' title='bbox 1287 2505 1374 2543; x_wconf 89' lang='lat' dir='ltr'><strong>Chr.</strong></span> <span class='ocrx_word' id='word_1_371' title='bbox 1410 2517 1529 2556; x_wconf 89' lang='lat' dir='ltr'><strong>quum</strong></span> <span class='ocrx_word' id='word_1_372' title='bbox 1566 2505 1614 2542; x_wconf 90' lang='lat' dir='ltr'><strong>de</strong></span> 
     </span>
     <span class='ocr_line' id='line_1_42' title="bbox 291 2559 1614 2612; baseline -0.002 -11"><span class='ocrx_word' id='word_1_373' title='bbox 291 2562 470 2608; x_wconf 86' lang='lat' dir='ltr'><strong>ducibus,</strong></span> <span class='ocrx_word' id='word_1_374' title='bbox 508 2561 575 2612; x_wconf 87' lang='lat' dir='ltr'><strong>qui</strong></span> <span class='ocrx_word' id='word_1_375' title='bbox 612 2561 654 2599; x_wconf 91' lang='lat' dir='ltr'><strong>in</strong></span> <span class='ocrx_word' id='word_1_376' title='bbox 681 2573 809 2611; x_wconf 85' lang='lat' dir='ltr'><strong>pugna</strong></span> <span class='ocrx_word' id='word_1_377' title='bbox 846 2561 893 2598; x_wconf 91' lang='lat' dir='ltr'><strong>ad</strong></span> <span class='ocrx_word' id='word_1_378' title='bbox 921 2559 1132 2609; x_wconf 87' lang='lat' dir='ltr'><strong>Arginusas</strong></span> <span class='ocrx_word' id='word_1_379' title='bbox 1160 2563 1313 2611; x_wconf 85' lang='lat' dir='ltr'><strong>propter</strong></span> <span class='ocrx_word' id='word_1_380' title='bbox 1347 2564 1493 2598; x_wconf 65' lang='grc' dir='ltr'><strong>ωσι-ωε</strong></span> <span class='ocrx_word' id='word_1_381' title='bbox 1520 2564 1614 2598; x_wconf 73' lang='lat' dir='ltr'><strong>tem-</strong></span> 
     </span>
     <span class='ocr_line' id='line_1_43' title="bbox 292 2613 1613 2668; baseline -0.002 -12"><span class='ocrx_word' id='word_1_382' title='bbox 292 2622 458 2668; x_wconf 74' lang='lat' dir='ltr'><strong>pestates</strong></span> <span class='ocrx_word' id='word_1_383' title='bbox 495 2620 663 2655; x_wconf 88' lang='lat' dir='ltr'><strong>mortuos</strong></span> <span class='ocrx_word' id='word_1_384' title='bbox 700 2616 833 2655; x_wconf 88' lang='lat' dir='ltr'><strong>tollere</strong></span> <span class='ocrx_word' id='word_1_385' title='bbox 877 2615 1109 2661; x_wconf 86' lang='lat' dir='ltr'><strong>omisissent,</strong></span> <span class='ocrx_word' id='word_1_386' title='bbox 1154 2616 1194 2654; x_wconf 88' lang='lat' dir='ltr'><strong>in</strong></span> <span class='ocrx_word' id='word_1_387' title='bbox 1231 2613 1391 2655; x_wconf 82' lang='lat' dir='ltr'><strong>eomitiis</strong></span> <span class='ocrx_word' id='word_1_388' title='bbox 1427 2620 1613 2663; x_wconf 84' lang='lat' dir='ltr'><strong>ageretur,</strong></span> 
     </span>
     <span class='ocr_line' id='line_1_44' title="bbox 291 2670 1615 2723; baseline -0.004 -11"><span class='ocrx_word' id='word_1_389' title='bbox 291 2686 392 2712; x_wconf 87' lang='lat' dir='ltr'><strong>unus</strong></span> <span class='ocrx_word' id='word_1_390' title='bbox 421 2673 614 2718; x_wconf 72' lang='lat' dir='ltr'><strong>Socrates,</strong></span> <span class='ocrx_word' id='word_1_391' title='bbox 652 2685 766 2723; x_wconf 90' lang='lat' dir='ltr'><strong>quem</strong></span> <span class='ocrx_word' id='word_1_392' title='bbox 799 2670 1019 2720; x_wconf 88' lang='lat' dir='ltr'><strong>Xenoph.</strong></span> <span class='ocrx_word' id='word_1_393' title='bbox 1057 2671 1172 2710; x_wconf 79' lang='lat' dir='ltr'><strong>Mem.</strong></span> <span class='ocrx_word' id='word_1_394' title='bbox 1200 2672 1232 2718; x_wconf 91' lang='grc' dir='ltr'><strong>Ι,</strong></span> <span class='ocrx_word' id='word_1_395' title='bbox 1265 2673 1307 2717; x_wconf 91' lang='lat'><strong>1,</strong></span> <span class='ocrx_word' id='word_1_396' title='bbox 1350 2671 1411 2708; x_wconf 81' lang='lat'><strong>18.</strong></span> <span class='ocrx_word' id='word_1_397' title='bbox 1438 2670 1504 2708; x_wconf 89' lang='lat' dir='ltr'><strong>illo</strong></span> <span class='ocrx_word' id='word_1_398' title='bbox 1530 2670 1615 2721; x_wconf 85' lang='lat' dir='ltr'><strong>ipso</strong></span> 
     </span>
     <span class='ocr_line' id='line_1_45' title="bbox 291 2724 1615 2786; baseline -0.002 -18"><span class='ocrx_word' id='word_1_399' title='bbox 291 2729 352 2774; x_wconf 86' lang='lat' dir='ltr'><strong>die</strong></span> <span class='ocrx_word' id='word_1_400' title='bbox 380 2733 587 2782; x_wconf 86' lang='lat' dir='ltr'><strong>prytanum</strong></span> <span class='ocrx_word' id='word_1_401' title='bbox 614 2724 830 2786; x_wconf 65' lang='grc' dir='ltr'><strong>ἐπιστάτην</strong></span> <span class='ocrx_word' id='word_1_402' title='bbox 857 2727 974 2765; x_wconf 84' lang='lat' dir='ltr'><strong>fuisse</strong></span> <span class='ocrx_word' id='word_1_403' title='bbox 1001 2726 1151 2775; x_wconf 87' lang='lat' dir='ltr'><strong>scribit,</strong></span> <span class='ocrx_word' id='word_1_404' title='bbox 1188 2725 1413 2766; x_wconf 71' lang='lat' dir='ltr'><strong>auctoritate</strong></span> <span class='ocrx_word' id='word_1_405' title='bbox 1448 2738 1519 2764; x_wconf 85' lang='lat' dir='ltr'><strong>sua</strong></span> <span class='ocrx_word' id='word_1_406' title='bbox 1544 2726 1615 2770; x_wconf 54' lang='lat' dir='ltr'><strong>ima·</strong></span> 
     </span>
    </p>
   </div>
  </div>
 </body>
</html>
