1696 3008
185 167 214 208 4
713 168 1059 206 PRAEFATIO

188 279 339 320 dicendi
360 278 615 331 disciplinam,
638 291 713 331 qua
735 281 762 319 ii
782 291 917 321 omnes
944 278 1003 319 vel
1026 280 1190 320 maxime
1211 279 1382 330 indigere
1403 279 1583 320 videban-

189 341 271 380 tur,
301 337 365 388 qui
396 334 533 379 vellent
560 336 598 374 in
626 347 693 375 sua
721 337 894 388 ipsorum
923 337 1071 375 civitate
1102 336 1149 375 ad
1178 334 1343 387 aliquam
1363 335 1525 386 gloriam
1547 340 1585 374 et

189 393 456 431 auctoritatem
478 393 692 442 pervenire.
735 392 886 432 Etenim
907 391 1092 443 quidquid
1115 390 1171 430 vel
1192 391 1239 430 ad
1260 390 1474 431 disserendi
1492 390 1584 430 sub·

190 447 364 486 tilitatem
387 447 444 486 vel
465 447 512 485 ad
536 446 687 486 dicendi
709 447 928 487 facultatem
951 449 1145 499 pertinere
1166 446 1380 496 videretur,
1412 447 1451 486 id
1471 458 1585 486 omne

190 503 251 542 ille
273 503 446 542 doctrina
467 508 505 541 et
533 503 768 542 institutione
790 516 857 542 sua
887 502 1111 554 complexus
1139 509 1210 542 est.
1269 503 1399 554 ltaque
1427 513 1585 553 operam

191 558 296 598 dedit
312 558 596 609 grammaticae,
618 571 732 610 quam
754 561 866 598 etiam
887 560 1039 610 scriptis
1059 558 1278 601 illustravit;
1301 558 1475 597 tractavit
1495 559 1585 597 item

192 615 444 659 rhetoricam,
481 615 589 654 cuius
624 614 830 654 efficaciam
862 620 975 666 atque
1009 616 1080 653 vim
1110 626 1251 665 augere
1281 619 1319 653 et
1352 612 1585 665 amplificare

191 670 336 709 studuit
356 671 556 721 adsumpta
579 676 778 720 poetarum
800 672 1128 722 interpretatione,
1152 682 1250 721 quae
1270 668 1507 720 singulorum
1529 667 1585 707 lo-

193 738 329 765 corum
351 727 561 765 sententias
582 726 771 766 subtiliter
793 728 1011 771 rimaretur,
1043 727 1291 777 omniumque
1312 725 1586 764 studiosissime

193 782 401 821 elaboravit
419 783 458 820 in
481 781 701 827 dialecticis,
725 787 765 822 ut
785 783 880 821 adeo
902 783 1137 822 Socraticam
1158 781 1378 832 disputandi
1398 781 1586 820 rationem

193 838 476 890 quodammodo
493 838 698 888 praeivisse
721 837 777 877 vel
794 838 1016 878 formavisse
1032 839 1221 877 iudicatus
1242 835 1340 887 sit9).

276 893 350 939 Qui
368 905 484 944 quum
506 895 677 944 magistri
700 906 839 933 munus
855 907 1002 949 sum-ma
1025 906 1111 933 cum
1132 894 1244 932 laude
1256 891 1452 944 obiret¹⁰),
1478 890 1587 931 multi

194 950 275 990 eius
304 949 520 1000 exemplum
547 950 667 989 secuti
691 955 814 989 artem
843 950 1092 1001 sophisticam
1121 950 1287 1001 professi
1307 954 1406 993 sunt,
1430 954 1472 988 ut
1493 947 1588 987 Pro-

194 1006 302 1045 dicus
330 1006 448 1050 Ceus,
480 1005 638 1056 Hippias
664 1005 797 1050 Eleus,
827 1007 987 1056 Gorgias
1017 1006 1247 1051 Leontinus,
1278 1003 1588 1055 Thrasymachus

194 1061 485 1105 Chalcedonius,
515 1061 630 1100 Polus
658 1062 940 1112 Agrigentinus.
979 1061 1026 1100 Ili
1055 1062 1169 1112 igitur
1193 1072 1328 1100 omnes
1352 1066 1390 1099 et
1416 1059 1478 1098 alii
1505 1059 1587 1111 qui-

193 1117 280 1156 dam
307 1116 426 1156 multo
458 1117 502 1155 iis
537 1117 742 1156 inferiores
771 1119 808 1156 in
838 1119 1048 1169 sapientiae
1075 1117 1223 1162 studio,
1254 1116 1357 1168 quod
1382 1116 1587 1166 plerosque

195 1172 357 1212 coluisse
379 1177 539 1218 constat,
567 1185 644 1211 non
668 1173 951 1225 acquieverunt,
984 1173 1049 1212 sed
1072 1174 1282 1224 sapientiae
1302 1170 1511 1211 tradendae
1532 1169 1588 1209 fa-

195 1228 374 1268 cultatem
396 1241 490 1280 prae
513 1241 554 1268 se
576 1228 757 1274 tulerunt,
787 1235 825 1268 et
847 1229 1009 1279 professi
1030 1235 1129 1274 sunt,
1153 1229 1184 1267 si
1200 1229 1284 1280 quis
1303 1239 1371 1266 sua
1391 1224 1588 1277 disciplina

195 1289 379 1329 uteretur,
402 1297 489 1323 eum
510 1297 551 1323 se
572 1285 844 1336 sapientiorem
867 1290 903 1324 et
920 1285 965 1324 ad
984 1285 1189 1324 dicendum
1200 1289 1236 1323 et
1256 1283 1302 1323 ad
1320 1295 1384 1322 res
1400 1281 1589 1333 gerendas

194 1339 423 1379 habiliorem
444 1341 710 1392 aptioremque
731 1341 908 1380 reddere.
949 1341 1002 1380 De
1021 1341 1080 1379 his
1099 1340 1280 1391 sophistis
1303 1351 1401 1390 quae
1421 1337 1483 1377 alii
1508 1349 1587 1377 me-

194 1397 340 1435 moriae
379 1396 656 1447 prodiderunt,
699 1409 742 1436 ea
770 1397 854 1436 fere
882 1397 1009 1436 omnia
1038 1408 1059 1435 a
1087 1396 1242 1436 Platone
1268 1400 1392 1434 sumta
1426 1399 1516 1434 sunt
1542 1405 1587 1433 ex

196 1464 320 1503 eoque
342 1452 444 1491 fonte
467 1453 579 1491 etiam
604 1464 706 1491 nunc
726 1453 872 1492 hauriri
894 1457 1066 1504 possunt.
1106 1451 1212 1491 Plato
1234 1451 1348 1496 enim,
1369 1449 1459 1502 quid
1477 1449 1524 1488 de
1545 1449 1590 1487 iis

195 1509 367 1553 sentiret,
396 1512 461 1547 aut
481 1508 683 1547 occasione
704 1507 829 1548 oblata
852 1508 1019 1548 breviter
1057 1509 1293 1559 significavit,
1316 1512 1382 1546 aut
1397 1505 1590 1557 copiosius

195 1570 233 1603 et
252 1563 379 1603 dedita
401 1575 518 1614 opera
540 1565 733 1614 exposuit,
762 1570 804 1603 ut
823 1576 901 1603 non
925 1576 1047 1616 pauca
1075 1565 1158 1603 eius
1185 1565 1329 1615 scripta
1357 1575 1403 1601 eo
1436 1561 1588 1612 potissi-

194 1631 301 1659 mum
323 1625 500 1670 spectare
522 1619 731 1664 videantur,
771 1626 813 1659 ut
834 1633 910 1671 quo
938 1620 1080 1659 nitatur
1105 1619 1354 1658 fundamento
1376 1617 1438 1655 illa
1461 1615 1589 1667 sophi-

197 1681 344 1714 starum
365 1675 568 1726 professio,
597 1676 823 1715 ostendatur
850 1676 1136 1727 legentiumque
1165 1675 1213 1714 de
1233 1687 1278 1714 ea
1305 1686 1348 1713 re
1368 1673 1510 1712 iudicio
1531 1671 1591 1710 lu-

196 1743 286 1770 men
309 1731 491 1770 afferatur
514 1731 782 1771 clarissimum.
813 1731 856 1771 ln
877 1732 937 1770 his
958 1733 1073 1781 igitur
1092 1731 1198 1770 libris
1214 1732 1290 1770 iam
1314 1729 1404 1768 inde
1423 1728 1589 1778 antiqui-

197 1793 258 1826 tus
279 1787 340 1825 hic
361 1786 548 1837 dialogus,
571 1792 613 1826 ut
633 1800 679 1827 ex
698 1785 761 1827 illa
778 1800 894 1839 quam
915 1788 1124 1827 memoravi
1143 1786 1396 1838 Inscriptione
1417 1788 1589 1836 apparet,

200 1855 300 1883 unus
330 1843 501 1882 omnium
522 1845 688 1883 maxime
713 1843 867 1883 habitus
887 1849 955 1883 est.

281 1899 359 1938 lam
390 1911 479 1938 vero
501 1898 574 1938 alia
594 1899 685 1938 inde
703 1900 873 1939 nascitur
895 1900 1079 1950 quaestio,
1103 1911 1195 1950 qua
1222 1910 1273 1937 ra
1287 1899 1420 1937 tione
1450 1894 1590 1935 Plato

197 1953 252 1993 de
271 1954 510 2005 sophistis
530 1956 698 2006 egerit.
737 1955 835 1994 Sunt
854 1957 956 1995 enim
973 1955 1042 1993 viri
1064 1955 1213 1994 doctiet
1229 1955 1398 1998 fuerunt,
1419 1952 1485 2004 qui
1506 1950 1590 2002 phi-

195 2009 400 2061 losophum
411 2016 615 2050 censerent
631 2023 708 2050 non
719 2024 762 2050 ea
783 2023 857 2062 qua
875 2023 944 2063 par
964 2016 1022 2050 est
1039 2009 1354 2061 animiprobitate
1375 2013 1415 2048 et
1432 2006 1590 2057 integri-

200 2071 275 2106 tate
296 2067 334 2104 in
356 2065 420 2104 illo
441 2073 669 2118 argumento
693 2073 885 2106 versatum
910 2079 1005 2107 esse.
1043 2067 1187 2106 Invidia
1206 2071 1333 2104 motus
1353 2070 1391 2104 et
1420 2064 1505 2103 vitia
1525 2074 1591 2101 eo·

198 2133 287 2161 rum
309 2122 459 2161 auxisse
494 2127 531 2161 et
560 2123 719 2162 virtutes
754 2122 991 2173 depressisse
1012 2123 1185 2161 oratione
1205 2121 1359 2161 dicitur.
1412 2119 1455 2159 lu
1476 2129 1590 2170 quam

196 2178 430 2217 sententiam
452 2190 551 2229 quae
581 2184 668 2216 ante
694 2178 883 2217 ducentos
904 2179 1179 2229 quinquaginta
1207 2177 1288 2216 fere
1311 2187 1432 2216 annos
1460 2174 1591 2225 dispu-

198 2235 290 2272 tavit
318 2232 525 2272 Cresollius
558 2235 596 2272 in
626 2233 657 2271 T
661 2234 794 2273 heatro
818 2240 988 2273 veterum
1017 2233 1287 2284 rhetorum¹¹)‚
1318 2244 1362 2271 ea
1391 2243 1489 2282 quae
1517 2229 1593 2268 huc

198 2289 450 2328 subiiciantur
471 2289 585 2340 digna
606 2296 707 2331 sunt.
741 2289 776 2329 ls
806 2290 921 2340 igitur
955 2289 1020 2328 lib.
1044 2290 1058 2328 1
1079 2302 1111 2328 c.
1134 2293 1178 2330 5:
1207 2288 1314 2327 Plato
1335 2287 1503 2339 quidem,
1534 2286 1593 2323 in-

199 2346 300 2397 quit,
327 2345 519 2396 sophistas
545 2351 673 2390 vexat,
716 2346 783 2397 qui
825 2345 1000 2384 homines
1040 2345 1161 2396 gloria
1192 2349 1229 2384 et
1267 2343 1440 2394 pecuniis
1476 2351 1593 2391 supra

198 2412 354 2440 omnem
378 2402 587 2441 hominum
597 2402 819 2454 opinionem
842 2401 1113 2453 locupletatoS,
1137 2400 1347 2441 earundem
1365 2400 1447 2450 ipse
1462 2407 1593 2436 rerum

293 2580 327 2621 9)
353 2580 395 2613 V.
414 2580 531 2623 Diog.
550 2582 673 2615 Laert.
692 2581 758 2621 111,
776 2580 831 2615 37.
850 2580 912 2619 lx,
930 2582 983 2614 57.
1394 2616 1403 2629 ‚

268 2626 323 2667 10)
348 2625 441 2659 Men.
472 2635 505 2667 p.
529 2628 569 2657 91
594 2626 643 2657 E:
680 2621 785 2668 οἶμαι
814 2620 885 2669 γὰρ
921 2620 1040 2659 αὐτὸν
1068 2618 1350 2669 (Πρωταγόραν)
1379 2622 1595 2656 αποθανεΐν

201 2664 310 2713 ἐγγὺς
326 2667 391 2702 καὶ
409 2663 667 2712 ἑβδομήκοντα
685 2666 748 2713 ἔτη
771 2664 967 2714 γεγονότα,
994 2665 1266 2712 τετταράκοντα
1288 2665 1331 2701 δὲ
1355 2662 1395 2701 ἓν
1419 2667 1463 2711 τῇ
1486 2664 1595 2710 τέχνῃ

199 2708 310 2747 ὄντα·
328 2712 394 2747 καὶ
410 2709 451 2747 ἐν
466 2707 606 2747 ἅπαντι
625 2715 674 2759 τῷ
692 2709 809 2758 χρόνῳ
827 2710 943 2757 τούτῳ
961 2711 1013 2747 ἔτι
1034 2712 1087 2754 εἰς
1103 2709 1173 2758 τὴν
1195 2709 1338 2790 ἠὸιέραν
1355 2710 1512 2755 ταυτηνὶ
1531 2704 1594 2744 εὖ·

200 2758 368 2802 δοκιμῶν
384 2754 498 2792 οὐδὲν
514 2756 723 2794 πέπαυται.
741 2760 836 2792 conf.
853 2759 896 2792 de
914 2770 987 2802 rep.
1006 2761 1047 2792 X.
1074 2770 1107 2802 p.
1125 2760 1190 2792 600
1238 2783 1246 2789 .

268 2803 322 2844 11)
347 2804 510 2836 Insertns
528 2807 585 2836 est
601 2804 660 2836 hic
677 2804 769 2837 liber
784 2803 959 2837 Lndovici
977 2803 1159 2845 Cresollii,
1175 2802 1349 2835 Armoriei
1374 2813 1392 2834 e
1417 2800 1593 2833 societate

199 2847 306 2888 Jesn,
322 2848 403 2883 Jac.
421 2848 594 2881 Gronovii
610 2849 797 2881 Thesauro
812 2848 985 2881 Graecar.
1004 2848 1195 2890 Antiquitt.
1212 2847 1283 2881 vol.
1300 2847 1343 2882 X.
