1676 2938
416 217 490 256 AD
519 214 763 256 GORGIAM
791 212 1062 253 PLATONIS.
1367 211 1416 247 13

66 333 212 372 tionem
238 331 457 370 habendam
484 342 566 368 esse
596 329 670 377 ait,
709 340 805 380 quos
833 330 1015 366 vereatur
1042 338 1092 364 ne
1121 325 1261 363 harum
1288 335 1420 362 rerum

66 389 238 429 taedium
265 388 343 426 iam
371 387 438 426 diu
466 385 620 436 ceperit.
679 385 755 424 Sed
783 387 937 424 tantum
974 384 1100 430 abest,
1139 381 1182 420 hi
1209 384 1255 419 ut
1292 379 1327 418 ei
1360 393 1419 418 as-

67 445 295 492 sentiantur,
324 447 369 482 ut
397 456 526 481 omnes
555 455 596 481 se
624 442 698 480 hoc
725 440 913 493 colloquio
942 439 1101 478 mirifice
1120 437 1302 477 delectari
1321 436 1420 475 fate-

69 506 194 541 antur.
252 500 439 542 Quocirca
467 499 647 548 Gorgias,
687 512 736 536 ne
767 510 941 536 caussam
970 510 1080 535 suam
1117 495 1284 546 turpiter
1312 494 1420 532 dese-

67 559 191 597 ruisse
220 558 415 604 videatur,
456 556 650 594 Socratem
685 555 793 593 iubet
821 566 1074 606 quaecunque
1102 551 1272 592 voluerit
1300 551 1420 589 inter-

68 628 223 664 rogare:
253 627 293 652 se
323 613 426 652 enim
445 613 494 651 ad
515 611 642 650 omnia
662 625 744 650 esse
763 624 1050 661 responsurum.
1081 611 1123 648 P.
1147 607 1420 647 458.B.—D.

71 672 274 721 ——Itaque
302 670 388 708 ille:
418 669 522 707 Audi
542 669 629 716 iam,
658 668 797 720 inquit,
828 681 849 706 o
868 669 979 714 bone,
1011 667 1103 718 quid
1123 666 1219 703 mihi
1247 665 1289 703 in
1308 677 1421 715 supe-

68 728 167 766 riore
195 726 455 776 disputatione
491 731 560 764 tua
593 725 734 763 mirum
764 724 954 763 acciderit.
1014 723 1211 762 Profiteris
1249 721 1354 760 enim
1382 725 1421 759 te

69 783 312 823 institutione
341 796 385 821 ac
414 782 616 832 disciplina
654 787 722 821 tua
761 781 856 820 alios
894 781 1053 819 reddere
1090 793 1202 830 posse
1240 782 1421 825 oratores,

71 840 139 892 qui
177 853 303 878 coram
341 839 482 890 populo
519 839 567 877 de
614 839 791 877 omnibus
830 838 945 876 rebus
983 836 1234 887 probabiliter
1282 834 1423 873 dicturi

71 897 160 944 sint,
188 897 304 947 idque
334 896 398 943 sic,
427 899 473 934 ut
500 908 578 933 non
605 896 778 942 doceant,
807 895 874 933 sed
903 894 1171 947 persuadeant.
1218 892 1345 941 Igitur
1373 904 1423 929 ex

70 958 140 992 tua
168 952 362 992 sententia
388 952 532 990 inscius
571 953 674 1002 apud
711 951 852 989 inscios
880 950 1005 1000 perito
1044 949 1146 988 dicet
1172 948 1422 999 probabilius,

72 1022 143 1047 nec
170 1022 266 1059 opus
295 1009 369 1047 erit
398 1008 559 1055 oratori,
589 1012 634 1046 ut
663 1008 849 1059 cuiusque
877 1007 944 1054 rei,
975 1008 1023 1045 de
1052 1020 1130 1058 qua
1157 1006 1331 1045 dicturus
1360 1004 1422 1051 sit,

71 1066 152 1104 vim
181 1071 220 1104 et
248 1070 427 1103 naturam
454 1064 713 1117 perspexerit;
753 1063 897 1102 sufficit
924 1063 1054 1113 potius
1083 1063 1238 1114 aliquod
1266 1074 1423 1112 persua-

72 1122 187 1160 dendi
215 1121 421 1160 artificium
439 1125 582 1168 tenere,
611 1134 687 1172 quo
717 1121 886 1172 quidque
906 1120 1086 1159 videatur
1105 1119 1244 1158 melius
1262 1119 1424 1157 rectius-

73 1191 148 1230 que
177 1178 371 1227 cognitum
398 1179 553 1225 habere,
582 1191 699 1229 quam
727 1177 802 1216 viri
821 1178 1030 1227 prudentes
1055 1190 1098 1215 ac
1117 1176 1244 1226 periti.
1273 1177 1422 1214 P.458.

72 1235 289 1273 D.-—459.
319 1235 359 1273 O.
417 1235 487 1274 Ait
513 1234 675 1283 Gorgias
703 1235 776 1272 hoc
803 1234 859 1272 ita
888 1247 991 1280 esse,
1030 1233 1071 1271 in
1101 1246 1222 1284 eaque
1258 1246 1300 1271 re
1330 1232 1423 1270 dicit

74 1291 178 1329 cerni
206 1304 322 1342 quam
349 1291 516 1328 maxime
555 1290 649 1328 artis
676 1290 889 1328 rhetoricae
927 1290 1113 1329 virtutem
1153 1302 1197 1328 ac
1225 1293 1424 1339 praestan-

74 1347 179 1385 tiam.
236 1347 336 1384 Tum
363 1346 483 1395 igitur
511 1347 704 1385 Socrates:
746 1347 805 1384 De
843 1347 916 1384 hoc
953 1359 1045 1385 vero
1083 1349 1311 1395 argumento
1348 1346 1424 1384 dis-

73 1402 294 1452 putabimus
323 1402 429 1449 alias‚
459 1402 492 1440 si
522 1415 598 1453 qua
616 1416 710 1452 opus
727 1402 865 1449 fuerit3
895 1415 999 1440 nunc
1026 1402 1123 1440 illud
1150 1403 1278 1452 potius
1307 1415 1424 1454 quae-

74 1472 223 1506 ramus,
260 1459 438 1497 valeatne
467 1459 569 1497 idem
597 1459 645 1496 de
673 1459 776 1498 iusto
805 1463 922 1510 atque
959 1459 1129 1498 iniusto:
1173 1458 1277 1500 Quid
1305 1459 1426 1509 igitur

76 1514 231 1553 censes?
259 1529 354 1553 num
380 1515 522 1562 rhetor,
553 1516 729 1564 neglecta
756 1516 838 1555 veri
865 1515 1092 1564 cognitione,
1124 1516 1205 1554 solo
1225 1530 1320 1554 usus
1339 1529 1424 1566 per-

76 1572 261 1609 suadendi
289 1571 451 1610 artificio
469 1571 510 1609 id
530 1572 682 1619 efficiet,
711 1575 757 1610 ut
777 1573 879 1622 apud
898 1572 1123 1622 insipientes
1141 1574 1261 1611 verba
1279 1573 1424 1611 faciens

75 1627 221 1666 iustum
240 1631 279 1667 et
298 1628 487 1666 iniustum
505 1629 643 1666 melius
662 1629 836 1678 sapiente
856 1629 1052 1678 cognitum
1071 1630 1214 1668 habere
1233 1629 1423 1677 videatur,

77 1697 128 1722 an
155 1684 208 1731 ei,
249 1684 316 1736 qui
341 1684 559 1724 rhetoricen
586 1689 836 1735 percepturus
866 1685 935 1733 sit,
975 1699 1131 1724 necesse
1167 1699 1251 1725 esse
1279 1687 1424 1725 iudica-

76 1740 223 1788 bimus,
253 1744 317 1788 ut,
346 1741 570 1793 priusquam
599 1742 647 1780 ad
676 1755 760 1780 eam
788 1743 1029 1781 tractandam
1058 1744 1232 1791 accedat,
1262 1743 1357 1782 iusti
1386 1747 1426 1782 et

77 1796 231 1844 iniusti,
268 1797 392 1847 turpis
420 1801 460 1836 et
485 1798 657 1845 honesti,
698 1798 787 1836 boni
817 1803 858 1838 et
884 1799 975 1837 mali
1005 1799 1220 1849 cognitione
1248 1800 1326 1838 iam
1354 1800 1424 1837 im-

76 1854 195 1891 butus
231 1853 306 1892 sit?
344 1857 476 1893 utrum
513 1854 633 1904 igitur
668 1859 731 1902 tn,
771 1855 865 1894 artis
903 1855 1008 1894 illius
1047 1856 1193 1894 scilicet
1229 1857 1424 1906 magister,

74 1909 214 1947 horum
241 1910 412 1948 omnium
439 1911 538 1949 nihil
563 1912 692 1950 trades
720 1911 917 1961 discipulis
952 1912 1030 1950 tuis
1059 1912 1280 1964 efficiesque
1314 1913 1425 1952 insti-

76 1965 226 2004 tutione
253 1970 333 2013 tua,
363 1970 408 2005 ut
434 1967 503 2014 illi,
533 1968 708 2018 quamvis
736 1968 829 2006 iusti
859 1972 899 2007 et
925 1968 1062 2007 iniusti
1079 1969 1228 2007 nullam
1256 1970 1426 2008 habeant

75 2021 264 2069 notitiam,
293 2027 423 2061 tamen
450 2023 690 2062 multitudini
709 2024 914 2064 videantur
934 2024 1016 2063 eius
1042 2025 1258 2075 cognitione
1278 2031 1425 2066 ceteros

77 2078 323 2126 antecellere;
364 2092 414 2117 an
444 2092 493 2118 ne
521 2080 664 2130 poteris
693 2080 848 2132 quidem
884 2081 1064 2133 cuiquam
1101 2083 1319 2122 rhetoricen
1346 2088 1424 2123 tra—

77 2134 186 2182 dere,
224 2134 300 2173 nisi
329 2135 415 2187 quis
443 2135 520 2174 iam
549 2141 639 2175 ante
668 2137 890 2186 cognoverit
925 2138 1098 2177 iustitiae
1133 2139 1426 2192 iniustitiaeque

77 2194 255 2229 naturam
282 2196 322 2230 et
348 2192 562 2231 rationem?
597 2195 639 2232 P.
670 2197 762 2232 459.
792 2195 1004 2233 C.—-460.
1035 2197 1083 2233 A.
1122 2196 1301 2235 Sentiens
1330 2198 1425 2236 Gor-

78 2246 172 2294 gias,
201 2261 383 2298 quorsum
400 2249 497 2287 haec
515 2254 699 2300 spectent,
728 2264 778 2289 ne
798 2250 890 2302 quid
911 2252 1066 2290 absurdi
1085 2252 1228 2291 dixisse
1247 2254 1426 2293 videatur

79 2305 147 2341 aut
175 2303 311 2342 deinde
339 2305 462 2355 turpis
490 2307 627 2345 erroris
657 2312 901 2356 coarguatur,
931 2309 1125 2359 Equidem
1153 2310 1336 2358 arbitror,
1366 2311 1424 2349 in-

78 2359 183 2410 quit,
225 2360 399 2409 Socrate,
437 2362 532 2400 haec
561 2376 714 2414 quoque
752 2377 802 2402 ex
829 2378 915 2402 mea
952 2365 1155 2415 disciplina
1191 2367 1424 2407 hausturum

78 2428 162 2453 esse
200 2429 308 2464 eum,
356 2417 423 2468 qui
469 2431 602 2457 eorum
638 2420 757 2459 fuerit
793 2421 950 2470 ignarus
992 2426 1031 2460 et
1068 2422 1282 2472 imperitus.
1350 2425 1424 2462 Sed

78 2485 312 2536 quamquam
341 2474 436 2512 haee
463 2475 557 2514 satis
586 2480 696 2515 caute
725 2480 765 2516 et
792 2478 1002 2527 prudenter
1037 2480 1254 2529 respondit,
1294 2484 1425 2519 tamen

79 2541 128 2566 ne
157 2529 212 2567 sic
240 2530 396 2580 quidem
425 2531 561 2581 effugit
587 2536 751 2572 structas
789 2534 824 2572 ei
853 2534 1024 2572 insidias.
1082 2534 1212 2576 Quum
1251 2537 1355 2575 enim
1383 2538 1424 2575 in

79 2585 339 2634 superioribus
367 2586 530 2627 dixisset
555 2602 632 2627 non
661 2603 744 2628 esse
763 2590 856 2629 artis
884 2591 1097 2630 rhetoricae
1115 2593 1310 2641 magistris
1329 2594 1425 2633 vitio

78 2643 318 2690 vertendum,
348 2643 380 2681 si
407 2643 576 2693 ipsorum
603 2646 781 2696 discipuli
809 2651 891 2685 arte
912 2661 983 2685 sua
1009 2649 1231 2696 abutantur,
1262 2650 1425 2702 ideoque

79 2698 325 2738 concessisset
352 2713 463 2750 posse
490 2700 678 2740 iniustum
705 2716 788 2741 esse
807 2707 1006 2752 oratorem,
1037 2705 1239 2744 Socrates
1228 2720 1306 2744 iam
1335 2709 1424 2745 sub-

76 2753 198 2792 tiliter
224 2756 358 2794 docere
395 2756 567 2797 instituit
602 2771 817 2809 repugnare
856 2774 920 2808 ea,
960 2775 1059 2813 quae
1096 2764 1208 2800 modo
1246 2776 1425 2803 concessa
