1682 2944
406 218 479 256 AD
509 215 754 257 Gonnum
781 211 1053 256 PLATONIS.
1356 213 1408 250 59

55 332 158 373 Eum
176 343 268 369 vero
289 331 439 382 Olymp.
453 334 516 376 89,
538 332 574 368 2.
588 343 640 364 ==
653 331 732 366 423
754 341 787 366 a.
799 327 887 366 Chr.
907 329 1113 367 venustate
1131 325 1295 366 iuvenili
1314 325 1407 364 emi-

59 388 191 427 nuisse
218 401 341 440 eoque
368 386 522 426 nomine
550 386 755 426 admodum
788 384 910 424 fuisse
939 385 1175 424 celebratum
1202 382 1297 423 satis
1325 395 1410 433 per-

57 444 218 495 spicitur
235 457 257 483 e
273 443 411 495 Vespis
430 442 704 493 Aristophanis
721 454 822 481 vers.
840 442 891 481 97
904 454 1022 493 seqq„
1041 453 1140 493 quae
1160 440 1295 478 fabula.
1310 442 1412 479 teste

60 501 278 550 argumenti
295 500 478 551 scriptore
505 512 551 539 eo
573 512 673 538 anno
703 502 790 538 acta
816 501 886 537 est.
925 498 1062 549 Neque
1081 497 1180 536 nihil
1205 497 1332 535 facere
1353 495 1412 534 vi-

60 559 175 597 detur
193 559 242 596 ad
269 556 601 598 communiendam
622 555 729 594 illius
754 554 970 594 sententiae
1003 554 1120 593 fidem
1149 557 1189 594 et
1207 552 1412 592 auctorita-

60 618 151 661 tem,
180 614 282 665 quod
308 627 345 664 p.
367 614 418 653 47
424 616 460 651 2.
481 614 529 652 A.
548 612 678 651 Nicias
707 614 747 651 et
764 612 1022 651 Aristocrates
1047 611 1232 651 videntur
1248 610 1290 648 in
1308 609 1412 648 vivis

61 669 266 718 numerari,
285 683 449 722 quorum
467 670 633 709 alterum
643 669 794 720 Olymp.
807 671 872 716 91,
887 672 923 706 4.
937 682 990 702 =
1003 670 1082 706 413
1095 681 1127 707 a.
1142 668 1230 706 Chr.
1240 665 1412 717 periisse,

62 727 227 766 alterum
255 727 407 778 Olymp.
430 729 495 774 93,
516 730 551 765 3.
573 740 627 761 -τε
648 730 729 765 406
759 739 793 764 a.
813 726 902 764 Chr.
922 724 1108 775 supplicio
1126 725 1310 763 affectum
1329 735 1413 762 esse

61 783 174 822 certis
202 788 353 822 constat
370 782 639 822 historicorum
656 782 900 830 testimoniis,
928 796 966 821 v.
995 781 1214 832 Thucyd.
1244 781 1337 827 VH,
1361 782 1410 817 18

62 853 167 892 seqq.
187 841 317 880 Plut.
337 840 415 880 Vit.
435 840 518 878 Nic.
541 852 571 878 c.
584 842 648 877 28.
670 843 710 879 et
727 840 944 891 Thucyd.
964 840 1011 887 V,
1027 842 1088 878 19.
1102 841 1165 878 24.
1183 836 1413 889 Xenoph.

62 897 165 937 Heu.
194 897 228 943 I,
258 901 294 944 6,
326 900 389 935 29.
418 897 565 935 Verum
593 896 696 935 enim
724 910 815 936 vero
844 896 936 935 licet
962 897 1059 935 haec
1081 896 1210 935 omnia
1237 896 1294 946 ita
1312 908 1413 934 com-

60 956 195 1003 parata.
214 953 305 1000 sint,
332 957 378 992 ut
406 953 586 1005 colloquii
605 966 759 992 scenam
786 953 829 991 in
846 953 938 991 belli
957 953 1273 1003 Peloponnesiaci
1301 953 1415 992 initia

59 1010 328 1050 conferendam
357 1023 441 1049 esse
468 1011 629 1060 probare
648 1010 867 1058 videantur,
895 1013 1027 1049 tamen
1054 1023 1126 1049 nec
1152 1023 1277 1061 pauca
1307 1014 1411 1058 sunt,

58 1063 157 1130 quae
184 1079 264 1105 non
289 1067 416 1107 levem
444 1079 492 1105 ea.
526 1067 574 1105 de
602 1080 643 1106 re
670 1067 846 1106 iniiciant
874 1067 1155 1106 dubitationem
1184 1071 1300 1119 atque
1333 1067 1410 1105 alia

58 1123 186 1162 omnia
202 1124 401 1163 suadeant.
430 1123 607 1162 Pertinet
633 1124 711 1162 huc
729 1124 906 1174 primum,
936 1125 1038 1176 quod
1066 1138 1103 1174 p.
1125 1128 1218 1162 484.
1243 1125 1288 1162 E.
1318 1127 1412 1162 486.

61 1180 104 1219 Β.
124 1193 229 1232 seqq.
250 1184 290 1219 et
308 1194 344 1230 p.
367 1184 460 1219 493.
478 1181 523 1218 E.
551 1181 764 1230 complures
783 1194 918 1220 versus
946 1194 996 1219 ex
1015 1181 1213 1231 Euripidis
1240 1181 1415 1231 Antiopa

56 1237 279 1283 recitantur,
288 1236 345 1275 ita
362 1236 529 1288 quidem,
539 1240 584 1275 ut
592 1237 682 1275 inde
698 1238 817 1276 etiam
830 1251 1010 1286 magnam
1031 1242 1181 1288 partem
1193 1237 1414 1286 argumenti

57 1293 212 1332 fabulae
231 1305 512 1342 cognoscamus,
531 1294 580 1332 de
599 1306 677 1345 qua
696 1294 796 1332 dixit
815 1295 931 1343 Aug.
951 1294 1207 1333 Matthiae
1236 1295 1411 1344 Euripid.

60 1349 156 1399 Opp.
187 1349 230 1388 Τ.
258 1349 333 1388 IX.
370 1364 407 1400 p.
438 1352 488 1388 72
519 1363 624 1401 seqq.
693 1351 791 1388 Eam
827 1364 920 1389 vero
958 1351 1130 1389 fabulam
1167 1365 1246 1389 non
1283 1351 1412 1390 multo

59 1410 149 1444 ante
176 1407 306 1444 Ranas
324 1405 608 1456 Aristophanis,
639 1407 678 1444 h.
698 1420 730 1445 e.
760 1421 838 1445 non
865 1407 987 1446 multo
1017 1411 1108 1446 ante
1128 1407 1356 1459 Olymp.93,
1371 1412 1407 1446 3.

64 1476 117 1496 =
150 1466 230 1501 406
261 1476 294 1501 a..
324 1463 412 1501 Chr.
441 1476 478 1501 n.
509 1463 660 1501 doctam
687 1477 771 1502 esse
798 1468 908 1514 patet
946 1477 996 1502 ex
1021 1469 1151 1503 annot.
1181 1464 1411 1503 scholiastae

61 1519 110 1557 ad
137 1519 234 1557 Ran.
263 1532 363 1558 vers.
386 1523 462 1567 35„
490 1519 558 1558 ubi
587 1533 655 1558 cur
679 1520 721 1558 in
738 1520 860 1559 Ranis
878 1522 1135 1568 Andromeda,
1164 1521 1243 1559 iam
1262 1521 1411 1560 diutius

59 1575 101 1614 in
129 1589 282 1615 scenam
308 1576 512 1626 producta,
550 1589 622 1615 nec
659 1577 788 1627 potius
827 1577 925 1616 aliae
962 1578 1184 1627 tragoediae
1212 1578 1411 1628 Euripidis

60 1645 184 1682 nuper
211 1633 365 1671 demum
392 1636 500 1671 actae
530 1637 755 1684 carpantur,
794 1634 856 1672 his
884 1635 1014 1673 verbis
1042 1635 1272 1674 declaravit.
1318 1635 1415 1673 Τῶν

61 1686 284 1728 καλλίστων
312 1685 534 1741 Εὐριπίδου
565 1688 703 1742 δρᾶμα
739 1687 765 1741 ἡ
790 1686 1067 1743 Ἀνδρομέὸα.
1107 1689 1174 1730 διὰ
1210 1689 1255 1730 τί
1280 1688 1324 1729 δὲ
1352 1689 1412 1742 μὴ

63 1740 160 1784 ἄλλο
196 1759 236 1784 τι
273 1748 374 1784 τῶν
410 1743 504 1798 πρὸ
536 1742 712 1798 ὀλίγον
752 1744 1129 1798 ὃιδαχθέντων
1164 1747 1229 1786 καὶ
1267 1748 1411 1795 καλῶν,

63 1797 381 1853 ιΥψιπύλης,
416 1802 735 1851 Φοινισσῶν,
767 1799 1081 1855 Ἀντιόπης,·
1108 1801 1134 1855 ἧ
1160 1802 1205 1843 δὲ
1221 1800 1407 1872 Ἀνδρο-

63 1854 170 1907 padda
198 1854 329 1928 ογδόῳ
358 1856 432 1898 ἕπει
460 1859 628 1910 (Olymp.
660 1863 724 1906 91,
756 1859 809 1909 4.)
848 1862 1055 1911 προῆκται.
1095 1857 1177 1899 ἀλλ’
1210 1856 1258 1899 οὗ
1285 1873 1409 1900 συκο-

63 1912 249 1965 φαντητὰ
283 1908 332 1965 ἦν
373 1912 426 1954 τὰ
462 1918 643 1954 τοιαῦτα.
700 1890 786 1954 I'am
821 1930 914 1955 vero
949 1917 1122 1968 Antiopa
1158 1918 1192 1956 si
1229 1920 1318 1956 acta
1355 1920 1416 1956 est

62 1970 166 2011 intra
184 1970 336 2022 Olymp.
358 1973 423 2018 91,
446 1974 482 2009 4.
503 1974 544 2010 et
562 1972 713 2023 Olymp.
734 1976 799 2020 93,
822 1976 931 2011 3.—
878 2001 931 2006 -
953 1977 1032 2011 413
1056 1978 1096 2012 et
1115 1978 1196 2012 406
1218 1987 1250 2012 a.
1262 1975 1351 2012 Chr.
1362 1988 1413 2021 n.,

60 2026 151 2066 licet
177 2040 313 2067 revera
342 2026 541 2078 aliquanto
569 2033 656 2078 post
685 2003 837 2080 Olynip.
869 2032 934 2077 91,
965 2034 1021 2077 4.,
1049 2031 1212 2070 fortasse
1241 2034 1415 2070 extrema

62 2083 213 2134 Olymp.
255 2086 320 2122 92.
358 2084 423 2122 vel
450 2083 611 2124 ineunte
650 2085 800 2136 Olymp.
833 2089 918 2133 93.,
956 2086 998 2124 111
1037 2100 1191 2126 scenam
1227 2089 1416 2138 producta

61 2139 259 2187 videatur,
288 2140 434 2180 mentio
462 2141 579 2179 huius
606 2142 782 2189 fabulae,
820 2143 1047 2193 praesertim
1084 2147 1165 2183 tam
1192 2145 1338 2184 diserta
1376 2148 1417 2183 et

62 2195 224 2246 copiosa,
253 2209 464 2248 sanequam
491 2197 701 2247 plurimum
729 2199 850 2238 officit
878 2213 1013 2238 eorum
1041 2201 1194 2248 rationi,
1224 2202 1292 2253 qui
1320 2201 1414 2240 Gor-

62 2251 149 2301 giae
177 2252 372 2302 dialogum
407 2253 450 2291 in
480 2254 631 2306 Olymp.
663 2259 736 2303 88,
769 2258 806 2293 2.
838 2270 892 2290 ..τ
924 2258 1003 2294 427
1043 2258 1109 2295 vel
1136 2261 1289 2308 tempus
1326 2258 1414 2296 fini-

60 2308 200 2347 timum
235 2309 486 2349 reficiendum
529 2324 614 2350 esse
652 2311 829 2350 arbitrati
866 2316 969 2352 sunt.
1047 2314 1123 2352 Sed
1159 2315 1248 2364 plus
1297 2315 1414 2353 etiam

61 2364 313 2404 dubitationis
350 2366 518 2406 afferunt
562 2380 662 2419 quae
707 2382 744 2418 p.
785 2371 876 2406 519.
914 2371 962 2407 A.
1009 2370 1056 2408 de
1094 2370 1297 2409 Alcibiade
1336 2371 1414 2409 dis-

60 2425 252 2463 seruntur.
310 2421 500 2485 Tangitur
536 2424 641 2462 enim
677 2424 732 2463 ibi
770 2438 849 2463 non
886 2427 1046 2464 obscure
1085 2426 1234 2466 invidia
1269 2427 1328 2465 illi
1369 2432 1416 2466 ut

63 2478 210 2516 homini
238 2478 315 2518 iam
343 2478 384 2517 in
413 2479 609 2529 republica
637 2481 845 2520 clarissimo
875 2482 1061 2530 conflata,
1102 2484 1415 2535 quandoquidem

63 2534 238 2574 Socrates
275 2535 323 2573 de
353 2535 436 2573 eius
473 2536 630 2575 fortuna.
656 2542 833 2576 metuens
871 2539 967 2576 haec
1005 2540 1052 2577 de
1081 2553 1127 2578 eo
1155 2541 1413 2580 vaticinatur:

62 2592 137 2629 σοῦ
165 2588 242 2629 δὲ’
230 2588 327 2637 ἴσως
335 2588 621 2660 ἐπιλήψονται
647 2593 711 2632 και
731 2597 806 2632 τοῦ
831 2593 931 2644 ἐμοῦ
949 2590 1124 2654 ἓταιρου
1124 2592 1410 2646 ’Λλκιβιαδου,

62 2641 159 2687 ὅταν
194 2646 259 2685 καὶ
297 2645 349 2687 τὰ
384 2644 534 2699 ἀρχαῖα
570 2647 903 2702 προςαπολλύωσι
941 2649 1040 2703 πρὸς
1077 2655 1138 2699 οἱς
1178 2650 1412 2704 ἐκτήσαντο,

64 2698 136 2740 οὗκ
154 2700 336 2743 airi’wv
322 2699 450 2743 όντων
479 2707 560 2743 τῶν
576 2709 718 2753 κακῶν,
747 2703 829 2744 ἀλλ’
853 2705 950 2753 ἴσως
969 2707 1198 2748 συναιτιᾞων
1240 2710 1415 2747 Accessit

65 2763 196 2803 autem
224 2760 442 2801 Alcibiades
472 2763 521 2801 ad
548 2763 822 2821 rempublicam
861 2778 939 2805 non
977 2770 1066 2806 ante
1097 2766 1247 2822 Olymp
1280 2769 1413 2816 90,1.
