1682 2944
439 133 514 172 AD
542 130 787 171 GORGIAM
815 130 1087 170 PLATONIS.
1387 132 1439 167 63

88 247 256 285 demicae
284 246 452 285 familiae
482 245 720 285 adversarios
755 245 1023 284 lubentissime
1050 243 1254 282 materiam
1290 242 1442 280 ridendi

89 308 129 342 et
158 304 417 342 calumniandi
453 303 542 340 inde
579 303 846 352 depromturos
883 302 1015 340 fuisse.
1073 301 1111 339 N
1112 313 1188 338 unc
1213 312 1307 338 vero
1345 299 1439 350 quid

87 361 244 399 tandem
270 361 416 399 factum
444 358 644 399 videmus?
671 358 865 397 Nimirum
892 361 1024 397 tacent
1051 370 1097 395 ea
1119 358 1168 395 de
1196 369 1239 395 re
1259 357 1440 408 aequales

90 430 134 455 ac
171 430 375 467 suppares;
412 419 544 455 tacent
579 415 692 454 amici
730 419 770 454 et
806 414 970 462 inimici3
1011 417 1142 453 tacent
1176 413 1360 452 Socratici
1397 425 1442 450 ac

89 487 168 511 non
196 473 398 520 Socratici3
438 475 569 511 tacent
605 471 772 523 denique
809 471 937 509 omnia
975 471 1148 518 saecula,
1187 483 1311 522 usque
1349 470 1443 507 dum

87 531 245 568 taudem
271 531 345 568 hac
371 532 499 568 aetate
526 529 680 579 sapiens
706 529 814 567 istud
840 529 1046 568 inventum
1081 526 1246 577 duplicis
1275 526 1444 565 Socratis

89 587 304 637 epistasiae,
334 586 495 625 alterius
514 585 751 632 temerariae,
781 585 941 624 alterius
960 584 1276 635 sapientissimae,
1295 584 1443 622 factum

90 648 160 691 est,
189 657 264 695 quo
293 643 439 682 scilicet
465 642 628 682 historia
654 654 755 681 novo
775 654 899 694 eoque
918 642 1033 692 plane
1051 641 1207 679 insolito
1228 644 1442 679 commento

89 700 399 750 locupletaretur.
456 699 650 739 Nimirum
678 699 899 751 quicunque
926 699 1054 736 locum
1082 697 1267 745 Platonis,
1298 698 1345 735 de
1365 709 1443 748 quo

90 757 237 806 agitur,
268 757 351 795 sine
378 756 642 807 praeiudicata
669 755 847 806 opinione
876 754 1223 801 consideraverint,
1259 754 1309 792 iis
1339 757 1442 792 certe

90 817 267 864 apertum
302 814 384 852 fore
421 816 603 863 putamus
638 812 746 864 loqui
783 812 838 850 ibi
876 812 1072 851 Socratem
1110 811 1286 850 consulto
1324 811 1372 848 de
1401 823 1443 848 re

89 870 198 919 gravi
227 883 272 908 ac
299 869 399 908 seria
425 870 550 908 iocose
578 873 698 921 atque
724 868 897 907 ridicule.
936 867 1050 910 Quod
1078 867 1182 906 enim
1210 867 1272 907 vir
1290 867 1442 917 sapien-

89 927 262 966 tissimus
298 926 509 965 deliberato
545 926 691 964 fecerat
729 925 908 973 consilio,
957 930 1003 964 ut
1041 937 1090 963 ne
1127 924 1302 963 iustitiae
1339 924 1444 972 leges

89 983 345 1031 violarentur,
390 983 431 1022 id
469 982 604 1021 callide
641 982 807 1021 facetam
843 995 912 1032 per
946 981 1110 1020 ironiam
1147 981 1311 1020 inertiae
1351 993 1444 1019 suae

89 1040 245 1088 tribuit,
289 1053 340 1078 ne
377 1039 523 1078 scilicet
558 1039 696 1086 Polus,
735 1051 902 1091 quocum
939 1038 993 1077 ibi
1033 1038 1285 1090 colloquitur,
1332 1050 1444 1087 porro

90 1098 280 1146 postulet,
318 1100 365 1135 ut
401 1095 545 1146 singuli
583 1096 785 1135 audientes
815 1095 1052 1134 sententiam
1088 1095 1136 1132 de
1165 1095 1214 1133 iis
1241 1095 1358 1133 rebus
1384 1107 1445 1132 ro-

91 1157 242 1202 gentur,
270 1166 371 1205 quae
397 1154 511 1191 modo
539 1153 759 1203 disputatae
788 1152 877 1191 sint.
907 1151 995 1193 Qua
1023 1151 1181 1203 quidem
1208 1151 1444 1190 facetissima

90 1210 265 1248 irrisione
295 1210 562 1249 animadversa
599 1222 675 1261 quo
703 1209 856 1247 facilius
885 1221 1017 1246 omnes
1043 1209 1237 1247 tolluntur
1263 1208 1336 1246 loci
1365 1221 1445 1246 mo-

92 1267 226 1305 lestiae
256 1279 300 1304 ac
327 1266 588 1312 difficultates,
617 1268 728 1304 tauto
756 1265 879 1314 magis
909 1278 956 1303 ea
981 1264 1081 1304 ratio
1108 1277 1178 1315 pro
1204 1277 1299 1304 vera
1327 1277 1444 1314 agno-

93 1324 234 1361 scenda
260 1323 434 1369 videtur,
474 1326 520 1361 ut
555 1323 857 1374 haudquaquam
886 1323 934 1360 ad
971 1322 1114 1359 mirum
1150 1321 1257 1360 istud
1293 1322 1342 1359 de
1371 1322 1442 1359 du-

91 1380 182 1429 plici
211 1379 379 1418 Socratis
397 1378 582 1429 epistasia
609 1383 866 1418 commentum
885 1378 1185 1428 confugiendum
1202 1378 1264 1417 sit.
1302 1378 1446 1416 Incidit

90 1436 211 1485 igitur
238 1436 470 1487 colloquium
497 1435 539 1473 in
558 1435 699 1484 Gorgia
714 1436 903 1483 habitum,
932 1435 1016 1485 ipso
1043 1435 1229 1485 scriptore
1247 1435 1444 1472 luculente

90 1496 270 1540 testante,
299 1493 341 1531 in
369 1492 521 1543 Olymp.
552 1495 624 1540 93,
664 1496 699 1530 4.
731 1505 785 1526 =
815 1496 894 1530 405
926 1492 1091 1539 a.vohr.,
1118 1491 1187 1544 qui
1214 1491 1291 1530 fuit
1318 1504 1444 1529 annus

92 1550 185 1588 belli
223 1549 490 1599 Peloponnesii
528 1548 809 1598 paenultimus,
858 1548 1112 1600 habitumque
1149 1548 1306 1587 videtur
1342 1561 1444 1586 anno

92 1606 272 1653 ineunte,
302 1607 434 1644 eodem
462 1606 543 1644 fere
570 1609 760 1655 tempore,
791 1618 867 1656 quo
895 1606 1029 1643 Ranae
1058 1605 1331 1655 Aristophanis
1359 1609 1445 1643 acta

93 1667 172 1710 est,
211 1663 401 1714 siquidem
429 1675 528 1714 quae
565 1666 699 1712 postea
725 1662 879 1712 publice
916 1666 1028 1711 gesta
1063 1665 1174 1708 sunt,
1212 1675 1259 1700 ea
1286 1665 1443 1712 propter

93 1723 320 1760 eventorum
356 1719 556 1758 tristitiam
593 1718 863 1758 veridissimile
899 1720 1068 1758 reddunt
1110 1718 1339 1768 philosopho
1377 1731 1444 1768 po-

94 1777 235 1815 sterius
272 1780 424 1826 tempus
463 1777 512 1814 ob
550 1775 679 1814 oculos
717 1788 800 1814 esse
829 1779 1037 1814 versatum.
1106 1775 1180 1813 His
1219 1779 1352 1814 autem
1388 1775 1445 1826 ita

92 1833 228 1883 positis
246 1833 446 1884 sequitur,
477 1835 522 1871 ut
559 1832 676 1871 etiam
705 1833 984 1871 ostendendum
1013 1831 1065 1870 sit
1092 1844 1181 1869 cum
1211 1845 1258 1869 ea
1293 1831 1444 1870 ratione

93 1889 243 1940 reliqua
271 1889 409 1936 omnia,
438 1901 538 1939 quae
568 1888 710 1927 criticis
731 1888 955 1938 scrupulum
972 1888 1199 1935 iniecerunt,
1228 1888 1335 1926 nullo
1363 1889 1445 1926 fere

94 1946 250 1994 negotio
287 1945 482 1983 conciliari
518 1958 650 1994 posse,
689 1946 792 1996 quod
819 1945 948 1995 ipsum
976 1945 1190 1983 certissimo
1218 1948 1446 1995 argumento

95 2002 171 2040 erit
216 2014 426 2053 sanequam
461 2001 675 2050 probabilia
711 2015 795 2040 esse
835 2014 934 2053 quae
973 2002 1021 2040 de
1064 2005 1238 2052 tempore
1275 2003 1446 2042 instituti

95 2058 280 2098 sermonis
318 2057 583 2097 iudicavimus.
649 2058 703 2096 Et
739 2058 905 2108 primum
951 2059 1107 2110 quidem
1145 2071 1248 2097 nunc
1287 2064 1447 2110 apparet

94 2115 416 2162 luculentissime,
447 2114 514 2166 qui
541 2114 627 2152 fieri
653 2115 841 2165 potuerit,
886 2118 932 2153 ut
967 2115 1014 2153 iis
1059 2129 1157 2167 quos
1191 2129 1308 2166 supra
1348 2117 1447 2154 iudi-

96 2172 266 2211 cavimus
303 2171 396 2210 locis
430 2171 566 2210 futura
593 2171 760 2210 Socratis
789 2171 981 2210 accusatio
1019 2172 1303 2221 significaretur
1335 2174 1447 2211 adeo-

96 2241 172 2279 que
200 2227 415 2266 criminatio
451 2228 500 2266 de
537 2227 723 2267 iuvenum
757 2228 1018 2279 corruptione,
1057 2242 1174 2280 quam
1203 2233 1444 2269 accusatores

95 2288 230 2334 postea
257 2283 404 2322 homini
429 2284 742 2323 innocentissimo
769 2285 1009 2333 obiecerunt,
1046 2299 1125 2323 non
1154 2287 1314 2324 obscure
1343 2299 1443 2325 oom-

97 2343 386 2379 memoraretur.
422 2339 632 2380 Enimvero
651 2341 810 2390 gliscere
839 2354 931 2380 sane
956 2342 1035 2380 iam
1052 2346 1139 2381 tum
1164 2343 1254 2381 odia
1271 2343 1314 2381 in
1332 2343 1443 2381 illum

97 2400 303 2448 coeperant
329 2396 394 2436 vel
428 2400 650 2447 propterea,
689 2399 791 2449 quod
829 2398 898 2450 qui
933 2398 1025 2436 olim
1058 2399 1143 2437 eius
1181 2399 1444 2438 familiaritate

96 2454 158 2492 usi
185 2456 296 2492 erant
322 2453 364 2491 in
386 2453 583 2503 republica
610 2453 702 2492 clari
730 2467 775 2492 ac
798 2458 976 2504 potentes
1002 2455 1244 2504 exstiterant,
1274 2456 1314 2494 id
1342 2456 1444 2508 quod

95 2509 283 2560 imprimis
310 2511 358 2547 de
386 2509 584 2548 Alcibiade
621 2510 679 2549 ita
714 2510 875 2549 iudicari
908 2515 1078 2561 oportet,
1116 2511 1185 2563 qui
1211 2516 1298 2551 tum
1324 2513 1443 2551 idem-

96 2566 218 2604 tidem
244 2566 377 2616 populi
398 2566 524 2614 gratia
539 2566 744 2614 exciderat,
772 2567 829 2606 ita
856 2570 902 2606 ut
929 2568 1012 2606 eius
1031 2568 1192 2607 consilia
1218 2569 1336 2608 etiam
1363 2581 1444 2606 ma-

98 2622 218 2671 gistro
245 2625 490 2662 verterentur
516 2623 707 2673 opprobio.
764 2623 924 2662 Habent
957 2624 1078 2673 igitur
1115 2625 1174 2663 illi
1200 2626 1275 2663 loci
1312 2638 1444 2663 omnes
1511 2661 1528 2679 ,

98 2678 174 2718 isto
200 2683 312 2729 pacto
338 2678 635 2729 explicationem
671 2679 784 2729 longe
821 2681 1184 2728 commodissimam,
1225 2682 1292 2733 qui
1332 2682 1445 2719 collo-
