1702 2924
455 198 701 242 GORGIAS.
729 201 773 240 P.
805 203 900 239 481.
932 202 1027 239 482.
1057 199 1117 239 ed.
1149 199 1206 239 St.
1426 200 1503 237 193

144 312 408 367 βουλεύμασί
445 327 489 354 τε
525 310 598 353 καὶ
631 311 776 365 λόγοις
816 310 895 364 οὐχ
932 305 1023 358 οἷός
1050 305 1083 350 τ’
1114 304 1156 350 εἶ
1181 307 1511 358 ἐναντιοῦσθαι,·

113 385 119 387 “
146 374 261 429 diste,
291 378 331 419 εἴ
355 378 418 428 τίς
444 386 526 420 σου
552 375 753 429 λέγοντος
778 373 974 418 ἑκάστοτε
1005 376 1031 416 ἃ
1060 374 1131 416 διὰ
1158 374 1342 423 τούτους
1371 371 1506 427 λέγεις

144 444 386 498 θαυμάζοι,
423 442 481 491 ὡς
517 442 659 484 α”τοποὶ
696 440 832 491 ἐστιν,
874 440 978 489 ἴσως
1017 440 1151 489 εἴποις
1195 438 1249 481 ἂν
1287 438 1428 496 αὐτῷ,
1470 439 1507 480 εἰ

75 543 91 548 1
147 510 324 563 βούλοιο
361 504 530 562 τάληθῆ
562 506 700 562 λέγειν
715 540 726 558 ,
766 504 853 558 ὅτι,
893 506 928 548 εἰ
967 506 1024 560 μή
1066 521 1128 554 τις
1165 505 1319 546 παύσει
1356 503 1409 546 τὰ
1448 503 1501 546 σὰ
1532 503 1616 545 482

145 575 322 617 παιδικὰ
349 575 515 616 τούτων
540 575 627 615 τῶν
653 574 807 627 λόγων,
845 570 945 614 οὐδὲ
977 570 1031 611 σὺ
1057 571 1211 612 παύσει
1238 569 1341 612 ποτὲ
1369 574 1506 612 ταῦτα

146 639 294 694 λέγων.
332 640 477 694 νόμιζε
516 640 668 681 τοίνυν
704 638 777 680 καὶ
817 645 916 690 παρ’
957 636 1063 691 ἐμοῦ
1090 642 1245 690 χρῆναι
1272 634 1393 688 ἔτερα
1421 651 1504 677 τοι-

146 713 256 747 αῦτα
295 702 494 756 ἀκούειν,
531 703 604 746 καὶ
639 702 697 759 μὴ
735 703 956 757 θαύμαζε,
1001 698 1066 743 ὅτι
1106 700 1190 754 ἐγὼ
1218 705 1355 744 ταῦτα
1382 700 1504 754 λέγω,

146 769 254 812 ἀλλὰ
288 769 368 825 τὴν
405 771 695 824 φιλοσοφίαν,
736 768 788 810 τὰ
827 767 905 823 ἐμὰ
933 767 1127 818 παιδικά,
1168 771 1342 809 παῦσον
1369 772 1504 809 ταῦτα

146 834 370 890 λέγουσαν.
408 833 519 890 λέγει
556 835 662 889 γάρ,
704 828 738 875 ὦ
777 834 873 888 φίλε
913 832 1077 887 ἑταῖρε,
1118 828 1184 874 ἀεὶ
1224 834 1251 874 ἃ
1289 839 1373 875 νῦν
1401 832 1506 887 ἐμοῦ

146 981 292 1014 rentinis
323 984 467 1024 excepto
497 979 529 1012 d.
586 979 760 1013 Videlicet
794 979 991 1012 inserviunt
1022 978 1108 1012 haec
1140 978 1298 1021 expliear
1313 977 1358 1011 lis
1389 977 1504 1011 verbis

146 1025 439 1070 praecedentibus.

214 1081 234 1115 ὁ
267 1082 405 1126 δῆμος
435 1079 454 1115 ὁ
486 1079 763 1124 Ἀθηναίων]
805 1080 1000 1114 Secundum
1032 1078 1051 1111 ὁ
1083 1079 1246 1112 debemus
1280 1079 1387 1113 Coisl.
1417 1081 1503 1113 Ven.

150 1127 233 1161 ΞΣ.
266 1128 369 1161 Vind.
385 1127 415 1160 1.
433 1128 464 1160 2.
489 1126 520 1161 6.
546 1126 575 1160 7.
607 1128 686 1160 Par.
710 1127 774 1159 BC
788 1127 843 1159 IV
856 1127 907 1159 W.
939 1126 1030 1158 Flor.
1057 1136 1087 1157 a.
1113 1137 1141 1158 c.
1167 1125 1199 1158 d.
1223 1136 1268 1157 m.
1293 1137 1323 1158 ο.
1348 1137 1382 1157 x.
1414 1126 1504 1169 Aug.

146 1174 244 1207 Bodl.
260 1175 399 1207 Meerm.
437 1173 565 1206 Carent
580 1177 696 1205 tamen
714 1172 834 1205 eodem
858 1171 1002 1205 articulo
1028 1170 1144 1204 Clark.
1170 1174 1204 1203 et
1227 1171 1307 1203 Vat.
1330 1182 1361 1203 v.
1387 1175 1503 1204 annot.

213 1233 496 1278 βουλεύμασί
526 1234 586 1278 τε]
628 1235 670 1267 V.
710 1232 910 1277 βουλήμασί
947 1245 1000 1272 τε,
1049 1236 1088 1265 ut
1125 1237 1178 1265 est
1214 1233 1251 1264 in
1287 1233 1365 1266 Par.
1401 1233 1439 1265 E.
1471 1237 1506 1266 et

146 1281 266 1323 paucis
289 1280 378 1314 aliis.

214 1343 252 1374 P.
276 1340 353 1375 482.
401 1339 469 1374 αἐὶ
495 1339 516 1375 ἃ
543 1345 627 1374 νῦν
650 1340 755 1380 ἐμοῦ
779 1338 863 1384 οἰκ]
890 1338 944 1373 ἀεὶ
971 1339 1125 1372 additum
1150 1350 1194 1372 ex
1218 1338 1324 1372 Coisl.
1351 1339 1438 1372 Ven.
1462 1339 1503 1372 Σ.

146 1387 249 1420 vind.
274 1387 306 1420 1.
329 1386 361 1421 2.
385 1386 415 1421 6.
442 1386 472 1421 7.
508 1388 584 1420 Par.
609 1387 733 1420 IVW.
764 1386 856 1419 Flor.
880 1397 910 1418 a.
936 1385 968 1419 b.
995 1396 1020 1417 c.
1047 1396 1078 1418 ο.
1112 1385 1211 1419 Bodl.
1237 1385 1378 1418 Meerm.
1404 1385 1448 1418 al.

146 1526 179 1555 et
209 1522 394 1555 adulantis.
440 1522 599 1554 Ceterum
630 1521 789 1564 exempla

147 1568 284 1600 articuli
320 1568 357 1600 in
392 1567 447 1600 his
477 1567 633 1600 formulis
662 1571 788 1602 temere

145 1612 294 1663 nengti
308 1612 450 1656 collegit
469 1613 633 1646 Schaef
638 1624 655 1645 e
666 1624 694 1645 r.
718 1614 790 1645 Me-

144 1659 217 1691 lett.
248 1659 320 1691 crit.
345 1669 377 1701 p.
403 1658 435 1692 8.
464 1662 497 1690 et
519 1659 719 1691 Fischer.
746 1658 789 1690 ad

146 1704 288 1737 Weller.
312 1705 354 1736 T.
378 1703 405 1736 Ι.
428 1714 460 1747 p.
485 1702 564 1737 341.

203 1796 376 1826 τοιαῦτα
430 1792 584 1836 ἕτερα]
639 1792 790 1825 itidem

145 1839 270 1871 talia.
317 1840 402 1871 Mox
424 1849 457 1880 p.
479 1837 556 1872 482.
581 1839 633 1871 A:
666 1842 790 1881 χρῆναι

146 1885 248 1925 ἕτερα
271 1886 406 1916 τοιαῦτα
429 1881 582 1916 ἀκούειν.
633 1883 789 1926 Sympos.

146 1940 179 1972 p.
195 1928 274 1962 201.
290 1929 332 1961 Ε.
361 1928 506 1961 Phaedr.
529 1940 564 1971 p.
577 1927 630 1961 58.
648 1929 705 1970 D.,
729 1928 791 1960 ubi

146 1985 179 2009 v.
211 1978 326 2007 annot.
357 1992 402 1998 -—
436 1971 722 2016 βουλεύμασί
752 1985 791 2006 τε

147 2019 216 2052 καὶ
258 2017 415 2062 λόγοις.
465 2018 565 2059 Quod
601 2019 707 2051 schol.
747 2018 790 2050 ad

147 2063 370 2107 Aristoph.
391 2064 483 2097 Plut.
502 2075 536 2096 v.
558 2062 636 2097 493.
661 2065 791 2105 statuit,

147 2107 326 2152 βούλευμα
341 2119 416 2142 esse
439 2109 683 2142 consilium
707 2109 791 2152 pri-

147 2158 291 2187 vatum
313 2158 347 2187 et
372 2152 530 2197 βούλημα
553 2154 792 2187 consilium

148 2199 392 2242 publicum,
422 2199 490 2232 hoe
513 2199 697 2234 discrimen
721 2211 791 2232 non

147 2248 238 2278 recte
285 2255 360 2288 esse
406 2246 629 2278 constitutum
672 2245 791 2278 docuit

147 2289 322 2333 Spanhfe
330 2301 375 2322 m.
435 2290 555 2332 Itaque
601 2291 667 2323 hoc
713 2290 789 2323 loco

146 2335 345 2368 auctoritati
391 2335 548 2368 codicum
601 2335 790 2379 parendum

146 2380 386 2414 iudicavimus.

191 2470 229 2502 P.
262 2468 340 2503 482.
396 2472 527 2502 ταῦτα
550 2468 705 2514 λέγων]
730 2471 792 2502 Di-

148 2518 242 2548 ctum
272 2516 339 2548 hoc
375 2519 428 2547 est
466 2513 647 2554 δεικτικῶς,
681 2526 791 2558 neque

147 2570 251 2603 opus,
281 2564 321 2593 ut
344 2560 518 2593 scribatur
546 2557 666 2598 ταύτά,
698 2571 792 2603 prae-

146 2606 264 2638 sertim
305 2615 411 2648 quum
442 2604 625 2647 praecedat
661 2605 793 2638 τούτων

147 2654 216 2683 τῶν
239 2649 471 2694 λόγων.-τά
498 2649 575 2690 ἐμὰ
602 2649 791 2683 παιδικά.

148 2695 370 2738 Synesius
403 2707 436 2738 p.
467 2694 520 2728 22.
556 2694 610 2728 ed.
641 2695 792 2728 Turneb.

147 2740 327 2773 Platonem
360 2741 514 2773 imitatus
539 2741 620 2772 item
643 2740 793 2782 philoso-

183 2808 255 2833 Plat.
274 2808 346 2840 opp.
366 2809 429 2834 Vol.
446 2809 483 2834 11.
503 2807 576 2834 Sect.
596 2808 618 2833 1.

857 1521 975 1564 phiam
1005 1525 1108 1554 vocat
1138 1518 1177 1553 τὰ
1200 1518 1338 1554 παιδικὰ
1367 1531 1441 1553 sua.
1472 1531 1505 1553 v,

858 1577 945 1609 quae
1000 1566 1041 1600 de
1088 1577 1155 1599 usu
1201 1566 1306 1599 huius
1352 1566 1505 1599 nominis

858 1612 1010 1645 diximus
1041 1611 1085 1644 ad
1115 1611 1292 1645 Phaedon.
1324 1622 1361 1654 p.
1381 1611 1436 1645 68.
1461 1612 1504 1643 A.

856 1657 1002 1690 Phaedr.
1040 1668 1072 1699 p.
1107 1655 1185 1690 249.
1219 1658 1260 1691 A.
1302 1676 1347 1681 -—
1394 1654 1505 1689 πολὺ

858 1697 986 1746 ἧττον
1025 1702 1278 1745 ἔμπληκτος.
1326 1702 1503 1735 Suidas:

859 1748 1054 1790 ἔμπληκτοι·
1079 1751 1218 1788 κοῦφοι,
1248 1745 1503 1789 εύμετάβλητοι.

857 1794 997 1825 Eusta
1009 1793 1066 1825 th.
1101 1803 1134 1835 p.
1172 1792 1270 1826 1886.
1316 1793 1506 1834 ἔμπληκτον

858 1838 1100 1880 interpretatur
1122 1835 1280 1876 ἄστατον,
1315 1835 1504 1879 εὐμετάβο-

859 1885 930 1916 λον.
970 1883 1090 1926 Lysid.
1120 1894 1154 1925 p.
1178 1881 1255 1916 214.
1282 1883 1326 1916 O:
1361 1882 1506 1915 δοκοῦσι

859 1927 969 1971 λέγειν
995 1947 1039 1952 -
1072 1928 1151 1963 τοὺς
1183 1925 1311 1962 κακοὺς
1335 1946 1378 1951 -
1401 1926 1505 1970 μηδέ-

860 1985 941 2006 ποτε
961 1971 1106 2013 ὁμοίους
1130 1971 1207 2016 μηδ’
1233 1970 1361 2007 αὐτοὺς
1386 1971 1505 2007 azimis

859 2014 969 2057 εἶναι,
1012 2015 1081 2051 ἀλλ’
1123 2017 1338 2062 ἐμπλήκτους
1376 2030 1409 2050 τε
1448 2018 1505 2050 καὶ

860 2061 1115 2107 ἀσταθμήτους,
1139 2063 1201 2096 ubi
1218 2075 1251 2097 v.
1275 2063 1505 2096 Heindorf.

860 2109 1008 2151 Eurip.
1046 2109 1172 2142 Troad.
1212 2120 1245 2142 v.
1286 2107 1392 2142 1211:
1436 2113 1505 2149 ταῖς

861 2159 1004 2195 τροπαῖς
1027 2152 1093 2198 γὰρ
1119 2154 1158 2187 αἱ
1180 2153 1284 2197 τύχαι,
1321 2154 1506 2197 ἔμπληκτος

861 2197 909 2233 οἷς
932 2197 1138 2241 ἄνθρωπος,
1163 2197 1268 2232 ἄλλοτ’
1295 2197 1417 2232 ἄλλοσε
1442 2211 1505 2242 πη-

860 2244 956 2277 δῶσι.
979 2245 1208 2278 Plutarch.
1226 2246 1371 2277 Eumen.
1384 2255 1415 2287 p.
1429 2239 1507 2277 584.

857 2291 899 2322 E.
923 2291 965 2322 T.
982 2290 1016 2322 I:
1044 2290 1231 2333 ἔμπληκτος
1249 2288 1300 2323 ὢν
1315 2291 1370 2322 καὶ
1391 2292 1507 2331 φορᾶς

858 2332 981 2374 μεστὸς
1022 2332 1208 2378 ἀβεβαίου.
1271 2335 1378 2368 Plura
1414 2334 1509 2367 dabit

858 2379 1046 2413 Lobeck.
1079 2380 1123 2413 ad
1154 2379 1316 2422 Sophocl.
1341 2381 1441 2413 Aiac.
1473 2390 1505 2411 v.

860 2423 958 2458 1348.
1001 2425 1308 2468 Wyttenbach.
1341 2425 1384 2458 ad
1415 2425 1507 2458 Plut.

860 2470 938 2502 Vol.
971 2471 1031 2503 VI.
1072 2471 1110 2503 P.
1145 2471 1187 2503 ΙΙ.
1225 2481 1257 2513 p.
1289 2469 1365 2504 927.
1412 2470 1507 2503 Male

863 2516 969 2558 igitur
1001 2516 1201 2548 Ficinus:
1242 2516 1387 2548 minus
1425 2519 1506 2548 sto-

860 2560 956 2593 lida
999 2564 1041 2593 et
1089 2561 1324 2604 pervicax.
1389 2561 1508 2602 Neque

861 2606 1004 2649 dignum
1018 2610 1070 2638 est
1084 2607 1272 2647 mentione,
1297 2606 1388 2648 quod
1411 2605 1509 2638 scho-

861 2651 966 2683 liasta
995 2654 1030 2683 et
1053 2651 1401 2695 Olympiodorus
1425 2654 1509 2682 tam-

863 2707 965 2738 quam
1002 2697 1107 2729 aliam
1148 2697 1332 2730 lectionem
1365 2706 1510 2728 comme-

863 2744 999 2773 morant
1024 2742 1197 2784 ἔκβλητος.

1196 2807 1239 2841 13
