1702 2924
247 204 298 239 88
782 206 1040 247 PLATONIS

249 310 372 384 sOP.
392 303 519 352 Ἀλλὰ
547 312 724 365 ποιήσω,
746 312 817 355 καὶ
843 308 1019 364 οὐδενὸς
1041 316 1189 369 φήσεις
1210 316 1586 370 βραχυλογωτέρου

248 376 441 415 ακοῠσαι.

333 437 437 496 Cap.
467 438 546 481 IV.
605 440 706 481 ΣΩ.
751 441 858 493 Φέρε
885 441 959 496 δή·
999 441 1220 496 ῥητορικῆς
1253 442 1335 496 γὰρ
1370 440 1456 498 φῂς
1495 443 1581 486 ἐπι-

176 496 219 538 D
249 503 420 556 στήμων
446 501 593 557 τέχνης
622 499 730 545 εἶναι
756 505 827 546 καὶ
853 511 1025 560 ποιῆσαι
1065 506 1119 548 ἂν
1145 507 1215 549 καὶ
1242 510 1374 549 ἄλλον
1412 508 1583 563 ῥήτορα*

249 565 277 619 ἤ
315 565 513 621 ῥητορικὴ
555 566 650 619 περὶ
687 568 727 609 τί
761 571 846 610 τῶν
883 571 1020 611 ὄντων
1057 573 1254 624 τυγχάνει
1282 567 1415 621 οὔσας
1455 571 1588 625 ὥςπερ

248 629 277 683 ἦ
311 629 524 685 ὑφαντικὴ
561 631 655 683 περὶ
691 630 769 686 τὴν
807 635 894 674 τῶν
932 633 1108 687 ἱματίων
1147 633 1368 688 ἐργασίαν·
1421 632 1448 690 ἦ
1484 637 1589 690 γάρ;

251 694 376 734 ΓΟΡ.
408 695 507 736 Ναί.
570 696 665 736 ΣΩ.
709 693 884 738 Οὐκοῦν
918 696 987 738 καὶ
1014 697 1043 752 ἦ
1069 697 1250 752 μουσικὴ
1277 698 1370 751 περὶ
1396 698 1475 754 τὴν
1504 702 1590 741 τῶν

249 759 388 810 μελῶν
414 759 609 812 ποίησινς
641 762 681 801 Γ
681 762 764 802 ΟΡ.
795 761 897 801 Ναί.
926 763 1026 802 ΣΩ.
1058 760 1130 816 Νὴ
1150 759 1399 817 τὴν”Ἠραν,
1428 758 1462 804 ὦ
1484 766 1525 805 Γ
1519 779 1588 816 ορ-

250 821 328 874 γία,
357 823 518 875 ἄγαμαί
544 836 591 875 γε
619 823 693 872 τὰς
719 824 969 877 ἀποκρίσεις,
999 821 1064 867 ὅτι
1091 826 1311 880 ἀποκρίνει
1337 826 1394 875 ὡς
1421 823 1515 869 οἷόν
1542 841 1586 869 τε

250 885 319 926 διὰ
346 886 633 939 βραχυτάτων.
691 890 732 929 Γ
732 889 814 930 ΟΡ.
847 890 974 930 Πάνυ
1001 890 1082 943 γὰρ
1109 887 1247 944 οἶμαι,
1287 885 1320 934 ὦ
1347 891 1582 944 Σώκρατες,

251 947 440 998 ἐπιεικῶς
464 957 590 993 τοῦτο
618 955 766 994 ποιεῖν.
822 954 921 994 ΣΩ.
952 949 1020 994 Εὖ
1047 953 1190 1008 λέγεις.
1221 955 1285 996 ἴθι
1310 955 1362 1010 δή
1390 971 1462 1009 μοι
1489 956 1590 997 άπό-

250 1028 395 1065 κριναι
423 1013 534 1055 οὕτω
561 1014 631 1056 καὶ
658 1016 748 1069 περὶ
779 1023 853 1070 τῆς
881 1016 1123 1072 ῥητορικῆς,
1152 1018 1247 1071 περὶ
1273 1019 1312 1060 τί
1337 1022 1423 1061 τῶν
1451 1022 1589 1062 ὄντων

186 1070 225 1113 Ε
255 1076 367 1118 ἐστὶν
394 1076 618 1133 ἐπιστήμης
658 1082 785 1122 ΓΟΡ.
817 1081 924 1134 Περὶ
951 1082 1118 1135 λόγους.
1172 1084 1271 1124 ΣΩ.
1305 1084 1469 1131 Ποίους
1495 1084 1589 1126 τού-

249 1156 360 1192 τους,
392 1137 425 1183 cf)
454 1144 636 1196 Γοργίας
677 1136 760 1197 ἆρα
789 1145 830 1186 οἳ
855 1145 1030 1198 δηλοῦσι
1056 1146 1155 1195 τοὺς
1183 1147 1423 1201 κάμνοντας
1451 1148 1507 1197 ὠς
1535 1147 1590 1190 ἂν

295 1314 339 1346 D.
385 1310 547 1358 ἄγαμαί
577 1326 624 1358 γε
660 1312 733 1348 τὰς
764 1312 1050 1360 ἀποκρίσεις]
1089 1317 1155 1350 Pro
1194 1329 1234 1361 γε
1268 1317 1373 1360 vulgo
1411 1322 1475 1351 σοῦ
1508 1322 1593 1359 erat,

251 1358 342 1399 quod
370 1369 412 1390 ex
437 1358 553 1391 Clark.
579 1360 655 1391 Vat.
683 1360 726 1392 Δ.
759 1360 864 1392 Coisl.
889 1362 965 1393 Par.
997 1361 1200 1395 BCIFEV
1211 1363 1264 1395 W.
1297 1363 1400 1395 vind.
1425 1362 1455 1396 l.
1478 1362 1510 1397 2.
1534 1374 1594 1396 no·

250 1413 327 1434 vem
351 1402 442 1436 Flor.
464 1404 554 1446 Aug.
576 1405 719 1437 Meerm.
747 1404 825 1437 aliis
856 1409 1032 1438 mutatum.
1080 1406 1304 1440 Heindorfins
1336 1406 1376 1451 γε’
1401 1418 1463 1440 σου
1488 1409 1595 1441 eonii-

250 1447 371 1480 eiebat.
418 1447 485 1480 Sed
510 1458 574 1480 σου
599 1449 688 1492 sapit
709 1449 890 1491 glossema.

308 1514 356 1590 lE.
402 1513 545 1558 λέγειν
577 1526 624 1559 γε
655 1519 778 1547 ποιεῖ
798 1515 847 1559 8.]
882 1520 993 1548 ποιεῖν
1016 1516 1094 1549 vat.
1119 1518 1162 1549 A.
1189 1516 1292 1550 Coisl.
1317 1518 1396 1550 Par.
1418 1518 1590 1552 BCFW.

250 1568 307 1590 ma
322 1569 350 1591 e.

313 1619 395 1667 Ἆρ’
427 1618 509 1658 οὖν
533 1628 607 1658 καί
628 1623 679 1670 ἣν
705 1629 784 1659 νῦν
809 1624 858 1670 δὴ
882 1625 1117 1671 ἐλέγομεν]
1147 1628 1232 1661 Post
1254 1622 1321 1661 οὖν
1344 1629 1421 1662 Vnt.
1445 1630 1491 1662 A.
1514 1629 1591 1663 Par.

250 1669 293 1703 V.
306 1670 396 1702 Flor.
415 1681 443 1703 e.
458 1670 489 1702 d.
506 1674 540 1703 et
556 1681 621 1703 ree.
642 1670 758 1703 Clark.
781 1671 884 1704 Coisl.
909 1669 952 1704 οὐ
977 1671 1117 1712 addunt,
1141 1672 1230 1714 quod
1254 1674 1382 1716 recepit
1403 1673 1593 1714 Bekkerus,

250 1725 312 1748 nos
326 1714 567 1758 improbamus.
613 1716 652 1748 In
667 1715 783 1748 Clark.
799 1719 833 1749 et
855 1726 916 1750 sex
940 1716 1019 1749 aliis
1043 1718 1104 1749 καί
1123 1728 1199 1759 om„
1224 1717 1314 1760 quod
1337 1718 1433 1760 abiit,
1457 1719 1592 1762 opinor,

293 1859 376 1902 Cap.
406 1859 467 1892 IV.
520 1860 564 1892 D.
617 1857 637 1902 ἦ
679 1857 885 1903 ρἠτορικὴ
952 1861 1098 1894 terion.
1119 1863 1347 1895 versatur?
1377 1880 1422 1886 -
1448 1862 1591 1895 veluti

249 1903 352 1945 περὶ
378 1906 420 1936 τί
439 1907 517 1937 τῶν
537 1901 680 1936 ὄντων
705 1904 750 1948 τ.]
781 1905 886 1938 Rou-
955 1905 1002 1946 (h.
1031 1917 1060 1938 e.
1090 1906 1283 1949 exempli
1313 1906 1484 1948 csusso)
1519 1916 1591 1940 trs

249 1949 368 1980 thius
392 1949 518 1990 aliique
539 1949 746 1991 scripserunt
766 1952 886 1991 περίτι
955 1952 1150 1984 textoria
1172 1951 1217 1983 in
1240 1950 1444 1984 vestibus
1460 1951 1592 1984 eonfi-

249 1995 319 2024 τῶν
337 1990 454 2024 ὄντων
477 2005 501 2025 τ.
527 1988 627 2031 οὖσα,
653 1991 764 2036 ὥςπερ
788 1991 886 2036 ἦὺφ.
955 1995 1124 2028 ciendis
1148 1999 1406 2038 occupatur:
1427 1996 1592 2028 nonne?

249 2037 316 2069 Sed
345 2037 521 2070 verissime
545 2037 740 2070 observavit
761 2039 886 2071 Hein-

250 2081 422 2114 dorfius
452 2082 531 2121 illa,
568 2076 591 2124 ἦ
621 2080 707 2124 γάρ;
744 2087 780 2115 et
818 2085 886 2120 ναί,

248 2125 480 2159 tantummodo
516 2125 559 2158 ad
590 2126 695 2158 verba
727 2125 839 2167 ὥςπερ
865 2124 886 2169 ἦ

250 2168 469 2214 ὑφαντικὴ-
478 2170 646 2214 ἐργασίαν
654 2171 781 2212 referri,
792 2182 886 2213 prae·

247 2216 386 2248 missam
401 2219 515 2248 autem
537 2215 628 2247 hanc
651 2216 886 2259 interrogatio-

248 2271 341 2292 nem:
381 2258 402 2303 ἡ
435 2258 595 2302 ῥητορικὴ
626 2260 706 2301 περὶ
744 2262 777 2292 τί
799 2273 822 2292 τ.
855 2258 884 2292 ὅ.

250 2316 272 2336 τ.
290 2299 397 2343 οὖσα;
420 2305 592 2337 Platonici
605 2306 770 2337 sermonis
792 2315 885 2337 more

248 2349 365 2381 iterari
400 2360 481 2381 mox
509 2360 530 2381 a
562 2349 715 2382 Socrate:
753 2349 807 2381 ἴθι
841 2347 883 2391 δή

247 2404 304 2432 μοι
340 2391 523 2435 ἀπόκριναι
554 2405 581 2425 κ.
615 2405 640 2426 τ.
674 2395 701 2426 λ.
763 2394 885 2435 Itaque

247 2448 319 2477 nos,
352 2448 418 2480 quo
452 2438 562 2480 magis
594 2441 724 2480 pateret
753 2442 885 2471 senten·

247 2483 368 2514 tiorum
393 2482 489 2522 ratio,
519 2486 596 2524 post
620 2480 774 2525 τυγχάνει
797 2476 885 2515 οὖσα

247 2526 479 2570 interrogandi
531 2530 646 2558 notam
698 2527 883 2569 posuimus,

248 2571 370 2603 Latine
402 2571 489 2603 haec
522 2571 630 2613 possis
654 2571 792 2604 reddere
815 2572 885 2604 sie:

248 2614 457 2658 Agedum,
481 2616 685 2657 quoniam
709 2619 748 2648 te
772 2617 883 2649 artis

189 2663 193 2670 '
247 2660 499 2693 rhetoricae
550 2661 742 2702 peritum
788 2670 884 2693 esse

247 2703 378 2745 dieis,
415 2705 460 2737 in
498 2714 683 2747 quanam
722 2715 764 2738 re
794 2705 884 2738 rhe-

999 2081 1591 2127 Hdvvydzp—aencezuesJLe.

955 2126 1099 2166 ἰκανῶςῐ
1129 2127 1195 2159 vid.
1226 2127 1269 2160 ad
1293 2128 1421 2161 Criton.
1454 2138 1481 2160 c.
1506 2129 1533 2160 Ι.
1556 2133 1592 2161 et

953 2171 1125 2204 Phaedon.
1156 2182 1183 2203 c.
1212 2172 1334 2204 LXVI.
1383 2173 1435 2205 De
1465 2173 1589 2205 iureiu—

954 2216 1058 2249 rando
1088 2216 1234 2249 Socratis
1273 2227 1332 2260 per
1362 2217 1527 2250 Iunonem
1557 2228 1590 2249 v.

952 2261 1097 2303 Apolog.
1122 2262 1249 2294 Soorat.
1273 2272 1304 2304 p.
1328 2259 1382 2294 24.
1405 2262 1445 2294 E.
1472 2262 1588 2304 ibique

953 2311 1067 2337 annot.

996 2394 1037 2425 E.
1084 2393 1251 2427 Ποίους
1287 2392 1472 2428 τούτους
1505 2393 1588 2437 -;]

952 2437 996 2470 Η.
1014 2448 1042 2470 e.
1062 2440 1158 2470 ποῖοί
1178 2437 1270 2471 εἰσιν
1292 2432 1398 2476 οὖτοι,
1422 2439 1502 2480 περὶ
1527 2437 1589 2473 οὓς

952 2481 1063 2519 ἑστιι·,·
1090 2483 1178 2515 Nam
1198 2483 1354 2516 iteranda
1375 2487 1427 2515 est
1449 2493 1588 2526 praepo-

951 2527 1029 2559 sitio
1054 2531 1139 2568 περί
1157 2538 1175 2560 e
1191 2526 1404 2570 praeeedenti
1425 2528 1588 2560 oratione.

951 2572 991 2604 P.
1020 2569 1097 2604 450.
1129 2572 1177 2604 A:
1220 2569 1240 2615 ἡ
1278 2571 1411 2614 ἰατρικὴ
1443 2569 1511 2613 ἄρα
1544 2590 1588 2597 -

952 2616 1032 2656 περὶ
1057 2614 1179 2659 λόγους
1202 2615 1286 2649 ἐστί.
1322 2614 1402 2649 Ναί.
1437 2614 1527 2650 Τούς
1550 2628 1589 2659 γε

952 2661 1031 2702 περὶ
1056 2659 1094 2692 τὰ
1120 2660 1290 2704 νοσήματα
1297 2671 1309 2700 ,·
1331 2661 1468 2693 Menon.
1484 2671 1517 2703 p.
1532 2659 1588 2694 80.

951 2705 998 2738 0:
1020 2702 1213 2749 γιγνώσκω,
1238 2699 1282 2738 οὗ
1305 2703 1408 2738 ἕνεκά
1429 2716 1471 2746 με
1493 2705 1588 2739 εἴκα-
