1690 2892
515 182 758 223 GORGIAS.
787 183 832 221 P.
865 186 958 220 500.
987 182 1046 221 ed.
1078 182 1135 221 St.
1424 180 1504 218 257

150 297 386 347 ἄνθρωπος
402 325 412 344 ,
450 292 478 347 ἢ
515 299 669 343 τοῦτο,
712 288 861 334 ὅντινα
887 291 966 346 χρὴ
996 287 1160 343 τρόπον
1188 291 1286 344 ζῆν,
1324 289 1508 342 πότερον

152 359 220 402 ἐπὶ
254 360 307 401 ὃν
343 358 398 400 σὺ
437 360 697 411 παρακαλεῖς
736 355 831 410 ἐμέ,
872 356 925 398 τὰ
963 359 1044 398 τοῦ
1082 355 1240 407 ἀνδρὸς
1281 355 1333 409 δὴ
1371 359 1508 396 ταῦτα

150 425 418 479 πράττοντα,
468 423 647 478 λέγοντά
691 437 736 464 τε
789 421 836 464 ἐν
885 427 944 476 τῷ
995 422 1116 501 δήμῳ
1163 420 1236 462 καὶ
1277 418 1509 475 ῥητορικὴν

154 487 373 533 ἀσκοῦντα
394 489 466 531 καὶ
483 489 814 543 πολιτευόμενον
835 494 992 529 τοῦτον
1013 489 1090 528 τὸν
1110 487 1284 540 τρόπον,
1315 484 1367 527 ὃν
1390 486 1510 540 ὑμεῖς

153 563 238 598 νῦν
256 555 544 605 πολιτεύεσθε,
571 552 640 608 ἢ’
623 553 692 596 επὶ
711 553 836 595 τόνδε
858 551 935 595 τὸν
957 553 1056 605 βίον
1076 552 1153 594 τὸν
1182 551 1228 593 ἐν
1257 553 1508 608 φιλοσοφία,

154 622 227 664 καὶ
263 622 304 663 τί
340 621 434 663 ποτ’
476 618 589 662 ἐστὶν
632 613 758 668 οὗτος
800 618 967 661 ἐκείνου
1006 617 1245 671 διαφέρων,·
1289 618 1390 667 ἴσως
1428 621 1510 659 οὐν

154 686 372 740 βέλτιστόν
400 684 536 738 ἐστιν,
579 685 637 734 ὥς
675 688 771 738 ἄρτι
810 684 894 739 ἐγὼ
934 683 1198 738 ἐπεχείρησα,
1239 683 1512 736 διαιρεῖσθαι,

153 750 425 806 διελομένους
476 750 522 793 δὲ
570 750 644 793 καὶ
693 750 1044 804 ὁμολογήσαντας
1087 746 1303 803 ἀλλήλοις,
1353 749 1390 790 εἰ
1426 746 1512 789 ἔστι

152 818 292 860 τούτω
320 815 445 859 διττὼ
471 817 531 858 τὼ
559 817 654 871 βίω,
695 813 940 867 σκέψασθαι
967 816 1007 857 τί
1035 830 1078 856 τε
1107 812 1361 867 διαφέρετον
1390 810 1511 868 ἀλλή-

153 887 248 926 λοιν
286 882 358 925 καὶ
393 882 603 934 ὁπότερον
638 881 818 936 βιωτέον
857 882 1021 923 αὐτοῖν.
1061 880 1163 929 ἴσως
1192 876 1273 922 οὖν
1301 882 1423 921 οὔπω
1451 875 1511 921 οἶ-

154 953 268 999 σθα,
311 949 352 990 τί
389 947 510 1002 λέγω.
568 949 706 989 ΚΑΛ.
750 947 815 989 Ού
852 947 970 1001 δῆτα.
1028 947 1129 987 ΣΩ.
1163 941 1280 987 Ἀλλ’
1322 944 1404 999 ἐγώ
1443 955 1512 987 σοι

155 1060 253 1094 Bodl.
269 1061 409 1093 Mearm.
426 1059 516 1117 Aug.
535 1063 601 1092 est:
630 1057 696 1114 τὴν
717 1056 920 1103 μαγειρικὴν
944 1055 1198 1101 ὀψοποιητικήι
1223 1057 1419 1100 ἐμπειρίαν,
1444 1055 1512 1090 ἀλλ’

155 1104 199 1138 οὐ
225 1105 365 1160 τέχνην,
389 1106 451 1138 ubi
473 1103 725 1148 ὀψοποιητικήν
749 1116 769 1137 a
792 1105 984 1148 glossatore
1008 1105 1209 1146 profectum.

155 1150 245 1230 vfflf.
270 1149 543 1229 ἕΣῗῖννέἕὲῃῖ]
560 1151 610 1229 2V
617 1149 1077 1230 ἐύῆωέιὲῗὲἑῖῑὲῗῗθῗιῗξ
1100 1148 1514 1227 e'fnfssffiovffssfficffl

270 1218 296 1231 .-.
473 1219 706 1229 .....
948 1220 956 1236 ,

155 1243 235 1276 Bas.
259 1241 292 1275 1.
314 1240 348 1275 2.
387 1241 502 1275 Clark.
530 1242 636 1274 Coisl.
662 1241 764 1273 Vind
788 1241 821 1274 2.
853 1242 928 1274 Par.
953 1240 1109 1273 BCEV.
1140 1240 1232 1272 Flor.
1258 1240 1279 1271 f.
1306 1250 1332 1272 s.
1356 1251 1390 1271 Χ.
1416 1239 1512 1271 Bodl.

155 1289 246 1342 Aug.
270 1288 412 1320 Meerm.
443 1287 599 1320 dedimus
629 1284 702 1330 μήτ’
735 1280 779 1318 αὖ
811 1286 850 1319 τὰ
881 1283 962 1328 παρ’
993 1285 1089 1326 ἐμοῦ.
1128 1285 1245 1328 steph.
1279 1286 1419 1328 scripsit
1441 1282 1513 1328 μήτ’

157 1330 244 1366 αὐτὰ
269 1330 347 1375 παρ’
374 1331 475 1371 ἐμοῦ.

226 1377 265 1413 C.
312 1377 437 1410 εἰσὶν
468 1375 571 1421 ἡμῖν
602 1376 644 1409 οἱ
673 1375 814 1421 λόγοι]
855 1377 897 1409 V.
930 1374 1014 1419 ἡμῖν
1045 1376 1139 1409 εἰσιν
1171 1376 1292 1408 invitis
1315 1376 1406 1408 Vcn.
1433 1375 1514 1407 ΞΣ.

156 1423 261 1456 Vind.
286 1422 318 1456 1.
341 1422 373 1456 2.
398 1421 429 1456 6.
455 1421 487 1455 7.
518 1424 594 1455 Par.
617 1423 774 1455 FIVW.
799 1423 889 1466 Aug.
913 1423 1056 1454 Meerm.

225 1466 342 1512 ἢέπὶ
369 1467 495 1500 τόνδε
519 1465 592 1500 τὸν
616 1467 670 1511 β.]
696 1466 754 1500 ἐπὶ
779 1468 920 1501 seclusit
942 1467 1119 1511 Hirschig.

223 1515 268 1547 D.
316 1508 438 1546 διτταὶ
463 1511 513 1546 τιὸ
538 1513 641 1556 βίω]
667 1511 711 1546 w)
735 1514 772 1546 in
796 1513 912 1556 Steph.
938 1513 1080 1546 excidit.

156 1614 256 1658 plior.
282 1615 312 1655 ἓ.
329 1613 408 1648 450.
443 1614 521 1657 Ipse
544 1614 669 1648 addam
692 1625 802 1647 unum

156 1661 346 1693 alterumve
361 1660 486 1700 locum,
501 1660 594 1693 unde
609 1664 802 1693 structurae

157 1707 246 1739 ratio
277 1710 513 1749 cognoscatur.
557 1705 666 1762 Pla-nt.
693 1707 801 1749 Legg.

157 1752 235 1784 VII.
265 1762 296 1794 Ρ.
330 1750 408 1784 811.
438 1752 488 1783 D.
531 1748 596 1783 οὐκ
628 1749 682 1805 ἂν..Ι
698 1752 801 1793 ἔχοιμι

159 1795 316 1829 τούτου
334 1795 468 1838 βέλτιον
486 1795 646 1838 φράζειν,
663 1794 683 1840 ἢ
698 1795 802 1829 ταῦτα’

158 1853 193 1874 τε
211 1840 391 1873 διδάσκειι
411 1841 712 1882 παρακελεύεσθαι
736 1843 800 1874 κτλ.

158 1887 326 1930 Lysias
347 1886 423 1919 adv.
443 1887 665 1920 Theomnest.
681 1898 717 1941 p.
725 1886 802 1920 140.

159 1933 211 1967 ed.
235 1932 371 1965 Bremi:
407 1934 440 1964 τί
464 1930 530 1975 γὰρ
565 1931 610 1965 ἂν
641 1931 801 1987 rorigov

158 1975 391 2019 αἰιαρότερον
421 1977 555 2032 γένοιτο
588 1975 682 2021 αὐτῷ
706 1975 726 2020 ἢ
752 1989 802 2010 τε-

160 2022 295 2055 θνάναι
332 2022 396 2062 μὲν
435 2020 502 2055 ὑπὸ
536 2026 605 2055 τῶν
638 2022 802 2065 ἐχθρῶν,-

160 2069 316 2100 Pertinet
350 2068 417 2100 huc
456 2069 560 2101 etiam
598 2068 687 2101 Plat.
719 2069 802 2103 Crit.

160 2124 192 2156 Ρ.
160 2111 271 2156 Ρ44.
295 2113 341 2146 C:
375 2114 485 2146 καίτοι
515 2115 565 2148 τίς
588 2111 634 2145 ἂν
658 2113 804 2156 αἰσχίων

160 2159 217 2201 εἴη
241 2156 394 2200 ταύτης
420 2156 556 2202 δόξα,ἢ
581 2158 699 2191 δοκεῖν
721 2157 803 2202 χρή-

161 2215 247 2243 ματα
283 2203 365 2245 περὶ
406 2205 569 2238 πλείονος
607 2206 783 2237 ποιεῖσθαι
791 2216 803 2244 ,·

162 2250 214 2281 De
252 2249 387 2282 Latinis
422 2261 456 2281 v.
494 2249 725 2284 Heindorf.
761 2249 805 2282 ad

163 2294 317 2327 Ciceron.
351 2295 405 2327 De
435 2295 515 2328 Nat.
550 2296 653 2328 Deor.
683 2296 719 2337 1,
751 2295 805 2329 15.

162 2340 253 2373 conf.
277 2350 358 2373 ann.
383 2339 427 2372 ad
449 2350 481 2383 p.
506 2339 583 2374 519.
609 2341 648 2374 G.

208 2428 399 2472 πότερον
429 2428 501 2462 ἐπὶ
533 2427 582 2463 ὃν
616 2428 664 2474 σ.]
704 2431 749 2463 H.
775 2442 804 2463 e.

162 2474 312 2517 πότερον
337 2478 477 2514 τοῦτον,
511 2474 568 2507 ἐπὶ
592 2473 637 2508 ὃν
661 2487 691 2508 ο.
738 2476 806 2508 Ita-

163 2531 229 2562 que
261 2520 384 2552 deinde
419 2521 555 2562 proprie
587 2520 805 2554 scribendum

162 2566 242 2598 fuit:
284 2563 305 2609 ἢ
338 2564 439 2598 τόνδε
472 2563 531 2597 τὸν
561 2566 646 2607 βίον
677 2564 738 2599 τὸν
769 2566 807 2599 ἐν

165 2612 367 2654 φιλοσοφίᾳ,
398 2611 460 2643 ubi
483 2614 598 2643 tamen
622 2611 680 2644 ἐπὶ
703 2612 807 2644 infer-

163 2661 229 2696 tur,
253 2657 354 2698 quasi
373 2657 631 2698 praccessisset:
655 2655 806 2699 πότερον

165 2699 226 2740 ἐμὲ
261 2703 470 2742 παρακαλεῖς
506 2700 562 2733 ἐπὶ
599 2705 722 2735 τοῦτον
750 2722 805 2735 -.

165 2746 367 2779 Cuiusmodi
429 2747 662 2780 anacoluthon
718 2748 806 2781 nihil

198 2813 268 2839 piat.
287 2814 358 2846 opp.
378 2815 440 2840 Vol.
459 2816 496 2840 11.
515 2814 588 2840 Seot.
607 2816 629 2840 1.

869 1615 991 1655 habet,
1032 1624 1094 1647 cur
1122 1623 1297 1647 removere
1329 1614 1417 1646 illud
1448 1619 1517 1647 stu-

869 1661 1024 1693 deamus.

916 1703 960 1737 τὰ
993 1708 1065 1737 τοῦ
1089 1702 1260 1746 ἀνδρὸς
1286 1702 1337 1746 δὴ
1363 1704 1515 1748 ταῦτα]

869 1751 1064 1794 Perstringi
1094 1751 1283 1782 orationem
1315 1750 1415 1782 illam
1440 1750 1517 1783 Cal-

869 1796 961 1829 liclis
1001 1807 1033 1839 p.
1068 1795 1145 1829 485.
1187 1796 1229 1830 A.
1269 1806 1363 1837 seqq.
1416 1807 1517 1828 nemo

870 1846 922 1874 est
953 1843 1036 1884 quin
1070 1841 1206 1873 sentiat.
1254 1841 1374 1883 Itaque
1400 1839 1444 1884 δή
1466 1842 1518 1873 in-

870 1887 1000 1919 dicium
1044 1887 1131 1919 facit
1165 1886 1316 1926 ironiae,
1367 1892 1406 1919 ut
1441 1886 1516 1919 Lat.

872 1933 1075 1972 scilicet,
1106 1942 1173 1964 usu
1195 1931 1378 1974 frequenti.
1425 1931 1517 1964 Illud

872 1981 975 2011 ταῦτα
1007 1975 1200 2019 πράττοντα
1232 1977 1427 2010 declaratur
1462 1977 1518 2009 de-

870 2023 952 2056 inde
982 2023 1179 2055 accuratius
1208 2022 1341 2055 verbis:
1376 2021 1518 2066 λέγοντά

874 2081 907 2101 τε
939 2068 980 2101 ἐν
1004 2071 1051 2112 τῷ
1076 2067 1171 2111 δήμῳ
1196 2080 1224 2100 κ.
1252 2080 1276 2100 τ.
1302 2069 1347 2106 λ.,
1383 2068 1425 2100 de
1450 2080 1518 2110 qua

871 2114 1130 2157 participiorum
1164 2114 1409 2147 coniunctione
1445 2125 1518 2147 sae-

872 2161 950 2202 pius
974 2159 1104 2192 dictum
1129 2164 1191 2192 est.

919 2203 940 2248 ἢ
972 2204 1041 2237 ἐπὶ
1068 2202 1200 2238 τόνδε
1224 2203 1297 2237 τὸν
1322 2205 1421 2246 βίον
1444 2202 1537 2236 τὸν.

875 2249 922 2282 ἐν
957 2249 1226 2293 φιλοσοφίᾳ]
1266 2250 1306 2282 In
1341 2261 1410 2282 uno
1442 2250 1517 2282 cod.

873 2295 1020 2328 alterum
1052 2293 1113 2328 τὸν
1144 2296 1250 2328 abest.
1298 2295 1402 2327 Male.
1450 2295 1517 2327 Sed

873 2343 1011 2384 saepius
1043 2341 1109 2373 hoc
1139 2341 1175 2372 in
1207 2350 1333 2383 genere
1357 2344 1517 2373 erratum.

872 2387 1152 2428 Xenophont.
1178 2386 1319 2418 Hieron.
1349 2386 1376 2417 Ι.
1407 2387 1437 2426 ξ.
1463 2385 1517 2419 18.

873 2433 1074 2464 etiamnunc
1120 2431 1378 2464 circumfertur:
1434 2429 1518 2465 ὥςτε

874 2476 975 2519 ταύτῃ
998 2480 1140 2518 πρῶτον
1164 2480 1200 2519 τῇ
1224 2474 1435 2518 εὐφροσύνῃ
1461 2480 1518 2518 τῆς

874 2522 1013 2556 ἐλπίδος
1026 2525 1262 2561 μειονεκτοῦσι
1276 2525 1345 2554 τῶν
1357 2521 1517 2556 ἰδιωτῶν,

873 2569 934 2600 ubi
972 2567 1092 2609 procul
1126 2567 1231 2600 dubio
1262 2566 1517 2610 reponendum:

876 2616 914 2655 τῇ
951 2610 1160 2655 εὐφροσύνῃ
1200 2616 1238 2655 τῇ
1276 2616 1332 2655 τῆς
1368 2611 1516 2645 ἐλπίδος.

875 2658 1009 2690 Deinde
1044 2657 1143 2690 ἐστὶν
1177 2657 1360 2698 διαφέρων
1390 2657 1516 2688 dietum

874 2714 935 2745 pro
961 2702 1129 2744 διαφέρει.
1160 2714 1192 2735 v.
1218 2703 1262 2735 ad
1286 2702 1460 2734 Phaedon.
1486 2712 1517 2743 p.

875 2747 951 2781 158.
977 2748 1058 2781 coll.
1081 2749 1169 2781 Ast.
1194 2748 1237 2780 ad
1261 2748 1368 2790 Legg.
1393 2758 1424 2789 p.
1440 2745 1516 2779 212.

1206 2814 1248 2848 17

1571 2541 1586 2569 l
