1696 2976
515 62 586 98 AD
618 60 1052 98 PROTAGORAM.
1465 59 1517 101 17

208 173 314 214 Haec
332 185 426 213 vero
447 173 577 213 omnia
597 170 708 212 Plato
735 183 785 210 ne
806 173 934 212 iuveni
954 172 1110 223 quidem
1123 169 1172 224 ²⁰)
1186 171 1338 212 Socrati
1358 172 1518 213 tribuis-

93 234 162 275 set,
193 231 267 270 nisi
295 243 426 270 veram
457 231 540 270 eius
568 227 815 280 colloquendi
842 230 1036 268 rationem
1065 228 1252 269 voluisset
1281 230 1517 280 exprimere.

93 285 218 337 Eique
252 288 427 327 instituto
449 286 727 326 convenienter
748 287 964 326 sententiae
987 286 1124 331 etiam,
1155 298 1252 338 quas
1275 286 1458 326 Socrates
1477 287 1518 326 in

93 343 168 382 hoc
203 344 356 396 dialogo
384 344 553 396 profert,
594 342 641 382 ad
671 342 909 382 Socraticam
947 343 1165 382 doctrinam
1202 343 1519 383 accommodatae

92 405 193 440 sunt.
246 401 505 441 Vehementer
526 399 630 439 enim
658 410 730 438 nos
760 397 808 438 de
836 398 909 437 hac
938 411 982 439 re
1004 412 1026 438 a
1054 399 1311 439 Stallbaumio
1340 399 1520 439 dissenti-

95 469 194 502 mus,
218 458 283 509 qui
304 459 447 503 omnia,
470 467 727 510 quaecunque
750 455 901 494 Socrati
922 456 1051 495 minus
1072 456 1237 496 honesta
1255 468 1341 496 esse
1361 456 1520 496 videan-

92 518 169 558 tur,
203 527 223 554 e
253 514 515 565 sophistarum
549 511 731 563 vulgique
769 513 955 563 opinione
985 519 1023 551 et
1052 518 1184 552 mente
1214 512 1407 563 disputata
1437 525 1522 553 esse

93 571 235 610 statuit.
288 571 421 622 ltaque
450 581 548 623 quae
579 569 627 608 de
655 568 884 608 fortitudine
914 569 1182 614 disseruntur,
1214 581 1279 614 ea,
1311 571 1437 621 inquit
1464 571 1522 608 vir

94 625 412 678 doctissimus21)‚
435 628 614 667 Socrates
635 624 822 677 pleraque
844 626 975 664 omnia
996 626 1044 665 ad
1072 631 1245 665 mentem
1274 627 1396 677 ipsius
1423 626 1521 665 Pro-

93 688 251 733 tagorae
282 685 473 736 disputat,
501 684 554 722 ita
584 682 742 734 quidem
770 687 812 721 ut
841 695 929 721 eum
951 694 1024 733 per
1045 694 1154 722 suam
1183 684 1308 734 ipsius
1328 684 1520 723 rationem

92 739 132 778 in
156 739 333 780 fraudem
356 747 394 780 et
414 751 589 780 errorem
610 738 780 778 inducat.
812 738 910 778 Nam
932 739 1114 779 Socrates
1135 742 1241 791 ipse,
1275 741 1347 780 etsi
1368 740 1521 779 fortitu-

94 796 223 836 dinem
254 810 410 850 quoque
438 798 479 836 in
507 797 668 835 scientia
697 796 864 847 positam
894 808 979 836 esse
1010 796 1218 841 iudicabat,
1241 801 1373 836 tamen
1395 797 1521 836 neuti-

95 865 211 904 quam
234 867 320 894 eam
341 854 494 894 volebat
521 854 648 892 inesse
677 853 716 891 in
738 851 875 892 callida
898 853 1066 904 quadam
1097 865 1231 892 rerum
1259 853 1521 892 iucundarum

95 914 160 948 aut
188 911 510 954 iniucundarum,
543 909 866 961 metuendarum‚
895 915 961 948 aut
987 921 1068 948 non
1095 909 1397 949 metuendarum
1426 909 1522 949 deli-

93 965 317 1013 beratione,
354 968 401 1007 ad
435 978 551 1019 quam
585 978 704 1005 unam
740 978 834 1005 sane
864 965 970 1005 illam
1003 966 1230 1006 referebant
1267 967 1334 1017 qui
1367 967 1520 1006 virtutis

94 1022 319 1074 dignitatem
340 1037 419 1064 uno
440 1023 615 1063 utilitatis
632 1022 760 1062 studio
790 1022 1073 1062 terminabant:
1105 1023 1184 1061 imo
1206 1035 1295 1062 eum
1316 1035 1389 1074 pro
1412 1028 1520 1063 certo

94 1084 132 1118 et
152 1080 352 1132 explorato
374 1081 566 1120 habemus
588 1091 673 1118 eam
694 1080 909 1124 scientiam,
942 1090 1042 1130 quae
1062 1080 1335 1131 requireretur
1363 1080 1411 1119 ad
1441 1079 1520 1119 for-

94 1137 319 1183 titudinem,
348 1139 441 1177 item
472 1139 512 1175 in
535 1136 628 1175 boni
660 1136 834 1187 rectique
864 1135 1088 1186 cognitione
1117 1140 1234 1187 atque
1263 1141 1369 1175 certa
1400 1136 1521 1176 officii

93 1196 349 1244 persuasione
370 1194 535 1245 positam
567 1191 810 1232 iudicavisse.
871 1192 1078 1244 Idemque,
1110 1193 1214 1243 quod
1237 1192 1420 1232 Socrates
1449 1192 1520 1232 ho-

94 1255 247 1289 nestum
271 1256 307 1290 et
328 1250 538 1290 iucundum
567 1248 672 1288 idem
701 1261 786 1288 esse
808 1249 861 1287 ait
889 1249 1067 1301 adeoque
1087 1248 1284 1300 voluptate
1311 1250 1364 1289 ita
1385 1249 1520 1293 fruen-

95 1306 187 1345 dum
217 1307 450 1352 arbitratur,
487 1311 532 1346 ut
560 1305 607 1344 ad
630 1306 712 1344 eius
733 1317 848 1344 usum
888 1306 1075 1357 sapientia
1112 1305 1365 1350 adhibeatur,
1403 1307 1520 1346 huius

95 1366 309 1403 sententiae
330 1369 514 1403 auctores
536 1362 626 1401 facit
646 1362 855 1413 sophistas.
896 1361 1012 1401 Nam:
1042 1361 1147 1401 haud
1175 1363 1271 1407 scio,
1302 1363 1447 1414 inquit,
1471 1375 1520 1402 an

96 1420 276 1459 Socrates
296 1421 336 1459 in
360 1433 405 1460 eo
432 1420 517 1459 loco
546 1419 678 1470 potius
705 1419 879 1469 ipsorum
902 1418 1167 1469 sophistarum
1189 1420 1394 1470 opiniones
1423 1419 1519 1458 Pro-

95 1481 254 1528 tagorae
288 1483 499 1529 proponat,
538 1488 615 1527 quo
650 1474 803 1514 facilius
840 1487 927 1514 eum
957 1475 1098 1514 deinde
1127 1475 1276 1527 laqueis
1307 1475 1520 1516 dialecticis

94 1533 257 1573 irretiat.
308 1533 454 1573 Verum
475 1533 580 1572 enim
607 1543 700 1571 vero
722 1531 956 1582 Protagoras
978 1532 1151 1571 Socratis
1171 1533 1404 1572 sententiam
1426 1531 1520 1572 alte-

94 1602 178 1629 ram
199 1591 367 1642 graviter
387 1589 540 1635 refellit,
563 1587 726 1628 alteram
747 1599 841 1627 num
870 1587 1146 1639 amplectatur,
1160 1588 1428 1635 *vehementer
1450 1589 1520 1629 du-

95 1645 201 1685 bitat.
262 1647 310 1686 Et
339 1648 530 1691 Socrates,
567 1646 632 1685 cui
657 1644 881 1696 Xenophon
902 1643 1093 1697 scribit2‘2)
1124 1643 1337 1697 placuisse,
1366 1645 1460 1685 utile
1483 1650 1522 1685 et

96 1702 244 1743 bonum
265 1704 368 1743 idem
399 1716 498 1749 esse,
520 1708 628 1742 recte
651 1714 695 1740 ac
716 1702 802 1740 iure
824 1714 846 1740 a
866 1700 1028 1741 Platone
1056 1702 1109 1741 ita
1140 1701 1342 1752 disputans
1369 1702 1520 1742 induci-

96 1765 173 1808 tur,
197 1765 238 1800 ut
267 1760 493 1806 iucundum,
516 1759 620 1810 quod
649 1758 807 1810 quidem
831 1769 1029 1809 nunquam
1063 1770 1141 1796 non
1168 1758 1340 1798 iucunde
1367 1759 1520 1804 afficiat,

96 1815 195 1855 nihil
216 1816 317 1855 aliud
341 1829 426 1856 esse
447 1829 492 1855 ac
512 1815 662 1854 bonum
683 1819 838 1854 statuat.
900 1814 1045 1853 Haeret
1073 1819 1202 1854 autem
1230 1815 1329 1854 haec
1350 1815 1521 1854 Socratis

96 1874 287 1912 sententia
307 1874 348 1912 in
358 1872 600 1912 nobilissimo
620 1870 686 1910 illo
701 1870 872 1917 decreto,
894 1883 972 1922 quo
993 1883 1130 1910 omnes
1149 1871 1312 1911 virtutes
1332 1871 1380 1911 ad
1402 1884 1521 1911 unam

97 1931 324 1980 sapientiam
345 1929 586 1969 revocandas
607 1940 693 1968 esse
713 1928 905 1966 iudicavit.
958 1925 1065 1972 Quae
1087 1939 1208 1978 quum
1226 1929 1277 1967 ita
1294 1929 1383 1974 sint,
1397 1927 1518 1974 Plato,

98 1998 213 2037 quem
236 1987 284 2026 ad
313 1986 473 2026 modum
502 1985 549 2024 ad
570 1985 810 2035 Protagorae
837 1983 1081 2035 aliorumque
1112 1984 1377 2035 sophistarum
1405 1984 1520 2024 disci-

99 2042 242 2093 plinam
261 2042 531 2094 exponendam
562 2046 599 2081 et
620 2053 683 2080 res
703 2042 808 2091 ipsas
837 2053 934 2092 quas
955 2040 1172 2086 docebant,
1203 2041 1452 2092 significavit,
1482 2047 1520 2081 et

99 2099 266 2139 docendi
285 2101 386 2139 viam
408 2112 453 2139 ac
473 2099 665 2138 rationem
687 2097 857 2143 effinxit,
887 2098 942 2135 sic
964 2097 1012 2136 de
1033 2097 1223 2136 industria
1246 2110 1302 2143 ea,
1326 2110 1426 2150 quae
1447 2099 1518 2137 So-

100 2157 196 2195 crati
215 2156 362 2203 tribuit,
391 2155 531 2207 placita
561 2167 606 2194 ac
628 2155 785 2194 decreta
807 2166 827 2192 e
858 2154 1054 2193 Socratica
1084 2154 1263 2193 doctrina
1291 2155 1518 2207 repetivisse

101 2218 138 2251 et
159 2212 240 2251 eius
270 2213 491 2264 disputandi
512 2212 701 2251 rationem
726 2211 962 2262 expressisse
984 2211 1181 2261 putandus
1203 2215 1272 2251 est.

212 2269 438 2308 Proximum
467 2273 543 2314 est,
577 2273 619 2307 ut
645 2267 864 2313 videamus,
901 2279 993 2318 quo
1028 2272 1252 2318 tempore
1283 2267 1360 2307 hic
1388 2267 1519 2307 liber

101 2327 421 2377 conscriptus
444 2326 525 2370 sit,
554 2330 591 2364 et
620 2324 818 2375 quando
849 2322 1159 2375 colloquium
1191 2323 1413 2374 fingatur
1433 2324 1518 2364 ha-

99 2381 268 2427 bitum,
329 2383 452 2433 Atque
482 2381 530 2420 de
559 2382 898 2432 priore'tempore
927 2379 1125 2432 plerisque
1154 2380 1436 2431 interpretibus
1465 2382 1518 2420 ita

101 2440 221 2477 visum
246 2445 314 2484 est,
337 2443 378 2477 ut
397 2437 486 2477 libri
509 2437 792 2476 confectionem
822 2437 870 2476 ad
891 2435 1062 2476 Platonis
1093 2435 1396 2477 adolescentiam
1417 2437 1519 2477 refe-

101 2495 262 2535 rendam
274 2508 358 2536 esse
378 2498 607 2534 statuerent.
640 2494 801 2533 Socrate
811 2494 914 2532 enim
934 2494 1019 2531 vivo
1030 2490 1080 2544 23)
1100 2493 1206 2533 hunc
1215 2505 1437 2534 sermonem
1458 2493 1519 2532 lit-

134 2651 141 2662 Ι
164 2608 222 2651 20)
253 2609 294 2642 P.
312 2610 378 2642 314
399 2608 447 2640 B:
492 2603 602 2651 ἡμεῖς
629 2600 700 2650 γὰρ
728 2602 783 2640 ἔτι
811 2603 916 2648 νέοι,
946 2597 1040 2639 ὥστε
1068 2604 1225 2640 τοσοῦτο
1252 2605 1408 2650 πρᾶγμα
1438 2605 1518 2638 διε-

104 2653 417 2739 ²“sagius‘Praefan
435 2698 523 2733 edit.
540 2697 687 2732 secund.
705 2707 740 2740 p.
758 2699 802 2730 30
819 2706 874 2739 sq.

170 2743 230 2784 22)
255 2745 482 2778 Memorabil.
499 2745 561 2776 IV.
579 2744 609 2781 6,
624 2743 646 2775 8
662 2753 715 2785 sq.

171 2790 228 2830 23)
253 2790 398 2823 Fabric.
417 2789 594 2822 Biblioth.
620 2787 752 2823 Graec,
770 2787 836 2821 III.
855 2787 900 2819 86
922 2786 1143 2830 Protagoras
1166 2787 1234 2820 hoc
1258 2785 1403 2829 dialogo
1419 2784 1517 2821 lecto

152 2857 256 2881 PLAT,
284 2857 390 2882 PROT.
1221 2841 1249 2883 2
