1682 2944
256 280 308 314 22
722 263 1114 314 Pnomeoimm

257 390 415 437 partem,
444 386 485 424 in
513 399 591 437 qua
619 386 751 424 insunt
778 385 1016 435 cupiditates,
1044 385 1187 423 dolium
1215 385 1392 435 appellat,
1420 385 1521 436 quod
1549 385 1589 423 in

259 442 388 480 stultis
419 446 458 479 et
486 454 562 478 non
590 440 750 479 initiatis
777 442 1010 490 perforatum
1038 441 1108 487 sit,
1145 441 1201 479 ita
1239 445 1284 479 ut
1311 440 1490 479 continuo
1516 441 1588 479 dif-

261 497 359 535 fluat
387 497 573 548 quidquid
600 496 835 534 infundatur.
893 497 1030 547 Itaque
1066 496 1167 534 idem
1195 496 1259 534 ille
1289 508 1372 542 eos,
1411 496 1478 547 qui
1504 508 1589 546 per·

261 557 376 602 petuo
403 552 443 590 id
472 555 598 601 agant,
626 555 671 590 ut
698 551 924 601 cupiditates
942 552 1123 601 expleant
1149 563 1249 597 suas,
1277 550 1325 588 iis
1343 551 1485 589 similes
1507 564 1589 589 esse

262 607 455 654 iudicavit,
484 608 550 659 qui
581 608 681 657 apud
699 606 840 644 inferos
868 607 909 645 in
935 607 1078 645 dolium
1096 607 1329 656 perforatum
1348 606 1468 644 cribro
1498 606 1589 644 item

261 664 451 713 perforato
490 675 628 714 aquam
667 662 866 700 infundere
904 666 1117 700 narrantur.
1191 660 1428 713 Quamquam
1467 662 1590 701 sentio

262 719 361 756 hanc
388 719 591 767 imaginem
619 731 696 756 non
723 718 761 755 id
790 718 1030 764 effecturam,
1069 721 1116 756 ut
1152 721 1259 755 tuam
1286 721 1411 755 mutes
1439 722 1589 756 senten-

260 774 365 813 tiam.
422 775 559 825 Itaque
588 774 701 811 aliam
728 786 829 811 nunc
856 774 992 811 addam
1029 773 1344 823 comparationem
1382 785 1431 810 ex
1459 773 1589 811 eadem

261 830 389 867 schola
414 830 625 879 repetitam.
673 829 880 877 Fingamus
906 828 1025 877 igitur
1051 829 1198 866 duobus
1226 827 1442 866 hominibus
1469 828 1591 866 multa

261 898 342 923 esse
361 885 472 931 dolia,
502 885 651 932 integra
669 884 779 923 alteri
807 889 847 922 et
867 884 967 930 vino,
995 884 1118 930 melle,
1136 884 1246 930 lacte,
1275 883 1359 921 aliis
1380 883 1590 935 liquoribus

261 941 426 990 repleta,
455 941 647 989 perforata
674 940 795 985 alteri,
823 939 976 989 putrida
1013 943 1053 977 et
1092 939 1267 977 laticibus
1296 939 1343 976 ad
1371 951 1588 989 comparan-

261 997 352 1033 dum
389 995 622 1033 difficillimis
659 995 836 1045 impleta:
875 995 940 1033 ille
977 994 1025 1032 de
1061 994 1171 1032 doliis
1208 994 1287 1032 suis
1325 994 1398 1032 erit
1435 1007 1589 1032 securus

261 1064 385 1102 neque
405 1052 483 1088 ullo
513 1051 623 1088 modo
648 1050 849 1097 sollicitus;
879 1050 941 1087 hic
967 1050 1047 1087 dies
1073 1054 1278 1100 noctesque
1306 1061 1397 1087 cura
1423 1055 1462 1087 et
1489 1049 1591 1087 solli-

262 1107 429 1145 citudine
448 1110 619 1155 angetur,
639 1109 683 1144 ut
701 1110 888 1157 quantum
897 1105 1121 1151 diffluxerit,
1141 1109 1292 1143 tantum
1301 1105 1425 1142 denuo
1440 1105 1482 1142 in
1491 1105 1591 1143 dolia

261 1162 497 1208 infundatur,
524 1162 736 1212 misereque
756 1161 995 1199 cruciabitur.
1023 1159 1125 1201 Quid
1144 1160 1263 1209 igitur
1281 1159 1436 1198 censes?
1463 1173 1589 1198 nonne

262 1217 317 1255 illi
338 1222 552 1267 temperans
572 1217 705 1255 similis
715 1220 783 1263 est,
803 1216 892 1254 huie
902 1229 993 1254 vero
1002 1214 1281 1266 intemperans?
1299 1220 1339 1254 et
1356 1228 1481 1253 nonne
1499 1216 1588 1253 inde

262 1277 419 1322 apparet
447 1273 656 1311 modestam
682 1272 804 1310 vitam
832 1271 1100 1321 intemperanti
1127 1284 1210 1309 esse
1242 1271 1457 1320 longissime
1484 1275 1590 1309 ante-

181 1333 186 1344 '
261 1327 496 1378 ponendam?
527 1329 568 1365 P.
581 1328 895 1365 492.E.—494.
908 1329 955 1364 A.
983 1328 1127 1365 Verum
1154 1327 1256 1365 enim
1284 1339 1385 1372 vere,
1413 1327 1591 1378 quemad·

262 1385 414 1421 modum
432 1383 623 1433 superiore
640 1382 707 1420 illa
725 1382 971 1421 similitudine
989 1395 1066 1420 non
1081 1382 1206 1431 potuit
1222 1382 1394 1420 Callicles
1414 1382 1461 1419 ad
1478 1394 1590 1432 repu-

262 1438 438 1476 diandam
457 1438 682 1476 sententiam
702 1450 809 1475 suam
828 1437 1051 1487 permoveri,
1070 1437 1127 1475 ita
1142 1450 1191 1475 ne
1210 1437 1282 1475 hac
1301 1437 1420 1475 altera
1437 1436 1590 1488 quidem

262 1495 436 1541 efficitur,
457 1498 502 1533 ut
519 1494 600 1531 sola
618 1493 869 1543 temperantia
886 1493 1006 1531 vitam
1021 1492 1171 1531 felicem
1190 1497 1229 1530 et
1246 1493 1397 1531 beatam
1406 1493 1590 1531 contineri

262 1551 452 1588 concedat.
494 1551 616 1587 Acute
637 1549 738 1587 enim
757 1548 900 1586 iudicat
918 1561 1017 1594 eum,
1046 1548 1107 1586 cui
1126 1548 1228 1586 dolia
1245 1551 1428 1597 perpetuo
1446 1548 1592 1598 repleta

262 1609 451 1651 maneant,
479 1605 623 1641 nullam
643 1604 804 1653 amplius
822 1604 1013 1653 percipere
1031 1604 1278 1653 voluptatem,
1306 1607 1350 1641 ut
1368 1615 1466 1654 quae
1486 1604 1592 1641 nulla

263 1660 338 1698 alia
366 1674 405 1698 re
426 1664 674 1709 comparetur,
704 1659 775 1696 nisi
797 1659 974 1698 continuo
991 1659 1191 1696 hauriendi
1210 1658 1510 1710 infundendique
1538 1659 1591 1696 la-

264 1717 363 1754 bore.
394 1716 435 1753 P.
447 1719 538 1753 494.
550 1717 596 1752 A.
607 1715 649 1752 B.
678 1713 805 1755 Quum
824 1714 944 1763 igitur
963 1715 1135 1752 Socrates
1153 1714 1346 1751 hominem
1363 1714 1489 1752 videat
1510 1727 1592 1763 per·

255 1771 440 1809 tinaciter
465 1771 565 1808 tueri
595 1770 824 1808 sententiam
853 1782 981 1816 suam,
1019 1769 1143 1807 missis
1170 1769 1398 1817 imaginibus
1427 1774 1466 1807 et
1493 1782 1590 1806 com-

262 1826 522 1876 parationibus
551 1826 599 1863 ad
627 1825 833 1863 disserendi
864 1824 1116 1863 subtilitatem
1142 1824 1351 1863 revertitur
1378 1837 1498 1875 eaque
1517 1825 1591 1862 uti-

263 1888 326 1920 tur
353 1886 429 1920 tam
458 1882 666 1931 prudenter
684 1885 800 1931 atque
820 1880 997 1929 graviter,
1027 1884 1071 1919 ut
1097 1880 1161 1918 ille
1188 1893 1279 1917 mox
1306 1879 1347 1917 in
1374 1879 1449 1917 alia
1467 1879 1593 1917 omnia

263 1937 424 1975 transire
461 1940 628 1985 cogatur.
695 1937 840 1986 Nempe
878 1940 938 1974 est
971 1948 1062 1974 sane
1100 1935 1164 1973 hic
1201 1947 1283 1973 mos
1310 1935 1498 1981 Platonis,
1537 1939 1592 1981 ut,

262 1992 381 2030 sicubi
419 1991 626 2042 disputatio
665 2004 741 2029 non
777 1995 856 2030 tam
892 1992 939 2029 ad
977 2003 1096 2030 vanas
1123 1990 1319 2040 opiniones
1355 1991 1592 2036 refellendas,

261 2060 375 2099 quam
403 2048 450 2085 ad
486 2059 619 2086 verum
659 2047 936 2098 exquirendum
973 2051 1088 2097 atque
1125 2046 1458 2084 demonstrandum
1493 2058 1591 2083 eom-

263 2107 396 2152 parata
423 2107 500 2149 est,
539 2103 731 2140 Socratem
768 2114 879 2139 suum
907 2101 1037 2140 iubeat
1069 2101 1258 2140 severiore
1297 2100 1356 2139 uti
1385 2101 1591 2146 dialectica,

262 2171 360 2209 quae
388 2159 436 2196 ab
457 2157 602 2206 argutis
621 2157 925 2196 cavillationibus
951 2161 990 2195 et
1009 2156 1184 2206 captiosis
1202 2156 1592 2205 argumentationibus

263 2214 462 2252 abstineat.
525 2212 778 2254 Quamobrem
815 2212 952 2250 dehine
996 2212 1150 2250 iucundi
1191 2216 1230 2250 et
1267 2211 1354 2249 boni
1391 2211 1590 2249 discrimen

262 2272 371 2307 tanta
406 2269 595 2318 gravitate
631 2269 930 2314 demonstratur,
969 2272 1013 2306 ut
1040 2267 1288 2317 philosophus
1316 2266 1430 2305 etiam
1460 2273 1591 2317 postea

262 2324 302 2362 in
330 2325 402 2362 hae
431 2337 563 2363 caussa
591 2324 724 2362 iisdem
754 2323 988 2385 argumentis
1015 2335 1108 2361 usus
1136 2335 1219 2360 esse
1245 2322 1466 2372 reperiatur
1524 2322 1588 2359 Vi-

263 2380 419 2418 deamus
445 2380 565 2428 igitur
592 2380 667 2417 iam
696 2380 742 2417 de
771 2379 938 2416 universi
968 2378 1037 2416 loci
1066 2378 1113 2416 ad
1141 2391 1289 2416 omnem
1309 2377 1477 2416 Platonis
1505 2376 1589 2426 phi-

264 2436 471 2485 losophiam
499 2446 590 2473 sane
610 2448 725 2498 quam
740 2433 953 2482 gravissimi
973 2438 1206 2482 argumento.
1225 2454 1282 2461 —-
1300 2433 1340 2471 Si
1367 2433 1450 2471 vita
1467 2434 1591 2494 beata,

263 2491 390 2542 inquit
417 2491 608 2537 Socrates,
645 2491 685 2527 in
720 2502 765 2527 oo
793 2490 978 2535 cernitur,
1017 2493 1062 2527 ut
1089 2489 1299 2527 esurientes
1327 2489 1501 2534 edamus,
1540 2487 1589 2525 si-

263 2546 403 2585 tientes
430 2546 624 2590 bibamus,
663 2546 826 2597 denique
853 2545 1080 2595 cupiditates
1107 2550 1255 2583 nostras
1282 2556 1410 2582 omnes
1438 2543 1590 2593 explea-

263 2614 369 2648 mus,
408 2601 522 2640 etiam
550 2600 729 2646 scabiosi,
768 2601 859 2638 dum
887 2613 969 2639 sese
997 2600 1154 2647 fricant,
1194 2603 1311 2652 atque
1336 2598 1364 2637 ii
1377 2627 1386 2645 ,
1415 2599 1492 2649 qui·
1509 2603 1591 2637 tur-

263 2657 429 2706 pissimis
455 2669 496 2695 se
524 2657 669 2695 dedunt
696 2656 969 2706 voluptatibus,
998 2655 1126 2694 felices
1156 2655 1333 2707 beatique
1351 2653 1587 2705 praedicandi

265 2719 388 2759 erunt,
416 2713 448 2750 si
467 2712 620 2763 quidem
637 2711 786 2750 nullum
805 2711 993 2761 reperitur
1018 2711 1120 2750 inter
1134 2712 1352 2761 voluptates
1377 2709 1588 2747 discrimen.

264 2767 363 2808 Vide
392 2768 525 2817 igitur,
561 2780 584 2807 ο
612 2769 729 2815 bone,
768 2780 818 2806 ne
853 2768 1031 2818 voluptas
1067 2780 1143 2806 non
1179 2765 1332 2805 omnino
1357 2765 1519 2804 honesta
1547 2776 1591 2803 ae
