1702 2924
406 158 654 200 GORGIAS.
685 158 730 198 P.
761 160 855 197 461.
887 160 981 197 462.
1011 158 1072 198 ed.
1103 157 1160 198 St.
1386 160 1464 196 129

100 272 231 322 ,,Σοῦ
267 269 411 324 μακρὰ
447 268 648 323 λέγοντος
675 267 745 310 καὶ
773 265 832 322 μὴ
861 266 1087 317 ἐθέλοντος
1112 264 1161 308 τὸ
1189 264 1467 320 ἐρωτώμενον

102 335 428 388 ἀποκρίνεσθαι,
457 329 511 377 οὗ
533 329 631 376 δείν’
655 333 711 375 ἂν
732 329 788 375 αὗ
817 331 900 387 ἐγὼ
928 334 1127 387 πάθοιμι,
1156 332 1192 373 εἰ
1218 329 1276 386 μὴ
1306 330 1467 383 ἐξέσται

102 417 174 454 μοι
214 399 384 442 ἀπιέναι
423 400 493 443 καὶ
520 400 578 454 μὴ
607 399 783 442 ἀκούειν
809 408 892 440 σου
907 416 918 448 3
933 407 954 421 ’‘
994 394 1080 440 ἀλλ’
1109 398 1150 440 εἴ
1172 413 1213 439 τι
1238 398 1356 452 κήδει
1383 401 1464 439 τοῦ
1493 399 1578 443 462

103 467 237 521 λόγου
266 473 344 509 τοῦ
372 465 599 520 εἰρημένου
626 464 696 507 καὶ
723 464 1116 517 ἐπανορθώσασθαι
1144 463 1278 506 αὐτὸν
1305 464 1464 517 βούλει.

105 529 242 586 ὥςπερ
270 538 354 573 νῦν
381 532 433 586 δὴ
461 529 622 584 ἔλεγον,
653 529 921 584 ἀναθέμενος
948 526 972 572 ὅ
1001 547 1040 572 τι
1067 540 1134 572 σοι
1161 530 1292 582 δοκεῖ,
1332 529 1379 571 ἐν
1406 535 1465 582 τῷ

102 596 217 652 μέρει
240 597 411 650 ἐρωτῶν
432 611 475 638 τε
497 596 568 638 καὶ
597 594 881 650 ἐρωτώμενος,
912 592 1049 649 ὥςπερ
1079 595 1162 649 ἐγώ
1190 609 1234 636 τε
1263 595 1333 637 καὶ
1358 598 1464 646 Γορ-

102 663 212 716 γίας,
242 659 380 716 ἔλεγχέ
409 677 452 704 τε
480 661 551 705 καὶ
581 660 769 716 ἐλέγχου.
797 658 885 715 φῂς
911 662 995 715 γὰρ
1023 661 1167 716 δήπου
1195 660 1267 702 καὶ
1294 661 1348 702 σὺ
1378 659 1464 702 ἐπί-

102 731 287 770 στασθαι
339 727 446 782 ἅπερ
486 727 682 781 Γοργίας.
723 726 750 780 ἢ
790 729 867 776 οὕς
929 728 1077 768 ΠῼΛ.
1119 723 1296 780 ’'Eycoye.
1361 727 1463 767 2352..

107 786 283 835 Οὐκοῦν
322 792 394 835 καὶ
431 788 486 834 σὺ
526 793 706 841 κελεύεις
728 792 908 845 ,σαυτὸν
945 790 1108 845 ἐρωτᾶν
1147 790 1344 833 ἑκάστοτε
1374 787 1399 832 ὅ
1426 806 1466 832 τι

101 862 158 901 ἀν
183 873 246 907 τις
274 859 499 913 βούληται,
540 858 598 908 ὡς
627 857 904 912 ἐπιστάμενος
932 857 1263 909 ἀποκρίνεσθαι;
1316 858 1463 898 ΠῼΛ.

919 991 978 1024 Sic
1012 991 1129 1024 Clark.
1162 991 1268 1025 Coisl.
1301 992 1388 1024 Ven.
1424 990 1464 1023 Ξ.

102 1038 180 1071 Par.
202 1038 433 1071 BCFIVW.
466 1038 568 1071 Vind.
586 1037 617 1071 1.
634 1037 665 1072 6.
701 1037 795 1070 Flor.
813 1049 843 1070 a.
863 1037 897 1070 b.
922 1047 950 1069 c.
976 1048 1022 1069 m.
1046 1048 1076 1069 o.
1101 1048 1135 1069 X.
1159 1042 1193 1069 et
1216 1047 1302 1069 corr.
1319 1037 1398 1071 Vat.
1417 1037 1462 1068 A.

101 1089 171 1125 pro·
184 1083 280 1126 vulg.
305 1081 388 1115 ἀλλὰ
409 1081 557 1118 ἀντίθες
580 1083 614 1115 τὸ
639 1086 704 1115 σοῦ
729 1095 757 1115 κ.
784 1095 808 1115 τ.
834 1084 861 1115 λ.
896 1083 982 1114 Ven.
1006 1081 1050 1114 Σ.
1071 1082 1174 1114 Vind.
1195 1081 1228 1115 2.
1252 1079 1380 1114 ἀντίθε
1405 1094 1463 1114 τοι.

102 1129 180 1161 Par.
203 1129 244 1162 Ε.
268 1125 412 1163 ἀντιθές
438 1141 476 1169 τι,
502 1139 569 1172 quo
593 1133 627 1162 et
649 1130 724 1171 ipso
749 1132 888 1171 recepta
910 1128 1012 1160 lectio
1038 1127 1271 1160 confirmatur.

167 993 207 1025 E.
254 990 355 1025 ἀλλὰ
385 990 576 1027 ἀντίθες
609 1003 687 1025 τοι·
723 995 801 1024 σοῦ
831 991 884 1035 μ]

171 1194 224 1230 οὐ
256 1194 364 1229 δείν’
396 1194 452 1228 ἄν
481 1191 527 1229 αὖ
558 1195 637 1240 ἐγὼ
670 1195 725 1237 m]
759 1193 806 1228 ἂι·
836 1195 942 1238 vulgo
973 1196 1138 1228 omissum
1170 1199 1260 1228 recte
1284 1201 1465 1227 servarunt

104 1242 221 1274 Clark.
245 1241 353 1274 Coisl.
377 1242 462 1274 Ven.
490 1243 528 1274 Ξ.
562 1241 664 1275 Vind.
690 1239 720 1274 6.
753 1242 831 1273 Par.
854 1241 1048 1285 BsslVW.
1080 1241 1172 1273 Flor.
1196 1252 1226 1275 a.
1251 1240 1283 1273 b.
1309 1251 1339 1273 c.
1363 1240 1395 1273 d.
1419 1252 1463 1272 m.

105 1299 135 1319 ο.
161 1299 194 1319 x.
228 1287 269 1319 In
293 1287 370 1320 Vat.
396 1288 440 1319 A.
466 1287 613 1329 aliisque
638 1286 817 1319 nonnullis
842 1286 886 1318 αὑ
911 1286 1017 1318 deest.

171 1355 210 1387 P.
234 1353 312 1388 462.
363 1365 408 1387 κε
417 1355 458 1387 λε
468 1352 488 1386 υ’
497 1365 514 1386 ε
523 1367 534 1387 ι
543 1366 559 1388 s·
588 1360 612 1386 ’σ
622 1366 643 1386 α
653 1366 672 1386 υ
682 1351 725 1386 τὸ
739 1353 776 1397 ν]
814 1354 872 1386 Sic
904 1353 1002 1386 codd.
1032 1354 1151 1397 optimi
1182 1357 1285 1396 atque
1314 1353 1463 1397 plurimi.

105 1400 196 1433 Vett.
218 1399 315 1432 editt.
342 1397 499 1432 σεαυτόν.

105 1534 225 1563 recte
263 1529 482 1562 concessa
519 1534 667 1572 putes,
706 1528 750 1560 id

104 1580 175 1608 tuo
189 1574 419 1608 arbitratu
434 1578 660 1617 permutes
672 1578 749 1613 etc„

104 1631 149 1653 ex
194 1631 262 1663 qua.
302 1621 583 1663 interpretatione
621 1620 750 1652 Hein-

107 1666 276 1698 dorfius
299 1665 508 1699 coniioiebat
534 1669 614 1708 post
636 1664 748 1697 ἐθέλω

106 1711 275 1745 excidisse
304 1710 437 1744 δοῦναι.
484 1712 611 1743 Verum
633 1714 750 1743 tamen

106 1757 195 1789 nihil
218 1757 430 1789 mutandum.
477 1757 566 1790 Nam
590 1756 750 1789 Socrates

108 1802 207 1835 illum
219 1802 332 1844 ipsum
346 1802 460 1835 locum
473 1802 661 1844 respiciens
681 1802 751 1833 iam

107 1858 144 1880 se
175 1858 311 1890 quoque
340 1851 498 1890 paratum
525 1857 600 1880 esse
624 1847 751 1879 fatetur

107 1892 151 1925 ad
165 1893 382 1926 retractanda
399 1903 452 1932 ea,
476 1903 564 1935 quae
588 1902 751 1925 concessa

107 1939 193 1978 sint,
226 1939 255 1970 si
287 1938 370 1979 quid
399 1937 484 1970 Polo
516 1938 630 1970 minus
662 1937 750 1970 bene

109 1993 308 2015 concessum
358 1982 527 2015 videatur.
596 1983 637 2015 In
684 1993 751 2024 quo

108 2029 260 2061 urbanae
290 2028 421 2066 ironiae
451 2027 592 2060 aculeus
623 2031 684 2060 est.
707 2045 752 2050 —

109 2073 261 2106 Verbum
289 2071 526 2106 ἀνατίθεσθαι
555 2083 616 2115 per
650 2077 754 2105 meta-

107 2118 249 2160 phoram
287 2129 308 2151 a
343 2118 554 2151 calculorum
588 2118 668 2150 lusu
703 2129 753 2150 re-

108 2164 251 2206 petitam
288 2163 356 2196 dici
383 2197 390 2202 ,
398 2163 513 2196 docuit
552 2163 597 2196 W
605 2174 628 2205 y
639 2167 653 2195 t
662 2166 677 2195 t
686 2173 704 2195 e
715 2174 755 2195 n-

108 2208 230 2241 bach.
267 2208 311 2241 ad
348 2208 523 2242 Phaedon.
555 2219 588 2251 p.
618 2206 674 2241 87.
698 2209 753 2249 A„

109 2253 170 2285 ubi
201 2264 234 2286 v.
266 2257 382 2286 annot.
411 2272 455 2278 —
490 2255 556 2286 Pro
582 2251 753 2295 φυλάττῃς

109 2297 200 2341 quod
230 2298 480 2332 Findeisen.
518 2296 667 2340 φυλάττῃ
702 2309 752 2331 re-

109 2344 234 2386 posuit,
259 2344 349 2386 fugit
363 2343 463 2376 illum
475 2354 560 2376 usus
575 2343 751 2386 loquendi,

110 2399 154 2421 ex
170 2400 238 2431 quo
256 2386 449 2430 φυλάττειν,
473 2399 537 2421 nec
550 2392 664 2421 tamen
679 2390 754 2421 sine

110 2445 232 2467 sensus
256 2433 472 2474 discrimine,
502 2444 563 2476 pro
588 2431 753 2474 φυλάττε·

114 2480 198 2511 σθαι
214 2483 409 2522 usurpatur.
434 2489 467 2510 v.
485 2479 515 2511 E
526 2478 627 2511 lmsl
637 2489 654 2511 e
665 2480 688 2511 i.
712 2478 755 2512 ad

111 2525 230 2567 Eurip.
252 2524 343 2557 Med.
368 2534 400 2555 v.
424 2521 502 2556 314.
526 2523 754 2556 Schaefer.

111 2569 154 2602 ad
186 2569 407 2603 Demosthen.
443 2569 607 2611 Apparat.
641 2570 683 2601 T.
710 2569 753 2601 11.

110 2625 142 2656 p.
162 2613 239 2649 215.
274 2614 443 2648 Nimirum
460 2615 496 2645 in
519 2613 647 2646 talibus
670 2614 756 2647 locis

112 2663 165 2694 est
187 2659 237 2692 ob
247 2670 264 2692 s
273 2671 291 2692 e
300 2671 316 2692 r
324 2671 346 2692 v
355 2670 399 2692 ar
407 2670 425 2691 e
449 2659 600 2701 aliquem
614 2659 670 2691 vel
695 2659 756 2692 ali-

113 2704 211 2746 quid,
245 2710 282 2737 ut
312 2716 355 2737 ne
387 2705 495 2737 faciat
525 2704 580 2737 vel
604 2714 673 2737 non
698 2704 757 2736 fiat

145 2771 216 2796 plat.
234 2771 307 2804 Opp.
325 2772 388 2798 Vol.
407 2772 443 2798 11.
462 2771 536 2798 Sect.
555 2772 576 2797 1.

818 1533 879 1561 aut
913 1533 952 1561 ut
988 1528 1120 1571 aliquid
1158 1529 1266 1562 faciat
1303 1529 1359 1561 vel
1394 1529 1465 1561 fiat.

819 1575 993 1615 Quocirca
1006 1585 1127 1607 sensus
1144 1574 1201 1606 hic
1217 1578 1286 1607 est:
1304 1575 1341 1607 si
1359 1575 1466 1606 mihi

818 1620 901 1652 hoc
941 1630 1071 1652 unum
1106 1621 1206 1652 obse
1217 1630 1313 1652 rves
1326 1631 1334 1652 :
1373 1619 1465 1662 quod

817 1665 931 1697 lenius
966 1669 1001 1697 et
1035 1666 1202 1698 urbanius
1238 1665 1369 1698 dictum
1402 1670 1465 1705 est,

818 1720 922 1752 quam
957 1709 1065 1742 illud:
1110 1711 1146 1743 si
1187 1711 1300 1743 mihi
1337 1721 1465 1743 unum

819 1755 957 1788 solum
975 1766 1055 1788 cav
1065 1766 1147 1789 cas.
1163 1756 1254 1789 conf.
1265 1756 1309 1788 ad
1321 1756 1465 1788 Theaet.

818 1812 850 1843 p.
876 1799 952 1834 154.
977 1801 1015 1833 C.

867 1888 915 1932 ἢν
937 1890 1174 1934 καθέρξῃς]
1196 1890 1232 1922 si
1250 1890 1465 1923 orationis

820 1936 1153 1979 longitudinem
1192 1936 1465 1968 cohibueris.

820 1982 946 2014 Forma
975 1982 1095 2014 aoristi
1124 1981 1251 2024 legitur
1274 1982 1378 2014 etiam
1402 1982 1466 2014 Po-

820 2026 906 2059 litic.
930 2037 961 2069 p.
980 2025 1058 2059 285.
1081 2026 1121 2059 B.
1146 2027 1261 2068 ἕρξας.
1295 2027 1393 2069 Reip.
1424 2027 1465 2058 V.

822 2070 898 2105 461.
917 2073 967 2104 D:
985 2069 1031 2114 μὴ
1045 2071 1275 2113 ξυι-ἐρξαντος
1289 2069 1466 2113 ἄρχοντος.

823 2117 912 2149 Tim.
944 2128 975 2159 p.
1001 2116 1055 2151 34.
1082 2117 1119 2149 C.
1152 2118 1239 2150 conf.
1270 2117 1328 2150 Lo
1343 2117 1465 2149 beck.

821 2161 866 2194 ad
890 2163 985 2195 Aiac.
1008 2173 1041 2194 v.
1058 2161 1133 2195 752.
1166 2163 1390 2195 Schaefer.
1424 2162 1468 2194 ad

821 2207 912 2240 Plut.
943 2208 984 2242 T.
1011 2208 1069 2240 IV.
1093 2218 1126 2250 p.
1145 2206 1199 2240 37.
1235 2208 1467 2240 Matthiae.

823 2253 881 2286 Gr.
905 2253 936 2292 ὅ.
960 2251 1036 2286 234.

866 2343 906 2375 Ε.
937 2340 1040 2375 ἀλλὰ
1060 2340 1250 2377 ἀντίθες
1271 2353 1352 2374 τοι·
1379 2343 1466 2375 Σοῦ

822 2399 943 2429 μακρ.
969 2387 1009 2431 λ.]
1035 2387 1110 2420 sed
1131 2388 1233 2420 huic
1251 2392 1354 2420 tuae
1378 2399 1468 2420 sen-

822 2434 993 2466 tentiae
1024 2433 1103 2465 hoc
1138 2443 1324 2475 oppone,
1357 2433 1468 2476 quod

822 2478 930 2510 mihi
955 2478 1103 2510 dicere
1127 2478 1266 2511 liceat
1290 2484 1356 2511 etc.
1390 2479 1467 2511 Non

823 2534 910 2566 opus
931 2528 994 2563 est,
1019 2527 1057 2555 ut
1081 2533 1158 2555 cum
1183 2524 1411 2566 Stephano
1436 2527 1468 2556 et

825 2568 1099 2601 Heindorfio
1141 2567 1176 2600 τό
1215 2580 1276 2611 pro
1308 2581 1357 2600 τοι
1387 2569 1464 2600 scri

824 2614 962 2646 bamus.
991 2614 1160 2656 Exempla
1176 2619 1290 2647 rectae
1306 2614 1470 2646 orationis

825 2659 899 2691 sine
924 2658 988 2690 tali
1012 2659 1151 2692 articuli
1177 2660 1233 2691 vel
1258 2659 1472 2702 pronominis

825 2704 940 2736 indice
960 2703 1076 2737 illatae
1094 2705 1161 2737 iam
1178 2704 1260 2736 alibi
1282 2703 1469 2736 attulimus.

1186 2771 1207 2802 9
