1696 2976
452 82 869 138 rno'rAconAs.
900 100 942 137 Ρ.
963 102 1041 137 327.
1073 99 1155 139 s'r.
1453 95 1507 137 89

101 215 350 276 ἆγαπήσαις
373 236 445 274 αν,
478 219 520 263 εἰ
541 213 736 274 ἐντύχοις
763 213 1010 276 Εὐρυβάτῳ
1042 215 1117 260 καὶ
1142 212 1410 275 Φρυνώνδα,
1435 216 1508 260 καὶ

102 283 391 345 ἀνολοφύραι’
421 282 478 331 ἂν
503 285 661 331 ποθων
695 281 868 341 τὴντῶν
900 281 1067 329 ἐνθάδε
1090 278 1346 342 ἀνθρώπων
1370 299 1509 341 πονη-

101 358 215 413 ρίαν.
243 356 328 400 νῦν
352 354 401 400 δὲ
424 355 611 414 τρυφᾷς,
636 370 670 397 ω
695 350 946 411 Σώκρατες,
972 349 1084 397 διότι
1107 350 1267 405 πάντες
1292 348 1505 396 διδάσκοι·
1530 363 1559 395 Ε

101 426 175 468 λοί
195 426 309 469 εἰσιν
331 420 503 482 ἀρετῆς,
528 418 632 467 καθ’
660 434 767 466 οσον
792 419 1006 467 δύνανται
1029 422 1232 477 ἕκαστος,
1264 419 1338 465 καὶ
1362 416 1510 473 οὐδεις

100 504 170 536 σοι
194 495 408 549 φαίνεται.
437 487 525 536 εἷθ’
544 487 700 547 Ιῶσπερ
725 485 780 534 ἂν
805 492 845 534 εἰ
867 494 1030 547 ζητοῖς,
1054 493 1119 542 τίς
1145 486 1409 542 διδάσκαλος
1431 489 1510 533 τοῦ

99 560 354 618 ἑλληνίζειν,
379 556 476 605 οὐδ’
498 555 554 603 ἂν
571 554 634 611 εἷς
652 562 830 615 φανείη,
854 555 963 603 οὐδέ
975 554 1016 614 γ’
1040 553 1110 614 ἅν,
1135 556 1270 614 οἶμαι,
1297 560 1339 602 εἰ
1351 561 1507 615 ζητοῐς,
1523 579 1589 612 328

98 631 164 680 τίς
204 623 260 673 ἂν
300 625 408 686 ἡμῖν
441 624 630 680 διδάξειε
660 623 760 678 τοὺς
796 626 886 671 τῶν
916 626 1206 685 χειροτεχνῶν
1236 627 1348 679 υἱεῖς
1373 622 1513 683 αὐτὴν

188 795 230 827 Ε.
257 793 493 836 φαίνεται.
514 786 610 826 εἷθ’
627 785 789 836 ωσπερ]
810 791 872 825 Sic
896 802 977 824 cum
994 791 1098 825 libris
1116 793 1282 825 omnibus
1298 793 1457 827 Bekker.
1476 798 1513 827 et

96 840 327 874 Turicenses.
344 839 582 872 Recentiores
599 837 757 871 editores
775 838 956 880 φαίνεται
974 833 1086 871 εἶναι.
1105 831 1229 880 ω’σπερ
1246 837 1290 871 (18
1307 839 1511 872 Heindorfii

100 885 324 926 coniectura,
342 895 435 927 quae
452 884 595 940 placuit
619 884 730 916 etiam
753 883 857 916 Astio
889 886 925 916 et
948 882 1206 916 Stallbaumio
1255 882 1325 916 Sed
1341 884 1512 917 videntur

99 930 234 963 Graeci
250 930 433 974 particula
451 925 533 963 ειτα
550 939 807 972 nonnunquam
830 929 941 972 paulo
963 929 1118 962 liberius
1141 929 1199 961 usi
1218 939 1315 970 esse,
1339 932 1380 961 ut
1403 941 1426 962 a
1447 941 1511 962 no-

99 976 282 1008 stratibus
312 976 442 1018 partic.
472 987 538 1007 mm
566 985 678 1018 saepe
706 978 919 1018 usurpatur.
964 974 1086 1007 Minus
1120 977 1219 1007 certe
1242 974 1277 1008 h.
1295 974 1318 1006 1.
1338 974 1512 1018 displicet

97 1031 205 1063 quam
223 1017 336 1063 εἶναι,
355 1020 449 1063 quod
465 1023 548 1063 post
563 1030 818 1063 praegressum
837 1017 912 1054 εἰσί
925 1019 1035 1062 plane
1051 1019 1242 1053 redundat.

96 1163 246 1211 νηρούς.
295 1167 399 1201 Illius
422 1167 562 1200 similes
587 1170 692 1200 erant
707 1167 768 1199 Pi-

95 1213 304 1245 sthetaerus
349 1216 385 1246 et
421 1212 640 1255 Euelpides,
679 1222 768 1255 quos

95 1257 359 1301 Aristophanes
397 1259 436 1290 in
479 1258 617 1290 Avibus
653 1258 768 1291 vitam

94 1303 215 1336 litium
238 1314 282 1336 ac
304 1304 532 1347 negotiorum
548 1303 696 1346 plenam
711 1304 768 1336 fu-

96 1349 240 1390 gientes
258 1349 363 1383 facit.
380 1349 492 1382 Recte
510 1349 621 1391 igitur
636 1349 766 1381 Hein-

95 1393 285 1431 dorfius:
317 1395 542 1435 „Quantum,
558 1395 691 1436 inquit,
709 1405 768 1427 as-

95 1439 202 1481 sequi
218 1440 430 1472 coniectura
448 1449 596 1481 queam,
621 1450 695 1472 rem
712 1440 766 1472 ita

98 1485 304 1517 institutam
334 1485 448 1517 fuisse
473 1485 602 1528 opinor
626 1495 648 1517 a
671 1485 764 1517 Phe-

94 1533 255 1568 recrate,
278 1533 319 1562 ut
341 1530 490 1563 chorum
511 1531 682 1563 facerent
702 1530 767 1563 ho—

95 1575 211 1608 mines
227 1585 300 1608 non
322 1586 413 1607 suae
431 1578 575 1607 tantum
590 1575 765 1618 reipubli-

94 1631 174 1662 cae,
189 1620 252 1654 sed
259 1621 417 1654 omnium
431 1621 575 1654 omnino
583 1621 766 1653 hominum

94 1676 231 1707 osores,
264 1667 326 1708 qui
357 1666 511 1699 civitate
542 1676 610 1699 sua
633 1666 765 1699 relicta

94 1721 202 1753 quum
244 1711 342 1744 inter
378 1712 478 1744 feros
516 1712 766 1753 immanesque

94 1756 258 1789 homines
290 1757 552 1797 secessissent,
590 1767 673 1789 mox
711 1767 766 1789 re-

93 1802 312 1843 sipiscentes
332 1801 445 1840 illam,
468 1801 563 1834 unde
586 1802 768 1841 abierant,

93 1846 307 1879 societatem
336 1847 519 1879 hominum
550 1847 769 1888 civilemque

94 1892 208 1924 vitam
283 1892 523 1933 requirerent.
609 1893 768 1933 Quorum

95 1937 262 1980 exemplo
312 1937 536 1980 Protagoras
580 1937 768 1970 Socratem

95 1982 186 2015 dicit
224 1982 444 2015 eiulaturum
481 1982 664 2015 desiderio
702 1983 762 2015 vel

93 2028 393 2070 pravissimorum
444 2027 596 2060 Athenis
649 2028 762 2060 homi-

93 2074 214 2108 num.“
235 2091 280 2095 —
309 2073 602 2115 Phrynondas
626 2076 663 2106 et
684 2074 762 2105 Eu-

93 2119 280 2160 rybatus
307 2121 455 2161 propter
480 2119 662 2161 insignem
690 2129 763 2151 mo-

92 2174 171 2196 rum
197 2164 420 2206 pravitatem
446 2165 639 2206 proverbio
668 2164 765 2197 cele·

93 2209 192 2241 brati
223 2212 319 2242 sunt.
352 2220 386 2242 v.
411 2209 574 2242 Suidas
599 2212 636 2242 et
657 2210 763 2242 Har-

92 2258 262 2296 pocrat.
282 2265 312 2289 s.
328 2265 360 2287 v.
378 2254 550 2287 Aeschin.
567 2265 617 2289 or.
641 2257 680 2296 3,
700 2256 763 2288 137

92 2300 214 2342 ibique
233 2299 348 2332 schol.
379 2299 428 2332 Et
436 2300 615 2342 Eurybati
629 2300 765 2333 famam

93 2344 139 2377 ad
155 2345 322 2377 ultimam
345 2355 503 2387 graecae
525 2345 675 2388 linguae
692 2356 765 2378 me-

92 2391 245 2422 moriam
261 2393 444 2423 servatam
469 2401 567 2430 esse,
591 2401 611 2423 e
627 2391 768 2424 recenti

91 2445 183 2468 voce
213 2430 547 2488 Τπερευρυβοιτος
589 2438 766 2488 apparet,

94 2490 167 2522 qua
201 2475 222 2513 ὁ
259 2475 504 2523 ὑπερβάλλων
542 2475 768 2524 Εὗρυβατον

93 2526 257 2570 πονηρίᾳ
266 2525 556 2568 significabatur,
565 2537 597 2559 v.
606 2526 766 2559 Bekker.

93 2571 230 2605 Aneod.
251 2571 312 2606 Gr.
330 2572 357 2604 Ι.
376 2582 411 2614 p.
429 2572 484 2605 67.

138 2661 179 2693 Ρ.
197 2663 274 2695 328.
307 2661 373 2701 τίς
412 2653 466 2695 ὂὶν
498 2656 607 2704 ἡμῖν
638 2657 767 2695 διδά-

97 2704 208 2750 ξειε]
255 2702 349 2750 ἡμῖν
378 2718 424 2740 118
462 2707 544 2748 quis
576 2707 766 2750 sollicitet,

97 2752 191 2786 conf.
214 2752 316 2795 Kriig
320 2763 358 2785 er
375 2753 436 2785 Gr.
454 2754 508 2787 48
527 2753 557 2786 6.
576 2752 768 2786 Structura

96 2764 316 2829 verborumg
361 2797 485 2840 paullo
562 2798 768 2840 impeditior

96 2845 243 2885 propter
265 2843 524 2877 anacoluthon.
571 2843 663 2876 Nam
685 2847 771 2887 post

837 1161 930 1200 οὐδέ
982 1160 992 1174 ’
1017 1159 1067 1200 ἅν
1098 1166 1227 1200 inferri
1258 1167 1419 1201 debebat
1450 1167 1511 1200 de-

835 1213 920 1245 inde
938 1211 1080 1255 ρᾳδίως
1097 1205 1146 1246 ἂν
1168 1206 1312 1246 τούτων
1328 1207 1512 1246 διδάσκα-

837 1258 899 1297 λος
916 1257 1071 1300 φανείη.
1103 1258 1283 1299 Quoniam
1297 1261 1420 1291 autem
1433 1259 1511 1302 plu-

836 1314 878 1336 ra
893 1304 1091 1336 interiecta
1114 1307 1216 1346 sunt,
1249 1307 1391 1337 mutata
1407 1304 1509 1347 paul—

835 1348 952 1381 lulum
984 1350 1163 1382 orationis
1190 1349 1307 1382 forma
1331 1349 1424 1383 haec
1448 1350 1510 1383 ad-

836 1394 984 1426 duntur:
1018 1405 1064 1427 ου
1079 1389 1219 1445 ροὶδιον
1235 1390 1342 1437 οἶμαι
1360 1390 1512 1429 εἶναι-

835 1434 979 1473 τούτων
995 1429 1230 1473 διδάσκαλον
1252 1439 1438 1483 φανῆναι.
1468 1443 1511 1474 In

835 1485 966 1527 quibus
990 1485 1086 1527 quod
1109 1486 1220 1518 etiarn
1243 1486 1406 1528 negandi
1427 1497 1509 1529 par-

835 1529 952 1563 ticula
983 1530 1120 1563 iterata
1149 1534 1216 1573 est,
1247 1531 1285 1563 id
1316 1532 1509 1565 neminem.

833 1576 976 1627 opinor,
1023 1575 1235 1610 morabitur.
1313 1575 1369 1609 Ad
1412 1572 1510 1610 καθ’

833 1614 924 1654 ὅσον
954 1638 999 1644 —-
1022 1614 1130 1660 ὄντες
1162 1616 1360 1665 ὁμότεχνοι
1392 1623 1512 1664 liquet

835 1666 932 1719 apud
948 1667 1108 1699 animum
1129 1667 1411 1710 intelligendum
1429 1678 1510 1701 esse

836 1706 976 1751 αὐτους
1009 1707 1219 1745 διδασκειν.
1274 1713 1379 1745 Haec
1409 1724 1509 1754 vero,

837 1752 994 1796 τούτους
1029 1753 1083 1790 ἔτι
1124 1769 1179 1795 τις
1217 1749 1266 1790 οἶν
1299 1739 1509 1810 διδάξειεν,

836 1803 974 1835 iterant
996 1802 1260 1854 praecedentia
1281 1803 1348 1835 illa
1381 1803 1437 1842 τίς
1461 1815 1510 1837 αν

834 1843 928 1901 ἡμῖν
945 1843 1130 1889 διδάξειε,
1146 1848 1364 1890 interposito
1386 1852 1510 1881 tamen

838 1890 912 1935 ἐτι,
936 1897 1202 1945 praeterea,
1227 1893 1323 1945 quod
1345 1895 1509 1927 referen-

835 1938 918 1971 dum
950 1938 997 1970 3(1
1026 1939 1142 1971 verba
1171 1931 1221 1982 ἣν
1242 1933 1291 1982 δὴ
1316 1934 1432 1992 παρὰ·
1442 1939 1509 1973 τοῦ

831 1978 973 2026 πατρὸς
990 1978 1252 2027 μεμαθήκασι,
1277 1994 1403 2026 quam
1421 1986 1508 2018 iam

832 2041 854 2062 a
887 2032 1014 2073 patre
1047 2029 1324 2064 didicerunt.
1376 2031 1508 2072 Itaque

830 2078 951 2108 totum
981 2075 1101 2107 locum
1130 2075 1414 2118 interpretamur
1435 2077 1508 2108 sie:

833 2119 1198 2164 quemadmodum
1269 2121 1406 2163 enim,
1470 2122 1507 2153 si

834 2164 1507 2209 Graeceloquendimagistrum

835 2221 1054 2254 quaeras,
1115 2221 1302 2254 prorsus
1355 2212 1506 2244 nullus

833 2257 1130 2300 apparuerit,
1179 2267 1322 2298 neque
1355 2257 1506 2298 etiam,

834 2303 1009 2345 opinor,
1058 2302 1094 2334 si
1142 2311 1358 2343 quaeras,
1406 2302 1507 2343 quis

834 2348 966 2381 nobis
983 2346 1360 2389 possitopificum
1377 2347 1505 2380 filios

836 2403 930 2426 eam
968 2394 1109 2434 ipsam
1155 2394 1295 2424 artem
1333 2392 1505 2434 docere,

836 2448 962 2481 quam
994 2438 1079 2469 iam
1112 2447 1134 2469 a
1165 2439 1504 2480 patreaccepe-

836 2486 955 2524 runt,
988 2484 1199 2534 quantum
1228 2482 1407 2524 quidem
1424 2493 1506 2536 per

835 2531 1007 2582 patrem
1025 2527 1212 2570 eiusque
1230 2527 1400 2560 amicos
1417 2525 1505 2569 ὁμο-

836 2571 991 2624 τέχνους
1038 2572 1147 2604 fieri
1193 2572 1234 2604 id
1281 2576 1503 2615 potuerat,

836 2620 932 2659 hos,
977 2617 1177 2660 inquam,
1216 2619 1254 2650 si
1295 2628 1502 2659 quaeras,

836 2664 934 2707 quis
968 2662 1114 2695 adhuc
1145 2643 1198 2701 (i’n
1227 2666 1306 2696 arte
1329 2663 1398 2695 illa
1421 2662 1502 2703 sua)

836 2710 996 2742 docere
1035 2709 1205 2751 possit,
1243 2718 1326 2741 non
1359 2708 1502 2740 facile

837 2754 1036 2788 arbitror
1067 2754 1290 2795 futurum,
1324 2755 1368 2785 ut
1400 2754 1502 2795 quis

836 2801 986 2832 horum
1009 2800 1227 2841 magister
1250 2798 1449 2831 exsistat
1470 2809 1501 2831 s.

837 2844 1042 2889 prodeat;
1090 2844 1394 2888 imperitorum
1434 2854 1502 2877 au-
