1702 2924
446 171 689 213 Gonane.
717 155 886 210 18470.
918 169 1010 208 471.
1040 168 1100 207 ed.
1130 167 1187 207 St.
1410 167 1485 203 161

136 281 192 341 ἦν
213 280 433 335 Ἀλκέτου,
462 282 534 325 καὶ
555 282 592 324 εἰ
614 280 813 335 ἐβούλετο
836 278 887 321 τὰ
915 278 1056 320 δίκαια
1083 279 1235 329 ποιεῖν,
1265 275 1489 318 ἐδούλευεν

138 350 193 394 ἂν
214 346 395 405 Ἀλκέτῃ
434 347 507 390 καὶ
541 342 598 402 ἦν
625 341 840 401 εὐδαίμων
867 343 976 387 κατὰ
1004 345 1080 386 τὸν
1107 342 1186 386 σὸν
1213 343 1366 396 λόγον·
1405 346 1489 382 νῦν

137 416 183 459 δὲ
219 415 474 471 θαυμασίως
501 414 558 463 ὡς
585 415 737 462 ἄθλιος
764 409 965 467 γέγονεν,
1004 408 1093 452 ἐπεὶ
1121 410 1172 451 τὰ
1200 406 1374 463 μέγιστα
1400 406 1488 462 ἠδί-

137 497 286 537 κηκεν·
331 478 379 531 ὅς
414 495 462 535 γε
499 482 670 532 πρῶτον
706 477 785 532 μὲν
823 481 981 520 τοῦτον
1010 473 1144 518 αὐτὸν
1170 475 1248 517 τὸν
1276 474 1486 528 δεσπότην
1517 469 1555 512 Β

139 547 211 590 καὶ
237 550 364 589 θεῖον
389 547 771 601 μεταπεμψάμενος
799 544 855 593 ὡς
883 542 1123 585 ἀποδώσων
1149 541 1231 596 τὴν
1258 540 1407 594 ἀρχήν,
1436 540 1491 593 ἢν

144 614 381 668 Περδίκκας
432 606 567 654 αὐτὸν
614 611 833 664 ἀφείλετο,
875 609 1042 661 ξενίσας
1077 607 1149 650 καὶ
1189 605 1492 661 καταμεθύσας

141 676 275 721 αὐτόν
311 692 355 720 τε
381 677 453 720 καὶ
478 677 556 719 τὸν
593 677 691 719 υἱὸν
719 673 856 719 αὐτοῦ
880 673 1180 727 Ἀλέξανδρον,
1209 673 1390 723 ἀνεψιὸν
1418 670 1490 713 αύ-

139 751 233 796 τοῢ,
261 743 414 799 σχεδὸν
440 743 679 799 ἡλικιώτην,
709 741 906 797 ἐμβαλὼν
934 741 992 790 εἰς
1019 740 1184 794 ἅμαξαν
1211 740 1380 791 νύκτωρ
1404 738 1490 789 ἐξα-

139 810 287 865 γαγὼν
315 807 530 863 ἀπέσφαξε
557 823 599 851 τε
627 808 697 851 καὶ
713 808 925 863 ἠφάνισεν
949 803 1234 860 ἀμφοτέρους,
1261 804 1332 847 καὶ
1358 810 1492 846 ταῦτα

142 877 344 930 ἀδικήσας
370 873 525 917 ἔλαθεν
561 873 718 917 ἑαυτὸν
754 874 1017 921 ἀθλιώτατος
1053 872 1303 926 γενόμενος,
1340 869 1411 912 καὶ
1439 865 1493 912 ού

142 939 416 996 μετεμέλησεν
444 938 575 999 αύτῷ,
605 940 693 982 ἀλλ’
721 940 870 993 ὀλίγον
896 937 1077 991 ὕσετρον
1103 939 1181 980 τὸν
1201 936 1390 991 ἀδελφὸν
1416 937 1494 1003 τὸν

142 1009 338 1062 γνήσιον,
366 1007 443 1049 τὸν
475 1007 720 1061 Περδίκκου
747 1005 858 1056 υἱόν,
899 1005 1032 1047 παῖδα
1060 1005 1117 1054 ὡς
1146 1002 1344 1057 ἑπταετῆ,
1385 1003 1438 1045 οὺ
1465 1001 1493 1057 ἡ
1525 1001 1560 1045 C

142 1071 249 1127 ἀρχὴ
278 1071 467 1127 ἐγίγνετο
495 1071 603 1115 κατὰ
629 1071 678 1114 τὸ
707 1072 886 1119 δίκαιον,
916 1066 997 1113 οὐκ
1025 1071 1243 1125 ἐβουλήθη
1281 1065 1497 1122 εὐδαίμων

143 1138 342 1193 γενέσθαι
371 1139 544 1188 δικαίως
571 1136 786 1191 έκθρέψας
811 1136 884 1179 καὶ
910 1136 1099 1186 ἀποδοὺς
1126 1134 1205 1190 τὴν
1233 1131 1368 1190 ἀρχὴν
1396 1133 1497 1176 ἐκεί-

145 1310 298 1350 ponunt,
338 1306 429 1349 quod
459 1317 524 1339 om.
557 1305 674 1340 Clark.
698 1305 777 1338 Vat.
802 1304 908 1340 Coisl.
933 1305 1021 1338 Ven.
1047 1305 1085 1338 Σ.
1117 1303 1220 1337 Vind.
1242 1303 1274 1337 2.
1299 1303 1331 1338 6.
1356 1302 1387 1337 7.
1419 1304 1498 1336 Par.

147 1353 268 1386 IVW.
299 1351 389 1396 Aug.
412 1353 552 1385 Meerm.
579 1351 676 1384 Bodl.
698 1351 790 1384 Flor.
814 1362 846 1384 a.
869 1351 902 1383 d.
922 1362 958 1384 x.

213 1399 254 1431 B.
299 1395 456 1436 αὑτοῦ,
493 1396 650 1439 σχεδὸν
683 1394 810 1440 ἡλικ.]
847 1396 888 1429 V.
921 1394 1028 1429 αὑτοῦ
1059 1396 1128 1428 καὶ
1165 1406 1212 1438 σχ.
1247 1394 1367 1428 invitis
1400 1394 1498 1428 codd.

147 1444 217 1476 fere
241 1442 413 1476 omnibus.
458 1443 573 1475 Etiam
596 1443 676 1475 Bas.
698 1440 731 1474 2.
757 1442 813 1475 καὶ
839 1452 907 1474 om.

218 1486 291 1521 τὸν
315 1487 569 1531 Περδίκκου
595 1486 719 1530 υἱόν]
747 1487 808 1521 τὸν
821 1498 882 1531 pro
901 1487 996 1530 vulg.
1019 1490 1079 1519 τοῦ
1102 1485 1366 1529 suppeditarunt
1382 1485 1498 1537 Classk.

148 1534 228 1611 gat.
258 1534 363 1567 Coisl.
394 1534 480 1566 Ven.
515 1533 596 1567 ΞΣ.
641 1533 743 1566 Vind.
777 1533 810 1567 2.
839 1532 870 1567 6.
911 1534 989 1566 Par.
1014 1532 1254 1566 BGEFVW.
1286 1532 1384 1564 Bodl.
1409 1532 1500 1575 Aug.

177 1579 240 1612 lor.
264 1590 292 1612 a.
318 1579 351 1613 b.
374 1589 404 1612 ο.
430 1579 461 1612 d.
486 1590 529 1612 m.
555 1590 585 1612 o.

215 1624 253 1657 C.
301 1623 435 1657 παῖδα
466 1622 522 1659 ὥς
557 1623 763 1668 ἑπταετῆ]
803 1624 891 1668 Aug.
925 1624 1065 1657 Meerm.
1097 1623 1182 1657 Ven.
1217 1622 1297 1656 ΞΣ.
1335 1622 1436 1656 Vind.
1468 1621 1501 1655 2.

148 1670 226 1703 Par.
250 1670 292 1703 V.
317 1668 468 1714 έπταέτη.
494 1681 528 1704 v.
551 1681 632 1703 ann.

149 1828 386 1869 cumulantur,
424 1828 548 1871 copula
582 1838 653 1860 non
688 1827 791 1860 inter-

150 1873 307 1907 cedente:
336 1884 440 1916 quam
462 1873 627 1916 loquendi
648 1874 792 1906 formam

151 1920 279 1962 passim
296 1919 403 1962 tetigi.
417 1929 449 1951 v.
465 1918 600 1952 Indie.
616 1918 659 1952 ad
673 1919 749 1952 Vol.
766 1920 792 1951 I.

152 1975 179 1997 s.
202 1975 236 1997 V.
260 1966 287 1997 P
298 1964 471 2008 articip.
502 1967 536 1997 et
568 1967 720 1997 annotat.
750 1963 793 1996 ad

153 2010 393 2052 Euthyphron.
415 2020 450 2053 p.
471 2009 503 2042 4.
529 2009 567 2042 C.

197 2056 267 2088 καὶ
285 2053 335 2087 οὐ
356 2053 649 2098 μετεμέλησεν
668 2051 793 2098 αὐτῷ]

153 2101 185 2133 Α
220 2100 366 2133 relativo
406 2099 450 2133 ad
488 2100 794 2134 demonstrativum

154 2146 292 2178 transiit
301 2170 310 2187 ,
347 2146 438 2188 quod
478 2157 548 2179 non
585 2146 795 2189 infrequens.

159 2202 191 2223 v.
218 2191 307 2224 infra
329 2201 362 2234 p.
385 2189 463 2224 518.
486 2192 525 2225 E.

201 2235 239 2268 C.
296 2235 427 2268 παῖδα
477 2234 532 2271 αἱς
581 2236 631 2269 ἐπ
646 2236 793 2279 ταετῆ]

158 2281 312 2313 Aetius
342 2292 384 2314 ex
416 2285 597 2324 praecepto
621 2282 796 2315 Atticista-

156 2336 243 2367 rum,
267 2326 443 2359 Moerid.
455 2337 488 2369 p.
499 2325 589 2368 123„
611 2327 797 2360 'rhomae

156 2372 262 2414 Mag.
287 2383 320 2415 p.
343 2370 420 2405 203.
432 2396 440 2412 ,
471 2372 628 2415 Phryn.
651 2383 685 2415 p.
708 2371 798 2414 406.,

158 2416 251 2449 dedit
267 2416 396 2460 ἑπτέτη,
421 2416 507 2450 elisa
521 2420 542 2450 ἆ
559 2417 684 2459 littera,
707 2419 798 2460 quod

157 2462 343 2495 consilium
382 2462 505 2505 probat
541 2462 570 2495 L
577 2473 597 2495 ο
607 2462 630 2495 b
639 2474 658 2496 e
666 2474 686 2496 e
695 2464 719 2496 k
728 2465 740 2496 i
749 2475 772 2496 u
782 2475 798 2496 s

157 2507 202 2540 ad
238 2508 366 2551 Phryn.
403 2519 437 2550 p.
469 2506 547 2541 407.
599 2508 666 2541 Sed
707 2515 799 2543 reete

158 2552 293 2585 videtur
322 2552 494 2586 iudicasse
524 2554 722 2587 Bromius
755 2555 800 2588 ad

159 2598 322 2631 Aesehin.
355 2599 408 2631 De
439 2598 515 2631 fals.
538 2598 643 2643 legat.
666 2610 700 2642 p.
722 2599 800 2634 212.

159 2643 247 2676 illud
261 2644 562 2687 grammaticorum
582 2650 801 2688 praeceptum

161 2688 258 2721 nullo
289 2689 510 2722 fundamento
534 2690 599 2722 niti
609 2715 618 2730 ,
650 2690 801 2732 quando-

161 2733 297 2776 quidem
334 2734 388 2767 illi
426 2735 585 2768 codicum
617 2737 802 2770 auctoritas

194 2801 264 2827 Plat.
283 2801 354 2834 opp.
374 2803 437 2829 Vol.
455 2804 493 2829 11.
512 2803 585 2829 sect.
604 2805 626 2829 Ι.

859 1831 932 1859 tum
955 1826 1022 1859 hoo
1043 1827 1131 1868 loeo,
1155 1830 1228 1859 tum
1251 1826 1337 1859 alibi
1359 1826 1502 1859 mirifice

860 1872 1070 1905 adversatur.
1123 1872 1239 1905 Etiam
1276 1872 1318 1904 de
1356 1877 1504 1905 accentu

859 1918 981 1950 horum
1012 1917 1191 1950 nominum
1221 1928 1348 1961 magna
1378 1922 1432 1951 est
1452 1918 1503 1950 iu-

861 1963 1029 1996 diciorum
1063 1963 1305 2006 discrepantia.
1350 1964 1504 1996 Fuerunt

862 2009 954 2041 enim
985 2010 1044 2051 qui
1067 2019 1145 2041 eum
1168 2020 1229 2052 pro
1253 2009 1504 2053 significatione

863 2054 1036 2087 diversum
1068 2065 1142 2088 esse
1174 2058 1373 2088 statuerent.
1418 2056 1503 2087 Am-

862 2100 1033 2133 monius
1057 2110 1091 2143 p.
1115 2099 1198 2134 136:
1231 2102 1285 2144 Τρ
1302 2103 1416 2135 letes
1441 2101 1504 2143 βα-

866 2144 1020 2187 ρυτόνως
1051 2145 1107 2178 καὶ
1133 2146 1302 2187 τριετὲς
1328 2144 1504 2188 ὀξυτόνως

865 2190 1038 2233 διαφέρει,
1098 2192 1184 2235 φησὶ
1235 2192 1444 2232 Πτολεμαῖος
1488 2190 1506 2224 ὁ

864 2234 1123 2279 Ἀσκαλωνίτης.
1156 2234 1219 2269 ἐὰν
1250 2237 1317 2277 μὲν
1348 2235 1413 2280 γὰρ
1442 2238 1505 2280 βα-

868 2280 1128 2325 ρυτονήσωμεν,
1162 2283 1254 2314 ἔσται
1278 2282 1334 2315 ἐπὶ
1359 2281 1506 2325 χρόνον

866 2325 930 2360 ἐὰν
954 2327 994 2360 δὲ
1015 2325 1302 2372 ὀξυτονήσωμεν,
1335 2328 1426 2361 ἔσται
1450 2327 1506 2361 ἐπὶ

868 2370 1004 2416 ἡλικίας.
1074 2373 1131 2406 Sic
1185 2374 1288 2406 etiam
1341 2374 1507 2407 Pollux

868 2420 990 2452 Onom.
1028 2419 1055 2451 I.
1087 2429 1118 2461 p.
1150 2416 1205 2452 36.
1253 2419 1343 2452 conf.
1382 2420 1508 2452 Butt-

867 2475 1005 2497 mann.
1037 2464 1094 2496 Gr.
1127 2463 1173 2496 11.
1209 2464 1240 2503 ξ.
1265 2463 1341 2498 121.
1386 2465 1508 2507 Itaque

868 2511 971 2542 etiam
1005 2509 1071 2542 hoe
1103 2509 1179 2542 loeo
1203 2508 1347 2553 ἑπταετῆ
1371 2515 1510 2543 servant

869 2554 1003 2588 codices
1048 2555 1151 2597 longe
1197 2555 1353 2597 plurimi3
1406 2555 1511 2599 pauci

869 2599 1011 2642 ἑπταέτη
1042 2600 1219 2633 exhibent.
1266 2601 1348 2633 Alia
1372 2601 1512 2634 tradunt

870 2645 1030 2678 Aelius
1071 2646 1320 2688 Dionysius
1365 2650 1400 2678 et
1434 2647 1512 2678 He-

870 2690 1087 2723 rodianus
1109 2701 1162 2734 ap.
1178 2691 1338 2723 Eustath.
1355 2691 1398 2723 ad
1414 2692 1513 2724 Iliad.

872 2735 914 2779 β’.
940 2747 973 2779 p.
996 2735 1064 2770 340
1087 2747 1157 2779 seq.
1182 2736 1232 2768 ed.
1258 2738 1354 2769 Rom.

1204 2802 1244 2835 11
