1696 2976
1532 3 1539 13 ‚¹
1561 0 1627 17 μ’,εμπ

1595 20 1603 25 μ
1620 0 1696 122 „Aa

1606 49 1609 51 .
1647 45 1665 62 -ι

1653 65 1666 74 a„

1682 101 1688 108 A

188 127 240 170 76
732 135 1027 172 PLATONIS
1691 132 1696 165 ³.

187 251 299 294 ἔνθα
323 247 378 306 δὴ
396 251 478 301 πᾶς
503 250 632 294 παντὶ
666 252 884 307 θυμοῦται
915 252 987 295 καὶ
1011 258 1235 308 νουθετεῖ,
1268 254 1403 309 δῆλον
1425 250 1489 298 ’ὅτι
1513 251 1570 306 ὡς

187 317 230 369 ἐξ
255 317 496 373 ἐπιμελείας
521 317 592 360 καὶ
615 314 848 375 μαθήσεως
871 321 1024 376 κτητῆς
1047 315 1190 376 οὔσης.
1239 322 1279 364 εἰ
1300 317 1382 376 γὰρ
1406 321 1570 373 ἐθέλεις

186 384 388 440 ἐννοῆσαι
418 382 465 428 τὸ
498 381 718 440 κολάζειν,
750 377 784 429 ὦ
816 382 1069 444 Σώκρατες,
1104 383 1204 437 τούς
1233 383 1491 439 ἀδικοῦντας
1528 392 1575 432 τί

185 466 287 494 ποτε
312 448 508 506 δύναται,
533 448 639 494 αὐτό
662 464 710 496 σε
735 449 913 508 διδάξει,
937 449 1002 497 ὅτι
1025 455 1070 496 οἵ
1089 470 1139 509 γε
1161 450 1388 510 ἅνθρωποι
1411 451 1571 511 ἡγοῦν-

184 534 252 560 ται
276 515 638 575 παρασκευαστὸν
661 517 773 563 εἶναι
796 515 966 576 ἀρετήν.
1009 517 1154 572 οὐδεὶς
1177 518 1259 577 γὰρ
1283 518 1448 574 κολάζει
1470 519 1571 573 τούς

183 581 441 636 ἀδικοῦντας
473 582 579 640 πρὸς
601 583 739 646 τούτῳ
774 582 851 630 τὸν
872 588 980 631 νοῦν
1004 590 1116 643 ἔχων
1146 587 1219 630 καὶ
1241 585 1396 632 τούτου
1427 588 1569 643 ἕνεκα,

182 647 246 694 ὅτι
258 647 482 708 ἠδίκησεν,
507 648 624 704 ὅστις
632 650 690 710 μὴ
709 650 854 711 ὥσπερ
867 658 1030 710 θηρίον
1047 650 1284 710 ἀλογίστως
1301 663 1566 711 τιμωρεῖται·

181 715 204 761 ὁ
229 716 279 762 δὲ
301 717 407 775 μετὰ
431 716 562 775 λόγου
583 721 811 778 ἐπιχειρῶν
834 718 1028 774 κολάζειν
1046 717 1099 764 οὐ
1122 722 1199 765 τοῦ
1217 719 1568 779 παρεληλυθότος

181 785 309 829 ἕνεκα
332 783 593 843 ἀδικήματος
616 797 862 845 τιμωρεῖται
890 813 946 818 —-
974 784 1026 831 οὐ
1049 785 1131 844 γὰρ
1155 784 1210 832 ἂν
1226 786 1274 831 τό
1298 806 1346 844 γε
1371 788 1570 845 πραχθὲν

180 849 392 909 ἀγένητον
414 857 517 911 θείη
538 880 595 885 -
617 851 726 897 ἀλλὰ
749 856 825 899 τοῦ
848 856 1078 911 μέλλοντος
1101 852 1242 912 χάριν,
1266 858 1339 900 ἵνα
1356 853 1415 912 μὴ
1439 847 1568 907 αὖθις

180 916 368 978 ἀδικήσῃ
398 918 505 977 μήτε
536 918 664 973 αὐτὸς
695 913 818 973 οὗτος
849 919 955 978 μήτε
985 919 1114 975 ἄλλος
1137 920 1160 965 ὁ
1183 923 1338 966 τοῦτον
1363 919 1472 966 ἰδὼν
1495 940 1568 966 κο-

180 987 414 1031 λασθέντα.
450 988 522 1031 καὶ
544 986 748 1045 τοιαύτην
772 986 971 1033 διάνοιαν
994 993 1105 1045 ἔχων
1128 991 1363 1033 διανοεῖται
1387 992 1569 1034 παιδευ-

179 1050 259 1109 τὴν
283 1053 394 1099 εἷναι
425 1052 602 1112 ἀρετήν·
637 1052 883 1112 ἀποτροπῆς
907 1057 1016 1111 γοῦν
1039 1056 1166 1099 ἕνεκα
1190 1053 1373 1109 κολάζει.
1407 1054 1571 1113 ταύτην

179 1113 259 1165 οὖν
281 1118 362 1178 τὴν
393 1119 525 1174 δόξαν
556 1119 713 1174 πάντες
745 1125 944 1179 ἔχουσιν,
975 1119 1151 1179 ὅσοιπερ
1175 1124 1465 1180 τιμωροῦνται
1498 1124 1571 1167 καὶ

181 1191 272 1248 ἰδίᾳ
296 1188 369 1232 καὶ
407 1192 605 1248 δημοσίᾳ.
653 1191 942 1247 τιμωροῦνται
981 1188 1028 1233 δὲ
1060 1190 1134 1233 καὶ
1171 1187 1422 1243 κολάζονται
1453 1192 1570 1235 οἵτε

266 1319 306 1351 Ρ.
325 1321 400 1353 324.
427 1317 540 1353 ἔνθα
559 1314 614 1362 δὴ
631 1319 716 1358 πᾶς
734 1331 772 1352 π.
791 1318 850 1362 a]
879 1319 938 1352 Sic
960 1319 1061 1353 Bodl.
1086 1320 1168 1352 Vat.
1192 1330 1255 1363 pro
1271 1320 1370 1373 vulg.
1389 1316 1504 1353 ἔνθεν
1520 1315 1569 1363 δὴ

179 1375 215 1397 π.
234 1364 374 1397 Deinde
392 1364 492 1399 Stob.
509 1365 546 1397 in
562 1364 688 1400 Floril.
702 1365 742 1396 Τ.
760 1366 814 1399 46.
833 1366 874 1398 92
891 1364 1003 1397 verba
1019 1359 1145 1403 οὐδεὶς
1162 1376 1233 1408 γαρ
1254 1364 1402 1405 κολαζει
1418 1383 1463 1388 -
1479 1360 1573 1398 ἰδὼν

178 1406 419 1443 καλασθέντα
436 1409 593 1442 afferens
606 1419 668 1452 pro
686 1404 777 1452 πρὸς
795 1404 911 1452 τούτῳ
920 1404 1132 1452 habetnpbg
1148 1410 1260 1443 τοῦτο
1276 1404 1343 1444 τὸν
1360 1408 1452 1444 νοῦν
1465 1405 1571 1453 ἔχων,

178 1454 272 1497 quod
288 1455 422 1487 iniuria
439 1455 570 1496 probat
585 1454 662 1489 Ast.

266 1555 305 1588 Β.
330 1553 406 1588 ἵνα
429 1551 486 1597 μὴ
512 1545 652 1593 αὖθις
676 1548 762 1597 οἷδ.]
796 1553 898 1587 Bodl.
930 1555 1014 1587 Vat.
1048 1552 1111 1588 ἵνα
1135 1557 1217 1606 pqst
1240 1549 1404 1598 ἀδικήσῃ
1425 1555 1572 1595 iterant,

177 1609 284 1642 quam
301 1599 496 1632 lectionem
521 1599 679 1632 Orellius
708 1599 917 1641 suspicatus
947 1602 1004 1631 est
1031 1610 1076 1632 ex
1099 1610 1184 1633 τινα
1209 1602 1324 1632 ortam
1339 1609 1439 1640 esse3
1467 1600 1572 1633 bene.

176 1644 271 1677 Dein
287 1644 396 1677 iidem
413 1645 498 1678 libri
515 1639 699 1685 κολάζειν.
721 1638 865 1686 ταύτην
881 1654 944 1686 pro
961 1638 1110 1684 κολάζει
1122 1669 1130 1678 .
1149 1638 1307 1686 ταύτην.

220 1757 261 1789 Ρ.
279 1758 352 1789 324.
397 1753 439 1790 εἰ
476 1750 560 1798 γὰρ
592 1750 776 1794 ἐθέλεις
798 1773 843 1778 -

177 1796 380 1844 διδάξει]
399 1801 572 1833 Futurum
596 1804 679 1843 post
702 1797 737 1833 εἰ
758 1795 842 1833 ἐθέ-

177 1848 274 1884 λεις
296 1846 439 1878 illatum
470 1846 579 1878 etiam
602 1845 698 1878 infra
727 1855 760 1886 p.
779 1847 842 1877 342

175 1892 226 1923 D:
246 1887 280 1923 εἰ
296 1885 366 1933 γὰρ
384 1885 510 1923 ἐθέλει
528 1901 584 1928 τις
605 1908 667 1932 -,
693 1885 842 1933 εὑρήσει

176 1930 295 1968 αὐτὸν
324 1946 365 1977 φ.
396 1946 426 1967 τ.
463 1929 707 1977 φαινόμενον.
736 1945 769 1968 v.
798 1934 843 1967 ad

176 1979 359 2018 Phaedon,
393 1991 426 2022 p.
450 1981 493 2012 68
517 1979 556 2011 O.
589 1998 629 2002 —-
662 1978 709 2012 τί
731 1989 842 2013 ποτε

177 2020 403 2065 δύναται,
423 2034 548 2065 quam
565 2025 743 2057 tandem
760 2024 843 2057 vim

176 2069 354 2102 habeat.
388 2069 506 2102 Stallb.

222 2107 337 2147 αὐτό
377 2122 422 2146 σε
460 2107 663 2156 διδάξει]
709 2123 773 2155 per
804 2123 843 2146 se

177 2160 294 2202 ipsum
310 2159 333 2191 i.
353 2168 383 2191 e.
407 2161 447 2190 ut
469 2157 572 2190 nulla
590 2158 666 2190 alia
690 2168 727 2190 re
755 2166 843 2200 opus

177 2204 235 2244 sit,
253 2214 286 2236 v.
313 2203 357 2235 ad
380 2213 414 2255 p.
433 2204 498 2235 320
519 2202 563 2234 D.
597 2202 699 2235 Infra
728 2213 761 2244 p.
779 2204 844 2235 329

178 2249 205 2280 Β
224 2242 272 2286 ὥς
297 2242 390 2280 αὐτο
414 2246 535 2290 δηλοῖ.
555 2246 604 2279 al.
626 2247 681 2279 De
699 2250 843 2279 senten—

178 2293 230 2325 tia
262 2303 295 2325 v.
331 2292 459 2326 Senec.
489 2291 531 2323 de
565 2291 669 2326 ira·1.
699 2292 757 2330 16,
782 2293 843 2323 21;

177 2337 294 2378 ‘Nam,
312 2341 351 2369 ut
368 2338 467 2370 Plato
484 2335 548 2374 ait,
571 2346 673 2369 nemo
689 2334 845 2377 prudens

177 2382 290 2425 punit,
311 2383 398 2423 quia
414 2384 604 2424 peccatum
622 2382 694 2418 est,
719 2379 782 2412 sed
799 2390 844 2412 ne

177 2429 364 2469 peccetur3
383 2426 547 2458 revocari
565 2426 660 2457 enim
683 2428 843 2467 praeter—

178 2472 231 2504 ita
261 2481 332 2503 non
355 2474 506 2512 possunt
522 2495 530 2510 ‚
569 2470 694 2502 futura
724 2468 842 2512 prohi—

178 2516 325 2553 bentur,
359 2519 395 2547 et
419 2525 507 2556 quos
537 2514 637 2547 volet
657 2513 844 2555 nequitiae

179 2560 274 2592 male
293 2559 454 2592 cedentis
472 2559 639 2601 exempla
661 2558 755 2598 fieri,
778 2568 841 2600 pa-

179 2605 251 2638 lam
268 2603 412 2636 occidet
429 2628 435 2635 .
455 2627 463 2636 .
488 2606 528 2635 ut
552 2604 643 2636 alios
660 2602 841 2645 pereundo

179 2650 419 2682 deterreant)
436 2648 490 2680 De
500 2648 622 2680 eodem
632 2651 842 2690 argumento

178 2694 285 2727 Plato
302 2695 339 2725 in
356 2693 464 2736 Gorg.
489 2703 522 2734 p.
540 2694 604 2725 525
621 2693 767 2725 uberius
783 2702 841 2724 ex—

179 2739 306 2781 plicat.
361 2737 484 2770 Ceteri
520 2736 651 2769 Graeci
683 2736 778 2788 quid,
798 2736 841 2786 dle

179 2793 298 2825 poena
321 2783 520 2822 senserint,
548 2783 604 2814 vis
626 2782 728 2813 vocis
755 2790 842 2813 ακο-

183 2828 314 2866 λαστος
331 2827 426 2862 haud
443 2826 552 2860 dubie
568 2825 760 2868 significat.

956 1755 1062 1798 οἵγε
1081 1748 1336 1798 ἅνθρωποι]
1356 1756 1421 1788 ἱιιι.
1437 1750 1574 1808 οἴμετά

911 1795 1023 1843 λόγου
1069 1794 1358 1850 ἐπιχειροῦντες-η
1391 1799 1575 1842 κολαζειν,

911 1845 1041 1888 quibus
1057 1845 1246 1887 oppositus
1265 1847 1320 1877 est
1335 1854 1438 1883 οστις
1454 1838 1575 1888 ὥσπερ

910 1889 1050 1932 θηρίον
1107 1883 1309 1931 ἀλογίστως
1361 1892 1575 1932 τιμωρεῖται

913 1933 1144 1976 (ulciscitur).
1198 1934 1277 1966 Non
1310 1934 1421 1976 igitur
1453 1945 1576 1967 omnes

911 1979 1073 2012 homines
1089 1978 1277 2020 intelligit,
1294 1978 1358 2012 sed
1367 1979 1427 2020 qui
1435 1978 1576 2012 ratione

912 2034 982 2066 qua
1001 2023 1157 2066 praediti
1173 2026 1267 2061 sunt,
1285 2027 1451 2061 utuntur,
1476 2027 1516 2056 ut
1537 2026 1576 2056 in

911 2067 1101 2101 Menandri
1131 2068 1329 2100 sententia:
1370 2062 1418 2106 ὡς
1435 2062 1578 2120 ,χάριέν

912 2106 988 2146 ἐστ’
1005 2105 1248 2163 γάνθρωπος,
1292 2105 1385 2146 ὅταν
1426 2112 1576 2155 ανθρω·

911 2167 1335 2253 ποξ.ῃτιμωροῦνται
1354 2198 1493 2234 δὲκαὶ
1510 2211 1576 2235 κο-

916 2243 1152 2288 λάζονται]
1199 2245 1435 2279 Aristotel.
1482 2245 1577 2279 Rhe-

913 2294 980 2323 tor.
995 2291 1023 2327 Ι,
1039 2292 1096 2331 10,
1116 2291 1174 2323 17;
1209 2287 1384 2332 διαφέρει
1407 2286 1450 2323 δὲ
1468 2301 1577 2333 τιμω-

914 2335 978 2377 ρία
994 2333 1060 2367 καὶ
1082 2329 1256 2374 κόλασις·
1283 2329 1305 2377 ἦ
1330 2331 1400 2378 μὲν
1422 2329 1470 2377 y&
1516 2329 1577 2367 κό-

915 2380 1019 2418 λασις
1037 2378 1103 2412 τοῦ
1120 2374 1327 2423 πάσχοντος
1336 2373 1447 2413 ἕνεκά
1482 2388 1577 2421 στιν,

913 2419 938 2478 ⁷}
955 2421 996 2457 δὲ
1015 2424 1171 2466 τιμωρία
1189 2424 1255 2457 τοῦ
1277 2421 1495 2464 ποιοῦντος,
1514 2422 1578 2457 ἵνα

913 2468 1186 2512 αποπληρωθῇ.
1233 2468 1360 2500 Rarior
1384 2470 1505 2500 autem
1523 2474 1579 2501 est.

912 2514 971 2546 hic
1002 2523 1089 2545 usus
1121 2513 1223 2546 vorbi
1253 2506 1481 2552 κολάζεσθαι
1514 2523 1578 2555 pro

910 2552 1093 2598 κολάζειν.
1126 2556 1313 2590 Heindorf.
1328 2556 1484 2588 contulit
1500 2558 1577 2589 Ari·

911 2603 1030 2645 steph.
1048 2603 1153 2644 Vesp.
1169 2602 1252 2635 405:
1269 2600 1340 2634 νῦν
1356 2595 1477 2635 ἐκεῖνο
1494 2595 1578 2635 τοῦ-

913 2642 1098 2689 ξύθυμον,
1131 2638 1159 2691 ᾦ
1190 2640 1463 2697 κολαζόμεσθα,
1496 2643 1578 2679 κέν-

911 2702 998 2734 τρον
1029 2684 1195 2724 ἐντέτατ’
1227 2684 1314 2731 ὀξυ,
1356 2690 1413 2722 cui
1446 2689 1578 2725 Stallb.

912 2736 1012 2768 addit
1040 2735 1135 2768 Plat.
1154 2736 1294 2767 Menex.
1314 2745 1347 2776 p.
1365 2735 1430 2768 240
1445 2734 1498 2767 D:
1516 2745 1577 2767 κο-

912 2775 1114 2823 λασάμενοι
1165 2774 1235 2822 τὴν
1281 2773 1577 2822 ὑπερηφανείαν.

911 2825 960 2857 Et
983 2825 1043 2869 qui
1066 2824 1123 2858 his
1152 2823 1244 2859 locis
1268 2823 1462 2858 discrimen
1484 2823 1580 2856 inter
