1682 2944
471 134 546 172 AD
573 131 818 172 GORGIAM
846 130 1118 169 PLATONIS.
1418 129 1470 165 45

118 249 300 295 liberam,
340 261 426 285 eam
453 247 607 285 demum
645 258 728 284 esse
766 244 953 283 virtutem
982 247 1022 283 et
1049 242 1172 282 vitam
1198 253 1291 280 vere
1320 241 1475 279 beatam

121 318 166 343 ac
193 305 346 343 felicem
373 304 525 342 efficere
554 303 606 354 (p.
637 306 731 340 490.
760 302 806 340 E.
834 322 893 328 —
922 304 1015 338 492.
1044 298 1122 349 D.).
1170 297 1324 337 Tribuit
1352 297 1474 346 igitur

119 362 185 399 ille
213 361 418 399 manifesto
447 359 574 398 omnia
602 359 708 398 vitae
736 357 969 396 iucunditati
999 361 1116 408 atque
1145 354 1320 395 lubidini.
1360 353 1474 395 Quod

119 424 250 457 tamen
289 431 405 471 quam
439 416 537 455 'falso
575 420 790 462 statuatur,
829 415 1004 453 Socrates
1044 414 1183 452 deinde
1222 410 1474 451 subtilissime

120 480 205 514 tum
224 488 275 513 ex
291 474 413 524 ipsius
431 473 643 523 voluptatis
661 476 813 518 natura,
831 476 917 510 tum
936 484 986 508 ex
1004 470 1096 509 boni
1106 474 1146 509 et
1165 468 1325 507 iucundi
1342 467 1474 506 discri-

121 532 224 570 mine
244 532 491 569 demonstrat.
530 529 643 570 Quod
662 529 851 581 quomodo
868 528 1014 574 fecerit,
1045 541 1166 579 quum
1187 540 1236 565 ex
1256 524 1475 575 argumenti

122 587 361 626 enarratione
383 591 497 626 antea
515 586 711 636 proposita
730 585 782 624 sit
800 585 1057 635 perspicuum,
1087 588 1172 622 tum
1191 584 1265 621 hoc
1286 583 1370 620 loco
1388 583 1474 620 bre-

120 645 223 683 viter
239 645 438 682 ostendere
454 643 595 681 licebit.
624 642 741 681 Redit
756 655 848 681 vero
865 654 1015 679 sumina
1031 640 1304 691 disputationis
1321 638 1475 676 omnino

121 702 207 739 huc.
246 700 419 739 Primum
438 700 543 738 enim
568 699 784 738 ostenditur
803 712 986 737 sensuum
1004 698 1247 747 voluptatem
1266 709 1344 734 non
1362 708 1475 746 posse

121 757 308 796 desiderio
335 756 532 795 felicitatis
560 760 691 795 nostro
720 769 893 807 unquam
921 754 1164 800 satisfacere,
1196 752 1378 805 quoniam
1406 765 1474 790 na-

121 819 210 853 tura
227 827 298 852 sua
315 814 365 852 sit
383 814 496 864 plane
512 812 769 863 inexplebilis.
798 812 900 850 Dein
918 811 1061 849 falsum
1078 823 1162 849 esse
1181 811 1351 856 docetur,
1372 809 1476 860 quod

121 871 291 908 maxima
308 871 508 920 voluptate
527 873 723 908 statuatur
742 868 860 908 etiam
879 881 1068 906 suminam
1087 867 1218 906 afferri
1236 866 1475 912 felicitatem,

122 941 242 979 quum
270 922 490 977 voluptates
518 926 762 976 reperiantur
790 923 907 964 etiam
936 925 1132 963 doloribus
1160 923 1318 962 mixtae.
1356 922 1476 961 Deni-

122 997 198 1035 que
226 983 343 1022 etiam
372 983 634 1033 disputatione
663 982 917 1021 subtilissima
955 986 995 1020 et
1024 980 1285 1031 copiosissima
1312 994 1349 1030 p.
1381 982 1476 1017 492.

123 1041 163 1078 C.
193 1062 249 1068 —-
288 1043 381 1078 499.
419 1041 463 1078 B.
501 1041 787 1079 demonstratur
824 1040 1006 1077 bonum
1044 1042 1161 1089 atque
1200 1037 1477 1075 iucundum

123 1101 263 1135 natura
301 1109 372 1135 sua
399 1097 502 1135 inter
539 1110 580 1135 se
619 1110 702 1135 esse
730 1096 894 1134 diversa.
952 1096 1015 1133 Ex
1053 1108 1129 1146 quo
1169 1097 1305 1144 sponte
1344 1105 1476 1131 conse-

122 1154 255 1206 quitur
291 1154 333 1191 in
361 1153 466 1192 vitae
495 1153 645 1192 actione
683 1166 761 1191 non
798 1153 1039 1202 voluptatem
1076 1156 1115 1190 et
1155 1150 1378 1200 cupiditatis
1407 1163 1475 1188 ex-

121 1210 330 1260 pletionem
357 1211 606 1260 spectandam
634 1223 737 1256 esse,
777 1210 845 1247 sed
873 1210 1017 1247 bonum
1054 1213 1253 1259 tamquam
1282 1220 1474 1245 summum

123 1266 262 1315 agendi
289 1267 407 1304 finem
433 1266 672 1317 propositum
700 1279 784 1305 esse
813 1269 1007 1316 oportere,
1046 1266 1094 1302 ad
1123 1265 1226 1316 quod
1254 1263 1331 1301 iam
1360 1267 1476 1302 antea

123 1323 427 1362 demonstratum
466 1327 526 1362 est
553 1336 685 1361 omnes
714 1323 884 1371 actiones
912 1323 1101 1360 humanas
1130 1321 1350 1359 referendas
1379 1333 1474 1359 esse.

124 1379 232 1420 Quae
271 1379 398 1417 omnia
443 1379 510 1417 ubi
547 1380 677 1430 paullo
715 1378 938 1428 diligentius
986 1378 1320 1429 perpenderimus,
1371 1382 1475 1415 certe

122 1436 255 1486 fugere
284 1436 476 1474 neminem
501 1435 644 1486 poterit
672 1436 796 1485 legem
815 1436 1010 1482 moralem,
1039 1449 1157 1487 quam
1175 1439 1291 1473 antea
1311 1437 1475 1473 naturae

123 1493 416 1531 convenientem
445 1506 527 1531 esse
556 1493 684 1531 doceri
733 1492 998 1539 meminimus,
1050 1505 1154 1530 nunc
1192 1491 1310 1530 etiam
1348 1490 1475 1530 evinci

124 1563 209 1587 eam
247 1562 349 1604 csse,
398 1562 498 1601 quae
545 1563 625 1587 una
663 1549 753 1587 boni
802 1554 842 1588 et
888 1548 1042 1587 honesti
1086 1549 1235 1587 ratione
1279 1547 1475 1594 fulciatur,

122 1606 264 1657 qnippe
292 1619 411 1657 quum
439 1606 651 1644 iucundum
685 1609 801 1658 atque
830 1607 974 1644 bonum
1002 1605 1105 1644 inter
1133 1618 1174 1643 se
1203 1605 1358 1643 diversa
1385 1604 1475 1651 sint,

123 1666 168 1701 ut
204 1662 283 1700 iam
319 1662 430 1713 pravi
465 1663 763 1701 eudaemonismi
793 1662 892 1701 ratio
930 1676 974 1700 ac
1002 1662 1205 1712 disciplina
1231 1661 1346 1712 plane
1387 1674 1475 1699 con-

121 1719 250 1758 futata
277 1719 476 1758 habeatur.
516 1720 649 1758 Unum
670 1723 800 1758 tamen
829 1720 955 1757 adhuc
975 1724 1154 1769 superest
1172 1718 1474 1768 disceptandum,

123 1776 225 1827 quod
254 1789 342 1813 cum
375 1775 567 1815 rhetorica
603 1776 819 1827 propiorem
855 1776 974 1814 habet
1011 1775 1319 1814 coniunctionem
1357 1778 1475 1826 atque

123 1832 240 1870 etiam
279 1833 327 1870 ad
365 1833 528 1871 aliarum
565 1833 708 1872 artium
744 1832 930 1871 iudicium
966 1832 1175 1882 plurimum
1213 1832 1330 1870 valet.
1386 1831 1477 1869 Dis-

124 1889 246 1927 cernit
285 1889 387 1927 enim
433 1889 511 1926 iam
548 1890 724 1928 Callicles
761 1890 983 1939 voluptates
1028 1890 1148 1927 bonas
1197 1892 1315 1940 atque
1353 1888 1474 1926 malas

124 1945 287 1996 ideoque
314 1945 401 1983 illas
429 1945 640 1984 arbitratur
669 1947 806 1985 sectari
835 1946 945 1984 nobis
974 1949 1013 1984 et
1041 1949 1222 1996 appetere
1251 1945 1376 1984 licere.
1411 1945 1473 1983 De

125 2015 203 2053 qua
229 2002 422 2040 sententia
448 2002 538 2040 inde
568 2015 591 2040 a
618 2017 654 2053 p.
687 2007 779 2040 500.
809 2004 855 2040 A.
886 2015 1009 2054 usque
1039 2004 1087 2040 ad
1115 2016 1152 2052 p.
1185 2005 1277 2040 513.
1307 2002 1347 2040 C.
1377 2001 1475 2040 haec

123 2059 205 2096 fere
233 2058 486 2097 disseruntur.
543 2059 630 2097 Etsi
659 2073 796 2098 verum
824 2064 902 2106 est,
932 2059 1060 2111 inquit
1089 2059 1276 2106 Socrates,
1305 2059 1379 2096 hoc
1406 2072 1475 2098 vo·

124 2115 319 2165 luptatum
339 2111 564 2162 ffiscrimem
594 2120 724 2155 tamen
752 2116 817 2155 vel
843 2117 916 2154 hoc
945 2120 1056 2166 pacto
1085 2117 1298 2155 tenendum
1327 2119 1398 2163 est,
1428 2116 1476 2153 de

125 2185 201 2223 quo
237 2169 361 2210 antea*
386 2172 489 2210 inter
523 2186 593 2210 nos
632 2173 830 2220 convenit,
870 2173 1047 2211 omnibus
1088 2172 1304 2212 actionibus
1332 2172 1476 2211 nostris

124 2228 240 2275 illud,
271 2229 373 2279 quod
400 2230 544 2267 bonum
573 2233 643 2276 est,
680 2234 879 2282 tamquam
916 2230 1097 2268 ultimum
1136 2234 1254 2281 atque
1283 2242 1477 2267 summum

125 2284 365 2335 propositum
409 2298 493 2323 esse
532 2290 706 2336 oportere
743 2287 906 2338 ideoque
953 2287 1164 2324 iucundum
1182 2286 1293 2324 ‘boni
1341 2299 1477 2324 caussa

126 2354 196 2379 nee
234 2354 326 2380 vero
363 2342 506 2380 bonum
542 2342 700 2381 iucundi
748 2357 883 2382 caussa
920 2357 1004 2382 esse
1053 2344 1322 2393 appetendum.
1389 2343 1475 2380 Iam

126 2410 217 2436 vero
247 2411 314 2436 eae
353 2402 507 2437 tantum
543 2404 666 2446 artes,
707 2413 806 2451 quae
835 2400 916 2439 veri
954 2401 1100 2438 habent
1135 2399 1356 2447 scientiam,
1395 2399 1477 2437 ido-

126 2467 239 2493 neam
257 2468 400 2501 eorum,
430 2468 529 2506 quae
548 2456 734 2504 efficiunt,
762 2457 952 2496 rationem
976 2457 1135 2495 reddere
1153 2460 1335 2507 possunt3
1366 2456 1475 2503 aliae,

126 2523 225 2562 quae
253 2525 358 2549 mero
387 2525 462 2549 usu
489 2512 730 2562 experientia
758 2514 915 2553 collecto
939 2514 1129 2560 nituntur,
1158 2513 1317 2551 iucundi
1346 2516 1478 2552 carent

126 2567 287 2606 scientia
324 2572 364 2607 et
391 2568 620 2617 cognitione.
685 2570 946 2608 Distinximus
986 2574 1115 2609 autem
1154 2574 1270 2608 antea
1307 2570 1354 2619 (c.
1397 2569 1477 2618 19.)

127 2628 230 2662 artes
267 2637 352 2672 eas,
392 2637 491 2677 quae
529 2626 578 2663 ad
603 2626 846 2677 voluptatem
885 2632 1039 2666 tantum
1077 2627 1336 2677 pertinerent,
1375 2627 1476 2663 hanc

127 2693 244 2718 unam
272 2686 462 2730 curantes,
491 2682 558 2720 sed
586 2681 626 2720 id
654 2685 757 2735 quod
774 2684 912 2723 melius
941 2688 1010 2722 aut
1027 2683 1138 2735 peius
1160 2684 1212 2723 sit
1239 2683 1476 2733 ignorantes,
