1702 2924
293 214 310 249 1
320 212 338 249 1
346 215 370 250 0
829 214 1087 254 PLATONIS

289 317 335 360 ἐκ
370 321 457 360 τῶν
494 319 778 373 δημιουργῶν.
845 323 946 363 ΣΩ.
975 322 1151 376 Λέγεται
1189 328 1321 364 ταῦτα
1335 355 1346 372 ,
1385 318 1420 366 ὦ
1447 326 1620 379 Γοργία,

287 382 382 436 περὶ
412 381 760 436 Θεμιστοκλέους·
802 385 1059 439 Περικλέους
1094 386 1139 428 δὲ
1175 387 1247 429 καὶ
1281 388 1408 438 αὐτὸς
1444 392 1620 443 ἢκουον,

286 446 354 488 ὅτε
394 447 704 500 συνεβούλευεν
748 448 850 502 ἡμῖν
897 450 991 502 περὶ
1027 457 1106 492 τοῦ
1152 450 1222 492 διὰ
1268 450 1400 506 μέσου
1443 455 1617 508 τείχους.

173 510 256 552 456
287 512 409 552 ΓΟΡ.
454 511 539 552 Καὶ
577 510 680 554 ὅταν
705 511 753 566 γέ
789 528 852 562 τις
879 515 1036 567 αἵρεσις
1061 512 1090 568 ᾗ
1117 506 1179 557 ὧν
1217 514 1271 569 δὴ
1298 516 1352 558 σὺ
1379 514 1546 571 ἔλεγες,
1584 513 1619 560 ὦ

286 576 524 628 Σώκρατες,
550 575 668 630 ὁρᾷς,
696 573 760 618 ὅτι
788 577 830 619 οἱ
856 577 1029 632 ῥήτορές
1061 580 1166 621 εἰσιν
1193 580 1236 621 οἱ
1259 582 1621 635 συμβουλεύοντες

283 638 354 681 καὶ
381 639 424 681 οἰ
447 642 648 690 νικῶντες
674 641 748 690 τὰς
774 643 947 696 γνώμας
972 643 1068 697 περὶ
1094 645 1270 687 τούτων.
1327 647 1429 686 ΣΩ.
1477 649 1618 688 Ταῦτα

283 703 354 745 καὶ
379 705 628 757 θαυμάζων,
657 699 691 746 ὦ
720 707 893 759 Γοργία,
922 707 1050 749 πάλαι
1077 706 1239 760 ἐρωτῶ,
1276 710 1339 759 τίς
1364 723 1465 752 ποτε
1491 711 1520 765 ἦ
1546 711 1616 752 δύ·

283 769 409 821 ναμίς
436 767 521 810 ἐστι
547 775 621 823 τῆς
649 769 883 824 ῥητορικῆς.
912 771 1110 825 δαιμονία
1137 773 1218 826 γάρ
1245 788 1306 822 τις
1330 774 1469 828 ἔμοιγε
1489 790 1614 817 κατα·

283 832 478 884 φαίνεται
505 832 553 874 τὸ
580 832 762 887 μέγεθος
788 834 900 876 οὕτω
929 842 1170 878 σκοποῦντι.

347 955 385 986 Ρ.
409 952 485 987 456.
509 949 566 987 ὦν
595 954 644 998 δὴ
670 954 716 987 οὐ
748 955 902 1000 ἔλεγες]
931 956 1020 989 Edit.
1045 957 1123 989 Bas.
1147 956 1178 990 2.
1210 952 1261 990 ὦν
1295 961 1360 991 νῦν
1389 952 1434 991 αὖ
1472 958 1515 991 σὺ
1543 959 1613 992 ἕλε·

281 1009 348 1052 yse.
394 999 554 1032 Fieinus·
579 1010 685 1042 quas
708 1003 752 1032 tu
774 1001 891 1034 modo
915 1001 1150 1035 referebas.
1194 1002 1336 1036 Videtur
1359 1003 1464 1046 igitur
1486 1003 1611 1047 legisse

282 1037 332 1075 ὦν
357 1046 423 1074 νῦν
447 1042 489 1086 δὴ
514 1043 558 1076 σὺ
570 1045 703 1098 ἔλεγες

349 1089 410 1121 tls·
433 1099 534 1121 ποτε
558 1086 579 1131 ἡ
604 1086 801 1134 δύναμις]
834 1090 890 1123 Sic
912 1091 988 1124 Par.
1012 1092 1039 1124 L
1065 1094 1099 1124 et
1128 1101 1252 1124 novem
1274 1091 1464 1126 Florentini
1494 1093 1614 1126 nostri.

280 1131 383 1164 Editt.
407 1143 524 1166 omnes
550 1132 630 1176 ἥτις

327 1242 593 1286 Περικλέους
617 1244 662 1278 δὲ
685 1246 754 1277 καὶ
780 1243 912 1280 αὐτὸς
980 1248 1069 1288 τείχη
1083 1247 1329 1289 memoraverit,
1353 1247 1510 1280 videntur
1524 1247 1610 1281 haec

282 1285 444 1330 ἤκουον
465 1288 522 1332 —-]
548 1290 725 1328 „Mortuus
747 1294 799 1323 est
820 1291 913 1322 Peri-

279 1333 361 1374 cles,
385 1344 490 1375 quum
505 1334 661 1367 Socrates
677 1335 811 1367 circiter
832 1345 914 1377 qua-

279 1376 436 1421 draginta
486 1389 594 1411 anuos
646 1383 746 1412 natus
792 1379 911 1412 esset.”

277 1422 372 1455 ROU
374 1423 449 1455 ΤΗ.
469 1423 675 1457 scholiastes
688 1424 908 1457 Clarkianus·

277 1463 497 1508 ἀρχαιότερος
539 1467 761 1511 Θεμιστοκλῆς
805 1468 910 1509 Περι-

277 1510 396 1546 κλέους
420 1512 506 1544 ἔτεσι
535 1514 667 1544 πλείοσι
696 1516 764 1545 τῶν
787 1514 909 1556 πει-τή-

276 1567 391 1589 κοντα.
435 1557 488 1589 De
517 1555 574 1589 ὅτε
597 1560 675 1599 post
701 1555 830 1600 ἤκουον
851 1568 910 1600 po-

275 1600 342 1632 sito
365 1611 398 1633 v.
413 1601 557 1643 interpp
581 1602 624 1634 ad
647 1602 764 1645 Eur-ip.
775 1603 908 1635 Hecub.

274 1655 307 1677 V.
332 1644 408 1679 108.
442 1646 565 1678 Latine
594 1647 675 1679 item
697 1647 810 1680 dicas·
842 1657 908 1679 au-

275 1689 388 1730 divi,
411 1701 536 1732 quum
559 1690 739 1724 diceret.

320 1735 422 1775 περὶ
456 1739 529 1768 τοῦ
560 1735 626 1768 διὰ
657 1735 793 1775 μέσου
826 1738 905 1768 τεί-

274 1778 384 1831 χουε]
410 1779 543 1812 Schola
576 1777 645 1812 Διὰ
668 1780 774 1820 μέσου
800 1785 932 1822 τεῖχος.

272 1822 360 1877 λέγει
394 1822 412 1856 ὃ
444 1825 498 1857 καὶ
529 1822 605 1866 ἄχρι
644 1828 709 1857 νῦν
740 1824 833 1857 ἑστιι
865 1824 906 1858 ἐι

272 1865 413 1900 Ἑλλάδι.
455 1868 495 1901 ἐν
536 1873 574 1923 τῆ
614 1870 798 1912 Μουνυχίᾳ
836 1867 903 1924 γὰρ

274 1912 415 1965 ἐποιησε
447 1913 502 1945 καὶ
528 1925 566 1946 το
589 1914 696 1953 μέσον
719 1918 844 1955 τεῖχος,
869 1913 906 1947 τὸ

272 1956 337 1995 μὲν
359 1955 485 1998 βάλλοι
509 1956 565 1990 ἐπὶ
589 1956 648 1991 τὸν
671 1962 828 2000 πειραιᾶ,
871 1956 906 1991 τὸ

272 1986 312 2033 Ιδὲ
335 2000 391 2033 ἐπὶ
415 2000 564 2056 Φάληρα,
590 2000 645 2041 ἵν’,
670 2003 705 2036 εἰ
727 2002 762 2036 τὸ
781 2003 822 2035 ἒν
846 2014 903 2035 κα-

272 2046 443 2098 ταβληθῇ,
498 2044 534 2079 τὸ
584 2044 662 2080 ἄλλο
717 2045 904 2090 ὑπηρετοίη

272 2087 347 2131 ἄχρι
378 2093 438 2123 τοῦ
469 2092 604 2124 πολλοῦ.
656 2093 775 2145 Harp
788 2102 903 2124 ocra

270 2134 363 2166 tion
385 2145 414 2168 s.
428 2145 478 2168 v.:
513 2135 629 2176 Τριῶν
650 2133 765 2168 ὄντων
787 2139 903 2178 τειχῶν

271 2177 311 2210 ἐν
335 2182 372 2222 τῇ
395 2177 523 2222 Ἀττικῇ
538 2197 583 2204 --
606 2184 665 2212 τοῦ
690 2192 723 2212 ts
747 2180 901 2221 Βορείου

271 2223 324 2255 καὶ
339 2227 398 2256 τοῦ
391 2223 542 2257 ι’Νοτιου
562 2226 617 2257 καὶ
636 2228 694 2257 τοῦ
709 2224 902 2278 Φαληρικοῦ

270 2286 314 2292 -
338 2266 393 2301 διὰ
418 2268 525 2323 μέσου
555 2267 686 2302 τούτων
710 2268 766 2302 ἕλ’
787 2281 841 2302 ετο
866 2268 901 2301 τὸ

272 2311 412 2352 Νότιον,
421 2308 463 2345 οὖ
475 2313 683 2356 μνημονεύει
691 2313 746 2346 καὶ
790 2312 902 2347 λάιων

270 2356 310 2389 ἐν
343 2358 416 2399 Γορ
398 2359 485 2401 ργίᾳ.
546 2358 777 2391 consideratis
814 2358 901 2391 locis

271 2401 461 2445 Thucyd.
475 2402 520 2443 11,
536 2402 589 2438 13.
607 2407 641 2435 et
662 2403 784 2436 Livii
807 2403 900 2436 Libr.

268 2446 395 2479 XXXI.
419 2457 446 2479 c.
469 2445 536 2488 26,
559 2448 618 2480 ubi
640 2457 804 2480 murum
832 2457 900 2480 me-

268 2494 387 2531 morat,
403 2492 476 2533 qui
494 2491 660 2525 duobus
674 2491 899 2525 bracchiis

268 2535 500 2568 Piraeeum
523 2536 706 2569 Athenis
736 2536 899 2580 iungit,

269 2579 311 2613 de
333 2590 369 2612 re
391 2579 493 2612 valde
508 2579 612 2613 dubia
635 2585 670 2613 et
684 2584 900 2614 controversa

267 2625 316 2657 sic
347 2623 482 2657 videtur
513 2625 778 2658 existimandum
813 2635 898 2660 esse.

266 2668 487 2711 Thucydides
501 2679 604 2711 quum
619 2673 752 2724 praeter
765 2680 898 2702 murum

266 2713 484 2747 Phalericum
530 2713 670 2756 insuper
701 2711 738 2747 τὰ
785 2713 898 2756 μακρὰ

979 1291 1054 1333 ipsa
1080 1291 1305 1334 intelligenda
1338 1302 1412 1325 esse
1450 1292 1517 1326 duo
1547 1292 1610 1326 illa

978 1336 1068 1368 muri
1084 1335 1246 1369 bracchia
1262 1347 1283 1369 a
1299 1337 1400 1370 Livio
1414 1341 1610 1379 memorata,

977 1389 1065 1422 quae
1096 1381 1274 1414 Piraeeum
1304 1382 1381 1414 urbi
1411 1382 1610 1425 iungebant.

978 1425 1032 1457 Ex
1047 1425 1101 1457 his
1113 1429 1226 1458 autem
1241 1425 1397 1467 alterum,
1414 1426 1504 1469 quod
1519 1427 1609 1460 latus

977 1469 1113 1502 boreale
1144 1471 1299 1513 tegebat,
1332 1472 1426 1513 prius
1456 1476 1528 1504 erat
1549 1482 1607 1504 ex-

977 1518 1141 1547 structum
1157 1514 1299 1557 ideoque
1313 1515 1413 1548 valde
1428 1517 1607 1557 munitum,

975 1558 1128 1591 alterum-
1149 1570 1193 1591 ex
1222 1559 1331 1592 altera
1368 1563 1464 1602 parte
1492 1564 1610 1603 postea

975 1602 1130 1636 additum
1145 1614 1185 1636 ac
1202 1605 1315 1637 minus
1329 1603 1498 1637 firmatum
1513 1615 1609 1647 prae-

974 1647 1072 1689 sidio,
1095 1648 1175 1690 quia
1198 1653 1406 1682 commeatus
1435 1649 1609 1683 meridiem

974 1702 1092 1725 versus
1114 1694 1183 1725 iam
1206 1693 1385 1727 Phalerico
1415 1704 1531 1735 muro,
1564 1694 1608 1728 ad

973 1738 1245 1779 septemtrionem
1267 1742 1380 1771 autem
1401 1749 1497 1771 muro
1520 1740 1607 1772 nati-

973 1782 1091 1823 quiore
1104 1783 1246 1815 Piraeeo
1261 1783 1297 1815 in
1312 1787 1446 1826 portum
1461 1783 1605 1817 ducente

972 1827 1055 1859 satis
1086 1826 1275 1860 custoditus
1306 1827 1495 1861 videbatur.
1539 1829 1606 1862 Ita—

972 1881 1038 1912 que
1052 1870 1087 1904 τὸ
1104 1870 1159 1904 διὰ
1170 1870 1276 1910 μέσου
1293 1877 1396 1914 τεῖχος
1411 1872 1602 1906 alterum

971 1916 1080 1948 muri
1131 1916 1311 1949 Piraeei
1352 1916 1604 1951 bracchium

972 1964 1024 1992 est
1059 1960 1094 1992 in
1126 1960 1237 1994 medio
1267 1961 1356 1994 inter
1391 1962 1602 2005 primitivum

971 2004 1083 2037 Piraei
1098 2015 1231 2038 murum
1247 2009 1349 2048 atque
1364 2016 1497 2039 murum
1515 2007 1603 2040 Pha-

970 2049 1112 2082 lericum
1128 2050 1353 2091 interiectum,
1376 2060 1452 2083 cum
1469 2051 1603 2084 Piraeei

969 2093 1179 2126 munimento
1208 2094 1256 2127 its
1286 2095 1526 2136 coniunctum,
1564 2100 1604 2129 ut

969 2141 1113 2179 utraque
1154 2137 1318 2172 bracchia
1364 2149 1470 2172 unum
1515 2150 1601 2183 opus

969 2181 1174 2215 conficerent
1210 2182 1354 2226 ideoque
1383 2194 1480 2217 muro
1512 2184 1602 2218 Pha-

968 2226 1071 2259 lerico
1088 2232 1360 2280 opponerentur,
1395 2233 1497 2271 atque
1519 2229 1602 2262 alte-

967 2268 1602 2313 rumssdpe102‚alterumetinmaduu-

967 2314 1119 2348 nichiam
1134 2326 1336 2358 procurrens
1358 2316 1472 2350 νότιον
1486 2317 1601 2361 appel-

967 2360 1110 2400 laretur,
1152 2371 1371 2404 quamquam,
1409 2362 1510 2395 sicuti
1545 2372 1600 2395 res

966 2404 1159 2487 HJJ&
1176 2405 1529 2492 hss’sslz‘z‘ssfflfflffgm
1537 2419 1598 2483 ..ξὲ

966 2493 1098 2526 Caussa
1126 2497 1257 2536 autem,
1294 2504 1357 2527 eur
1384 2504 1502 2528 murus
1536 2495 1597 2528 ille

965 2537 1097 2570 medius
1126 2542 1317 2572 exstructus
1345 2539 1409 2579 sit,
1450 2549 1470 2572 a
1500 2539 1598 2573 scho-

964 2582 1067 2614 liasta
1089 2583 1173 2616 satis
1205 2583 1424 2626 probabiliter
1446 2583 1596 2625 indicata

965 2630 1017 2659 est
1038 2627 1172 2659 verbis:
1202 2625 1258 2666 ἶν’,
1290 2626 1325 2660 εἰ
1355 2626 1390 2660 τὸ
1421 2627 1463 2659 ἓν
1497 2640 1594 2660 κατα-

965 2671 1081 2713 βληθῇ
1095 2683 1124 2703 κ.
1141 2683 1166 2704 τ.
1183 2672 1209 2703 λ.
1240 2670 1340 2712 Quod
1359 2675 1473 2704 autem
1494 2672 1596 2705 hodie

963 2714 1107 2749 duorum
1128 2719 1259 2750 tantum
1274 2725 1446 2749 murorum
1468 2726 1490 2749 a
1507 2717 1596 2750 mari
