1702 2924
461 177 703 219 GORGIAS.
732 178 778 217 P.
807 179 901 216 465.
931 178 992 217 ed.
1023 178 1081 217 st.
1374 178 1448 214 141

99 291 175 332 τὸν
211 285 346 332 αὐτὸν
383 289 546 341 τρόπον
582 292 740 330 τοῦτον
776 287 805 341 ἦ
831 287 1101 341 κομμωτική,
1138 285 1383 339 κακοῦργός
1410 298 1454 326 τε

100 351 209 397 οὖσα
249 354 318 397 καὶ
347 353 539 410 α’πατηλὴ
580 352 652 396 καὶ
690 351 873 407 ἀγεννὴς
901 351 972 394 καὶ
1010 352 1315 405 ἀνελεύθερος,
1357 351 1452 405 σχή-

100 431 202 473 μασι
239 420 310 462 καὶ
347 422 533 475 χρώμασι
572 419 643 461 καὶ
681 419 861 473 λειότητι
898 418 970 460 καὶ
1010 417 1183 472 {esayam
1231 417 1452 467 ἄπατωσα,

99 483 200 536 ὥςτε
227 489 367 528 ποιεῖν
394 486 618 538 ἀλλότριον
657 486 811 534 κάλλος
840 481 1156 564 ἐφελιιὶομένους
1184 489 1262 524 τοῢ
1291 483 1453 525 οἰκείου

99 559 177 593 τοῦ
206 552 275 593 διὰ
302 557 377 605 τῆς
398 556 686 631 γυμναστικῆς
708 550 888 604 α’μελεῖν.
921 545 971 591 ἵν’
1001 552 1083 590 οὐν
1103 548 1160 603 μὴ
1183 550 1454 603 μακρολογῶ,

100 616 234 659 ἐθέλω
271 626 339 658 σοι
377 617 510 658 εἰπεῖν
545 613 683 668 ὥςπερ
724 631 764 657 οι
800 612 1033 669 γεωμέτραι
1072 638 1122 644 —-
1161 615 1243 669 ἤδη
1278 614 1360 669 γὰρ
1400 614 1455 655 ἂν

99 683 200 731 ἴσως
238 682 558 736 οἷκολουθήσαις
596 706 647 712 —
688 677 754 723 ὅτι
793 678 816 722 ὃ
855 679 1101 735 κομμωτικὴ
1142 682 1249 734 πρὸς
1292 695 1453 734 γυμνα-

98 748 257 802 στικήν,
287 753 414 789 τοῦτο
443 745 673 801 ὀψοποιικὴ
702 746 810 800 πρὸς
839 747 1046 800 ἰατρικήν.
1093 748 1258 799 μᾶλλον
1287 745 1331 787 δὲ
1359 737 1455 796 ὧδε,
1486 746 1522 791 C

169 892 332 936 τρόποι
357 891 524 936 τοῦτον]
551 891 684 925 τούτων
709 892 828 925 Clark.
853 893 932 924 Vat.

166 937 417 982 κακοῦργός
449 950 490 971 τε
520 933 649 982 οὖσα]
682 932 773 970 οὖσα
805 937 959 971 additum
992 949 1010 970 e
1042 937 1130 970 Ven.
1164 937 1246 970 ΞΣ.
1286 936 1390 970 Vind.
1420 936 1453 970 2.

97 986 172 1018 Par.
198 986 240 1018 V.
263 985 356 1017 Flor.
394 995 423 1016 a.
448 983 481 1016 b.
512 994 542 1017 c.
574 983 607 1015 (1.
638 984 662 1016 f.
692 995 736 1016 m.
761 994 792 1016 o.
818 995 850 1015 X.
883 984 972 1026 Aug.
996 984 1137 1016 Meerm.
1169 987 1203 1015 et
1234 993 1319 1015 corr.
1346 982 1452 1015 Coisl.

99 1032 176 1063 Par.
202 1031 241 1062 B.
265 1031 398 1062 Tuetur
419 1029 506 1062 illud
530 1029 632 1062 etiam
664 1029 743 1062 edit.
767 1030 848 1062 Bas.
871 1028 916 1069 2.,
941 1029 1067 1061 omittit
1089 1033 1202 1061 tamen
1229 1028 1345 1061 Clark.
1371 1038 1452 1060 cum

99 1075 357 1130 Olympiodoro.

167 1119 355 1164 σχήμασι
379 1119 449 1152 καὶ
474 1117 685 1163 χρώμασι]
726 1119 816 1152 Vett.
843 1119 940 1152 editt.
968 1117 1118 1161 σχήμασί
1146 1130 1179 1151 τε
1204 1119 1260 1151 καὶ
1285 1130 1335 1161 χρ.
1385 1118 1452 1151 Sed

99 1178 131 1199 τε
162 1177 227 1199 0111.
262 1166 379 1198 Clark.
412 1165 489 1198 Vat.
528 1166 604 1198 Par.
638 1165 833 1198 BEFIW.
861 1164 972 1198 Coisl.
1009 1164 1100 1196 Flor.
1131 1165 1154 1196 f.
1179 1175 1206 1196 s.
1231 1175 1263 1196 x.
1302 1165 1451 1197 Darmst.

98 1212 236 1244 Aristid.
262 1212 353 1244 Dein
377 1214 458 1243 vett.
483 1210 577 1243 editt.
603 1210 660 1243 καὶ
685 1208 844 1253 λειότητι,
876 1221 938 1253 pro
963 1220 1030 1252 quo
1055 1211 1132 1244 Par.
1158 1210 1235 1242 EF.
1260 1210 1350 1242 Flor.
1377 1211 1399 1242 f.
1426 1221 1453 1242 s.

98 1257 175 1290 Ald.
201 1259 278 1289 Bas.
312 1256 342 1289 1.
367 1254 535 1298 λειότησι,
568 1260 608 1288 ut
630 1256 777 1288 Bekker.
810 1256 999 1288 Hermann.
1033 1255 1102 1287 alii.
1137 1256 1226 1287 Tum
1250 1255 1356 1298 vulgo
1380 1259 1453 1288 erat

97 1303 151 1335 καὶ
177 1300 355 1345 αἰσθήσει,
380 1312 485 1333 sensu
515 1301 623 1333 nullo.
672 1301 771 1341 Quod
797 1301 953 1333 dedimus
979 1299 1144 1344 ἑσθήσει,
1171 1301 1274 1333 Corai
1298 1300 1452 1334 debetur.

96 1348 275 1380 Bekkerus
299 1347 447 1380 coniecit
470 1345 622 1389 ἐσθῆσιν
645 1357 688 1378 ex
713 1347 788 1378 Par.
813 1347 854 1379 V.
879 1358 928 1389 pr.
954 1350 988 1378 et
1002 1346 1106 1378 Coisl.
1133 1357 1199 1378 sec.
1224 1350 1263 1378 ut
1283 1346 1452 1379 canterus

97 1395 184 1427 Nov.
209 1394 316 1426 Lectt.
342 1393 385 1434 V,
410 1391 463 1424 15.
511 1391 628 1424 Codex
660 1391 822 1424 Aristidis
853 1391 1096 1424 Schellerhem.
1130 1391 1235 1424 habet
1259 1390 1394 1435 ἐσθῆτι.
1420 1403 1452 1425 v.

99 1443 215 1471 annot

143 1485 249 1518 ἴσως
275 1481 620 1526 ἅκολσυθήσαις]
662 1482 719 1514 Sic
742 1482 862 1525 optimi
888 1486 922 1515 et
944 1482 1047 1525 longe
1071 1481 1211 1524 plurimi
1234 1481 1325 1515 libri.
1359 1483 1451 1515 Vett.

98 1529 191 1562 editt.
218 1526 344 1562 ἀκολοι
338 1526 503 1571 θήσειας.
527 1528 617 1560 conf.
642 1528 732 1560 infra
755 1538 787 1570 p.
812 1526 890 1561 477.
913 1528 952 1560 B.
979 1532 1013 1560 et
1036 1528 1212 1560 Matthiae.
1240 1529 1297 1562 Gr.
1347 1528 1449 1571 ampl.

99 1577 138 1607 T.
165 1575 191 1607 1.
215 1585 247 1617 p.
271 1573 349 1608 361.
360 1599 369 1616 ,
399 1575 457 1616 qui
485 1573 638 1606 Atticam
669 1574 814 1605 formam
847 1573 992 1616 optativi
1024 1584 1094 1605 non
1129 1584 1261 1617 semper
1291 1574 1451 1617 usurpari

97 1620 140 1652 ab
167 1620 290 1652 Atticis
315 1619 539 1675 scriptoribus
562 1619 741 1651 verissime
765 1618 889 1651 docuit.

167 1666 204 1698 C.
237 1668 362 1698 τοῦτο
396 1661 648 1708 ὀψοποιικὴ]
697 1665 737 1697 V.
771 1661 1010 1707 ὀψοποιητική.
1059 1664 1149 1697 [llud
1181 1674 1298 1697 rursus
1332 1664 1450 1698 Clark.

97 1711 174 1743 Vat.
199 1711 327 1753 aliique
349 1711 489 1753 plurimi
512 1714 661 1743 tuentur.
709 1710 767 1742 Sic
791 1710 872 1742 item
897 1710 1016 1752 paullo
1041 1714 1129 1752 post.

97 1822 330 1857 coloribus
361 1826 400 1855 et
433 1822 738 1866 laevigatione

98 1873 138 1902 et
161 1868 385 1902 vestiendi
417 1869 595 1901 ratione
627 1869 738 1901 frau-

96 1915 187 1948 dem
219 1914 411 1954 faeiens3
449 1913 558 1946 durch
590 1912 739 1946 Formen

95 1960 168 1992 und
198 1959 338 1992 Farben
366 1958 440 1991 und
475 1958 636 2001 Glc'z'ttuny
667 1958 741 1991 und

98 2004 322 2046 Gewanduny
361 2003 553 2037 muschend.
633 2003 739 2036 Vides

98 2052 146 2083 ita
170 2050 284 2083 omnia
314 2059 389 2082 esse
421 2049 514 2086 clara
548 2052 582 2081 et
610 2049 738 2092 perspi-

98 2107 176 2136 cua,
198 2099 237 2128 ut
259 2106 329 2128 non
360 2105 445 2137 opus
476 2095 522 2127 sit
544 2095 658 2127 varias
690 2095 738 2126 vi—

98 2152 212 2174 rorum
254 2141 430 2173 doctorum
472 2140 652 2182 opiniones
696 2139 737 2172 de

99 2188 162 2219 hoc
185 2186 263 2218 loco
287 2189 493 2228 expromtas,
518 2186 641 2228 partim
665 2196 738 2227 per-

99 2242 203 2274 quam
233 2231 337 2263 miras
375 2230 455 2262 illas
493 2235 527 2263 et
559 2230 737 2272 absurdas,

99 2286 284 2309 memorare
308 2275 363 2307 vel
379 2276 586 2308 examinare.
611 2276 738 2316 Quam—

100 2332 203 2364 quam
241 2331 301 2374 pro
337 2318 479 2363 λειότητι
513 2320 574 2353 ubi
605 2320 738 2354 λειώσει

98 2367 293 2409 scripseris,
328 2365 363 2397 id
387 2366 489 2398 etiam
513 2366 634 2398 melius
659 2376 738 2399 cum

99 2411 245 2455 ἐσθήσει
268 2410 496 2443 concordabit.
519 2410 634 2444 Verba
660 2411 736 2454 σχή-

99 2469 184 2497 ματα
207 2461 241 2489 et
262 2454 420 2499 χρώματα
452 2466 552 2498 saepe
577 2457 627 2489 sic
658 2467 738 2490 con-

98 2504 304 2581 ῗὲὲἕιὲῗᾞῖί.
323 2501 576 2588 Ἔῃθζῗῗοο
590 2501 684 2579 &5³⁶0
698 2503 737 2534 Β

308 2558 347 2580 ae
373 2557 416 2579 ou
687 2558 739 2579 ra-

97 2593 158 2636 tyl.
190 2603 221 2634 p.
255 2591 331 2680 431.
356 2591 393 2626 C,
425 2591 574 2633 Sophist.
604 2603 636 2634 p.
661 2591 736 2625 251.

99 2640 140 2670 A.
173 2638 261 2670 Tim.
354 2637 408 2670 68.
441 2638 484 2669 D.
515 2637 568 2669 De
593 2637 738 2679 Republ.

99 2684 143 2716 ΙΙ.
167 2693 199 2725 p.
222 2681 299 2716 373.
323 2683 364 2715 V.
397 2693 428 2724 p.
452 2680 530 2715 476.
554 2682 591 2713 B.
625 2682 670 2714 al.
694 2700 737 2707 -—

98 2726 204 2762 ὥςτε
237 2731 380 2760 ποιεῖν
413 2739 439 2759 κ.
476 2739 499 2758 τ.
525 2727 570 2764 λ.,
605 2727 666 2760 ita
689 2731 739 2760 ut

807 1822 1007 1862 efficiat,
1046 1826 1091 1854 ut
1128 1823 1328 1856 homines
1364 1822 1452 1865 pul-

807 1868 1054 1900 critudinis
1087 1867 1286 1900 adscitae
1317 1871 1451 1910 atque

809 1913 991 1946 aliunde
1010 1913 1178 1955 petitae
1199 1913 1346 1946 studio
1363 1924 1452 1955 pro-

807 1958 945 2001 priam
1005 1964 1142 2000 atque
1203 1959 1452 2002 genuinam,

808 2014 918 2045 quae
942 2008 1032 2037 arte
1050 2004 1330 2046 palaestrica
1355 2014 1452 2037 con-

808 2049 994 2082 ciliatur
1054 2050 1250 2092 corpori,
1315 2050 1452 2093 negli-

806 2098 918 2137 gant.
971 2095 1119 2138 Egregie
1158 2099 1191 2127 et
1228 2105 1368 2138 prorsus
1408 2095 1451 2128 ad

806 2150 877 2172 rem
892 2140 1147 2173 accommodate
1163 2139 1293 2173 dictum
1310 2140 1450 2181 ἐφέλκε-

809 2186 892 2217 σθαι
908 2182 1090 2227 ἀλλότριον
1107 2184 1237 2224 κάλλος,
1256 2186 1450 2218 alienam

806 2230 1064 2263 adsciscere
1094 2231 1450 2273 pulcritudinem.

851 2274 992 2318 ὥςπερ
1020 2275 1065 2308 οἱ
1087 2275 1342 2320 γεωμέτραι]
1363 2277 1450 2309 Ser-

807 2331 881 2353 ran
893 2332 940 2354 us
962 2321 1107 2364 putabat
1130 2321 1174 2353 ad
1198 2322 1247 2354 rei
1261 2323 1450 2364 perspicui-

805 2370 909 2399 tatem
941 2367 1097 2399 adhiberi
1130 2366 1344 2409 diagramma
1376 2368 1450 2400 sive

806 2411 950 2454 figuram
986 2412 1239 2455 geometricam.
1302 2413 1340 2445 In
1382 2423 1450 2455 quo

806 2457 859 2488 vir
882 2457 1003 2490 doctus
1035 2457 1135 2490 valde
1169 2458 1306 2491 erravit.
1352 2459 1450 2491 Refe-

806 2506 927 2534 runtur
950 2503 1041 2534 enim
1065 2503 1150 2535 haec
1179 2502 1223 2535 ad
1246 2502 1353 2536 verba
1375 2514 1450 2547 pro-

806 2547 898 2579 xime
923 2549 1118 2589 sequentia,
1150 2559 1239 2590 quae
1272 2548 1451 2581 imitantur

807 2593 1124 2625 mathematicorum
1172 2595 1337 2626 rationem
1354 2618 1362 2634 ,
1414 2597 1451 2625 ut

807 2638 977 2670 sententia
997 2638 1080 2671 haec
1102 2639 1163 2671 sit:
1190 2638 1261 2671 sed
1287 2649 1337 2670 ne
1364 2639 1451 2670 lon-

805 2694 886 2726 gus
917 2683 1011 2724 sim,
1043 2694 1157 2716 more
1182 2684 1451 2716 mathemati-

807 2738 951 2760 corum
975 2739 1060 2761 rem
1085 2729 1316 2771 explicare
1341 2728 1449 2762 volo.
