1722 2964
643 7 654 20 .,
660 7 663 11 .
670 0 699 14 ,ιν-
708 16 714 27 4
723 0 1722 53 '³⁹zfflmgsswnlwssjm’UYfflffiwrssffffffwrwwm

194 106 274 149 138
739 71 1042 151 PLA'roNu

134 231 168 264 D
192 228 342 281 φησίν.
367 219 480 269 οὕτω
504 219 677 280 σφόδρα
699 222 773 268 καὶ
797 218 859 268 δι’
883 220 988 270 ὅλον
1017 226 1096 270 τοῦ
1114 221 1302 285 ᾅσματος
1317 223 1587 287 ἐπεξέρχεται

190 292 256 351 τῷ
277 291 355 335 τοῦ
372 291 593 335 Πιττακοῦ
618 287 788 347 ῥήματι.

324 353 490 408 πάντας
515 353 556 400 δ’
584 353 792 414 ἓπαίνημι
820 357 893 403 καὶ
915 358 1051 415 φιλέω

325 421 440 468 ἑκών
462 420 579 474 ὅστις
603 424 710 481 ἔρδῃ

323 489 464 547 μηδὲν
486 487 687 546 αἰσχρόν
721 486 888 549 ἀνάγκῃ
915 485 958 535 δ’
984 487 1088 535 οὐδὲ
1112 491 1211 535 θεοὶ
1232 488 1454 549 μάχονται

191 556 265 601 καὶ
287 553 403 601 τοῦτ’
433 555 524 600 ἐστὶ
546 553 653 613 πρὸς
677 553 724 600 τὸ
747 554 852 602 αὐτὸ
875 558 1000 602 τοῦτο
1033 559 1273 615 εἰρημένον.
1321 555 1373 604 οὗ
1398 557 1480 616 γὰρ
1504 577 1591 605 ου-

190 641 276 676 τως
299 620 563 675 ἀπαίδευτος
586 614 642 679 ἦν
666 627 935 681 Σιμωνίδης,
960 621 1070 668 ὥστε
1093 621 1273 677 τούτους
1294 622 1433 681 φάναι
1466 627 1590 671 ἐπαι-

192 700 312 746 νεῖν,
338 686 387 742 ὃς
411 685 467 733 ἂν
490 686 604 734 ἑκὼν
626 688 766 746 μηδὲν
788 688 922 735 κακὸν
945 691 1069 748 ποιῇ,
1096 687 1153 742 ὥς
1185 687 1326 735 ὄντων
1359 693 1515 748 τινῶν,
1547 696 1592 737 οἳ

191 754 364 808 ἑκόντες
387 753 499 800 κακὰ
522 757 734 801 ποιοῦσιν.
763 754 846 813 ἐγώ
870 755 952 813 γὰρ
977 754 1134 813 σχεδόν
1151 775 1192 801 τι
1215 756 1334 814 οἶμαι
1351 759 1501 813 τοῦτο,
1524 756 1592 803 ὅτι

190 820 340 875 οὐδεὶς
385 824 474 867 τῶν
521 824 674 879 σοφῶν
710 820 887 881 ἀνδρῶν
924 820 1091 880 ἡγεῖται
1133 821 1294 869 οὐδένα
1340 821 1592 882 ἀνθρώπων

189 951 315 994 (Poet.
339 951 458 984 melio.
483 962 517 993 p.
518 951 632 1004 871)
656 945 785 984 §nco'
807 952 867 985 vel
890 946 951 985 ἐπὶ
974 946 1012 984 δ’
1036 952 1147 985 scribi
1169 951 1260 984 vult.
1308 952 1420 986 Nobis
1442 952 1592 996 negatio

192 995 337 1038 aliqua,
355 995 470 1028 veluti
487 989 632 1028 ουποθ
636 1006 808 1037 requiri
826 996 979 1029 videtur
1003 1006 1037 1030 v.
1056 996 1140 1038 adp
1145 997 1295 1029 .346D

282 1041 326 1072 D.
350 1035 526 1077 πάντας
544 1036 591 1072 δὲ
609 1021 745 1072 ἑπαίν
782 1037 850 1095 μι]
871 1040 915 1073 V.
931 1007 1140 1082 ἑπαινοῖμι.
1155 1040 1258 1075 Bodl.
1274 1040 1357 1074 Vat.
1375 1036 1591 1084 ἕπαίνημιν.

189 1084 267 1162 ἔω
282 1078 500 1161 ἐπέἕῖῆμιν.
537 1084 666 1117 Venet.
685 1083 731 1116 Σ.
770 1094 949 1127 παινημι,
976 1084 1097 1125 quod
1087 1094 1160 1116 iam
1176 1083 1381 1127 Stephanus
1398 1086 1592 1119 restituen-

215 1139 276 1162 um
293 1139 331 1162 vi

191 1233 290 1273 ποτ’
323 1233 408 1282 ἐγὼ
439 1249 470 1272 τ.
504 1248 543 1280 μ.
576 1250 610 1280 y.
641 1235 707 1281 —]
743 1238 858 1278 Quo-

191 1285 316 1318 circa
330 1292 547 1325 nunquam
564 1292 662 1325 ego,
687 1282 730 1314 id
747 1283 859 1324 quod

193 1328 302 1362 fieri
328 1338 412 1359 nou
440 1329 588 1369 potest
618 1336 858 1368 quaerens,

193 1374 370 1406 frustra
420 1372 463 1403 in
516 1371 691 1403 irritam
743 1382 860 1413 spem

195 1417 317 1451 aevi
354 1418 556 1458 partem
593 1416 856 1458 proiiciam,

193 1470 404 1512 quaerens
425 1461 564 1493 virum
586 1460 719 1501 plane
742 1462 859 1492 inte-

194 1515 315 1548 grum
344 1505 465 1536 inter
487 1513 579 1542 noe,
614 1504 737 1536 latae
768 1505 861 1545 qui·

195 1559 368 1590 cunque
399 1548 607 1590 frugibus
641 1549 862 1581 vescimur

195 1597 364 1626 terrae:
390 1593 643 1633 tumvobis,
662 1602 786 1634 quum
803 1593 862 1624 in-

193 1648 379 1689 venero,
411 1636 637 1669 indicabo.
684 1637 771 1669 Voc.
802 1647 863 1669 κε-

194 1693 288 1717 νεαν
310 1681 469 1724 pertinet
491 1680 536 1713 ad
553 1683 689 1723 μοῖραν
712 1678 861 1722 αἰῶνος,

196 1729 235 1760 et
256 1726 391 1759 dictum
421 1728 477 1758 est
487 1735 569 1774 per
593 1726 790 1767 prolepsin,
822 1728 863 1757 ut

194 1772 262 1804 sit:
279 1778 372 1804 more
389 1763 525 1803 κενεὰν
542 1765 864 1812 εἷναι,1ι.ο.ι“ι·ιι-

196 1818 303 1849 stra.
326 1815 380 1847 De
397 1814 468 1846 hac
484 1813 609 1856 prolep
614 1815 694 1847 siv.
712 1813 758 1845 ad
771 1814 862 1846 Tim.

224 1861 297 1895 ,72
321 1860 353 1891 D
389 1861 426 1890 et
455 1868 565 1900 supra
598 1858 644 1890 ad
675 1869 710 1900 p.
733 1858 797 1891 327
822 1857 861 1891 C.

195 1903 301 1937 Istud
323 1912 556 1945 παναμωμον
578 1896 784 1945 ανθρωπον
801 1913 864 1944 per

197 1948 463 2000 appositionem
496 1946 657 1979 additum
685 1950 741 1979 est
768 1947 862 1979 illis:

197 1959 303 2046 τομὴ
343 1989 499 2025 ενέσθαι
507 1987 684 2025 δυνατόν.
692 1991 865 2024 -Verba

198 2033 264 2079 εὕρ
268 2046 309 2069 vs
338 2035 404 2074 οῦς
415 2029 496 2068 ὅσοι
509 2031 655 2077 καρπὸν
669 2030 864 2077 αἰνύμεθα

198 2048 341 2125 χθονός
363 2080 407 2112 ob
431 2079 556 2112 oculos
573 2080 699 2112 habuit
715 2080 863 2112 Horat.

200 2124 456 2163 0d.11,14,
500 2125 557 2156 10:
607 2125 864 2165 Quicunque

199 2173 352 2203 terrae
397 2178 571 2200 munere
623 2169 865 2208 vescimur,

199 2213 320 2247 iudice
359 2212 661 2245 Valckenario
708 2212 754 2244 ad
793 2213 866 2244 Ειι-

199 2259 266 2300 rip.
290 2257 477 2300 Hippolyt
499 2266 534 2289 v.
560 2258 643 2298 131,
676 2257 737 2297 qui
761 2256 866 2298 plura

200 2303 238 2334 in
261 2302 357 2334 hanc
386 2301 606 2334 sententiam
635 2300 796 2351 collegit.
825 2317 869 2323 —

201 2340 332 2380 ἔπειθ’
364 2341 456 2398 ὑμῖν
487 2340 606 2387 εὑρών
636 2345 670 2377 h.
696 2355 728 2378 e.
751 2339 870 2386 εὑρων

201 2384 332 2424 ἔπειθ’
362 2385 463 2432 ὑμῖν.
513 2386 674 2423 ἔπειτα
705 2389 758 2422 sie
786 2399 868 2430 par—

202 2435 331 2477 ticipio
382 2434 620 2476 praemissum
669 2433 871 2466 illustravit

202 2479 434 2511 Hermann.
466 2478 512 2510 ad
541 2479 687 2520 Aristop
690 2477 723 2510 h.
750 2477 868 2510 Nubb.

204 2534 239 2557 v.
257 2523 335 2556 857.
356 2522 472 2555 Scallb.
512 2522 615 2555 cons.
639 2521 743 2555 Pind.
767 2521 867 2554 Nem.

204 2568 286 2600 VII.
319 2568 379 2600 55.
417 2569 546 2617 τυχειν
585 2560 640 2599 ἕν’
679 2560 871 2599 οἶδυνατον

206 2606 459 2663 εὐδαιμονίαν
497 2620 650 2643 απασαν
694 2604 871 2661 ἀνελόμε-

205 2663 292 2690 νον·
322 2650 390 2688 οὐκ
415 2651 484 2698 ἔχω
508 2652 646 2697 εἰπεῖν,
670 2654 744 2688 τίνι
762 2652 871 2687 τοῦτο

205 2701 339 2777 Mgpoe
356 2697 459 2738 τέλος
477 2680 646 2742 ἔμπεδον
655 2693 724 2740 ὤρε

311 2739 700 2821 ἀέπεξέρχεται-
727 2698 870 2785 {riuu-

204 2786 272 2832 τι]
311 2787 475 2821 dietum
505 2805 550 2811 —
581 2788 871 2831 persequitur

927 1240 971 1314 gt
1001 1238 1130 1280 quasi
1160 1238 1397 1272 hostiliter
1434 1249 1595 1283 aggre-

958 1283 1057 1317 itur.

972 1321 1149 1366 πάντας
1193 1323 1242 1360 δὲ
1288 1321 1575 1379 ἐκαίνημι
1551 1345 1597 1351 -

926 1379 1061 1422 οστις
1093 1368 1219 1415 ἔρδῃ]
1260 1370 1322 1404 Sic
1352 1380 1454 1410 οστις
1486 1374 1524 1404 et
1551 1382 1596 1410 ος

928 1426 976 1448 αν
997 1426 1109 1458 saepe
1134 1416 1180 1448 ad
1203 1415 1379 1469 pluralem
1409 1426 1597 1449 numerum

926 1459 1143 1492 referuntur.
1188 1459 1291 1493 Mox·
1322 1454 1415 1494 ὥστε
1439 1455 1596 1499 τούτους

933 1498 1055 1545 φάναι
1078 1497 1313 1555 ἐπαινεῖν,
1292 1515 1334 1543 ος
1351 1515 1400 1538 αν
1415 1498 1511 1538 ἕκών
1526 1516 1551 1547 μ

932 1545 999 1581 δὲν
1003 1543 1134 1599 q·›mnu3‡¹
1150 1558 1239 1601 ποιη
1298 1549 1340 1581 P.
1363 1550 1429 1582 345
1445 1549 1493 1581 E:
1525 1558 1596 1598 ουχ

931 1584 974 1630 ὃς
996 1584 1045 1625 ἂν
1064 1586 1122 1668 μνζ
1138 1602 1239 1624 κακα
1260 1591 1350 1636 ποιῇ
1368 1586 1483 1634 ἑκών,
1510 1602 1595 1625 του-

931 1647 1005 1668 των
1028 1646 1082 1678 φη
1086 1645 1106 1668 σ
1125 1647 1145 1669 ν
1167 1627 1366 1678 ἕπαινέτὴς
1389 1617 1506 1678 εἶναι,
1534 1636 1598 1669 ubi

930 1680 1040 1721 vulgo
1063 1675 1196 1713 τούτου
1220 1680 1404 1713 edebatur.
1448 1680 1506 1713 De
1526 1680 1598 1713 Re-

932 1724 1031 1775 publ.
1050 1724 1147 1758 VIII.
1127 1735 1207 1801 ap.
1224 1725 1289 1757 566
1306 1725 1356 1756 D:
1390 1718 1597 1775 &exagerat

930 1763 1097 1810 πάντας,
1187 1780 1207 1802 ν
1223 1764 1489 1812 περιτυγχάνῃ.
1505 1768 1597 1802 thid.

930 1813 994 1845 IV.
1012 1823 1045 1855 p.
1063 1814 1106 1845 42
1145 1813 1186 1847 B.
1226 1811 1299 1846 Sed
1314 1813 1469 1855 plurima
1491 1813 1598 1846 huius

931 1858 1077 1899 generis
1124 1857 1292 1900 exempla
1336 1859 1601 1900 congesserunt

931 1901 1226 1935 Heindorfius
1244 1901 1289 1934 ad
1305 1901 1374 1935 h.l.
1392 1905 1429 1934 et
1444 1901 1599 1935 Aetius

932 1946 978 1978 ad
996 1947 1109 1988 Legg.
1132 1956 1166 1988 p.
1190 1947 1243 1979 63.
1268 1962 1310 1968 -
1340 1955 1467 1996 οστις
1492 1942 1600 1988 ἔρδῃ

931 1990 1067 2022 dictum
1088 2000 1153 2032 pro
1175 1990 1272 2033 vulg.
1298 1999 1400 2029 natac
1422 1982 1471 2023 ἂν
1495 1986 1599 2033 ἔρδῃ.

933 2034 1061 2067 Solent
1092 2035 1186 2067 enim
1210 2034 1367 2067 relativa
1396 2033 1492 2077 apud
1515 2044 1602 2076 poe·

931 2081 990 2111 tas
1037 2088 1117 2110 cum
1161 2079 1394 2111 coniunctivo
1438 2078 1604 2111 construi

933 2124 1069 2155 omissa
1085 2116 1135 2156 ἄν
1176 2122 1345 2155 articula.
1378 2133 1412 2155 v.
1430 2122 1480 2156 ad
1491 2122 1600 2166 Gorg.

932 2177 967 2210 p
983 2167 1050 2199 484
1067 2166 1107 2201 Ε.
1166 2167 1258 2199 taub.

978 2205 1166 2266 ἀνάγκῃ
1177 2205 1217 2242 δ’
1241 2205 1349 2244 οὐδὲ
1379 2208 1489 2244 θεοὶ
1516 2206 1601 2253 μα’

934 2252 1116 2298 χονται]
1144 2254 1339 2287 Simonidis
1359 2254 1429 2287 hoc
1453 2254 1600 2291 dictum.

938 2299 1034 2341 quod
1072 2300 1117 2331 ab
1156 2299 1355 2342 Diogene
1392 2297 1601 2338 Laert.1,

938 2345 980 2377 77
1002 2344 1147 2376 Pittaco
1170 2344 1357 2383 tribuitur,
1389 2343 1428 2375 in
1455 2351 1600 2385 provor-

937 2388 1036 2420 bium
1054 2388 1157 2422 abiit.
1182 2398 1216 2421 v,
1232 2388 1346 2430 Legg.
1364 2387 1408 2419 V.
1424 2397 1459 2430 p.
1477 2387 1539 2419 ‘141
1557 2385 1599 2418 A.

937 2433 1058 2474 VHp
1062 2433 1165 2465 .818
1200 2430 1240 2464 C.
1263 2433 1307 2466 D.
1330 2429 1599 2464 Rittershus.

938 2477 1023 2509 ado
1027 2477 1149 2520 ppian.
1159 2475 1363 2518 Cynegetp
1367 2475 1460 2510 ..223
1469 2472 1524 2516 Sp
1533 2484 1602 2506 an-

938 2488 1048 2553 hemp
1066 2520 1112 2554 ad
1135 2519 1277 2553 callim.
1300 2520 1430 2562 Hymn.
1458 2518 1496 2551 in
1502 2484 1602 2551 p.Del

939 2575 973 2596 v.
1008 2566 1083 2597 122.
1133 2564 1323 2597 Stanlei.
1354 2561 1402 2596 ul
1429 2562 1603 2604 AeschyL

938 2609 1056 2641 Prom.
1082 2610 1145 2642 105
1162 2609 1203 2642 A.
1235 2606 1439 2642 Meiueke
1463 2606 1509 2639 ad
1526 2605 1603 2640 Me-

937 2653 1065 2685 nandr.
1085 2655 1122 2685 et
1138 2652 1287 2687 Philem.
1304 2651 1449 2694 Fragm.
1473 2661 1506 2692 p.
1524 2651 1604 2684 367.

938 2697 1095 2730 Zenob.
1119 2697 1146 2737 Ι,
1170 2698 1223 2730 85.
1262 2694 1383 2730 Schol.
1407 2694 1600 2729 Ruhnken.

938 2752 973 2783 p.
991 2743 1066 2774 230.
1084 2740 1203 2774 Stant.

984 2780 1152 2819 οὐδένα
1189 2779 1444 2826 ἀνθρώπων
1475 2777 1604 2816 ἔκδυ-
