1696 2976
440 134 855 174 PROTAGORAS.
889 137 929 174 Ρ.
954 140 1033 174 316.
1064 138 1145 172 s'r.
1453 135 1508 178 53

189 250 293 311 Οψ
322 250 434 296 VIII.
467 249 614 310 Ἡμεῖς
638 244 775 297 οὖν’
745 271 804 305 ως
830 251 1111 312 εἰσήλθομεν,
1137 257 1199 298 ἔτι
1223 250 1372 311 σμίκρ’
1401 251 1508 299 ἄττα

85 325 397 381 διατρίψαντες
416 321 490 366 καὶ
513 321 650 366 ταῦτα
675 319 1021 380 διαθεασάμενοι
1046 323 1275 381 προσῇμεν
1298 319 1407 381 πρὸς
1430 320 1509 369 τὸν
1532 336 1562 368 Β

84 388 413 449 Πρωταγόραν,
441 389 514 434 καὶ
539 386 624 447 ἐγὼ
650 387 795 434 εἶπον
815 382 868 435 Ὠ,
893 388 1192 450 Πρωταγόρα,
1226 387 1336 449 πρὸς
1368 391 1423 436 σέ
1442 408 1508 436 τοι

83 455 283 517 ἤλθομεν
315 456 401 516 ἐγώ
439 476 486 503 τε
526 458 600 502 καὶ
625 454 912 516 Ἱπποκράτης
953 451 1090 511 οὗτος.
1150 457 1372 518 Πότερον,
1405 462 1507 518 ἔφη,

82 525 205 588 μόνω
252 524 517 584 βουλόμενοι
565 527 855 584 διαλεχθῆναι
888 522 917 584 ἢ
949 526 1022 572 καὶ
1061 524 1170 584 μετὰ
1209 529 1298 573 τῶν
1335 523 1506 583 ἄλλων;

76 592 207 653 “Ημι”ν
224 595 322 653 μέν,
347 587 404 653 ἦν
424 592 464 639 δ’
488 592 588 652 ἐγώ,
613 590 748 639 οὐδὲν
766 595 990 653 διαφέρει
1017 592 1211 648 ἀκούσας
1231 595 1281 640 δε
1298 588 1353 641 οὗ
1376 597 1507 641 ἕνεκα

82 660 295 721 ἤλθομεν,
322 660 452 715 αὐτὸς
472 664 642 716 σκέψαι.
704 666 762 708 Τί
782 662 863 708 οὐν
897 661 953 721 δή
979 665 1113 720 ἐστιν,
1146 667 1248 722 ἔφη,
1282 682 1336 709 ov
1376 665 1507 710 ἕνεκα

81 728 230 789 ἥκετε;
256 729 543 790 Ἱπποκρατης
566 728 642 776 ὅδε
669 731 762 776 ἐστὶ
794 749 876 789 μεν
895 733 983 777 τῶν
1008 733 1272 790 ἐπιχωρίων,
1293 729 1505 778 Ἀπολλο-

82 797 230 858 δώρου
255 797 377 857 υἱός,
410 803 550 852 οἰκίας
575 797 769 858 μεγάλης
792 818 839 845 τε
864 800 938 844 καὶ
964 797 1250 858 εὐδαίμονος·
1300 798 1430 853 αὐτὸς
1456 800 1504 846 δὲ

79 865 162 925 τὴν
185 866 324 926 φύσιν
356 871 483 914 δοκεῖ
503 865 733 926 ἐνάμιλλος
767 867 880 913 εἶναι
905 879 996 921 τοῖς
1028 866 1292 926 ἡλικιώταις.
1344 870 1505 915 ἐπιθυ-
1531 879 1559 912 C

76 945 178 994 μεῖν
203 937 256 981 δέ
275 954 348 994 μοι
381 939 505 981 δοκεῖ
526 934 752 995 ἐλλόγιμος
784 937 998 994 γενέσθαι
1031 938 1080 983 ἐν
1110 939 1164 996 τῇ
1189 934 1326 983 πόλει.
1375 939 1503 983 τοῦτο

78 1004 126 1049 δὲ
149 1009 290 1050 οἴεταί
319 1007 366 1049 οὗ
393 1003 582 1063 μάλιστα
614 1005 850 1062 γενέσθαι,
885 1009 927 1050 εἰ
955 1005 1028 1050 σοὶ
1052 1006 1324 1063 συγγένοιτο.
1373 1003 1498 1052 ταῦτ’

169 1113 259 1158 Cap
277 1114 379 1147 VIII.
406 1110 472 1147 ε’τι
491 1109 643 1157 σμίκρ’
662 1107 792 1158 ἅττα]
818 1114 862 1150 V.
889 1110 944 1147 ἔτι
961 1110 1077 1158 μικρὰ
1095 1108 1204 1159 ἄττα,
1223 1115 1319 1158 quod
1337 1127 1381 1149 ex
1399 1115 1502 1149 codd.

76 1160 224 1203 optimis
241 1162 433 1191 mutatum.

167 1206 211 1238 B.
236 1199 346 1248 πρὸς
364 1202 410 1237 σε’
429 1215 498 1238 τοι
516 1197 641 1248 ἤ,λθ.]
672 1203 783 1238 Codd.
808 1205 976 1249 plerique
1000 1216 1124 1239 omnes
1148 1201 1242 1249 πρὸς
1267 1204 1309 1240 σέ
1333 1218 1381 1240 τι.
1415 1208 1502 1240 Per-

78 1261 225 1302 peram.
231 1261 265 1283 v.
284 1252 409 1285 annot

167 1307 192 1338 μ
201 1307 225 1328 α
217 1290 253 1329 ’λ
263 1307 275 1328 ι
285 1305 365 1328 στα
383 1307 404 1339 γ
415 1305 431 1328 ε
440 1305 486 1328 νε
480 1291 626 1338 'acad
655 1295 862 1338 Stephanus
878 1297 1111 1330 scribendum
1126 1297 1272 1330 censuit
1286 1291 1442 1340 μάλιστ’
1454 1309 1504 1332 αν

78 1338 275 1385 γενέσθαι,
295 1342 398 1373 cuius
415 1342 623 1374 sententiae
642 1342 801 1375 accessit
817 1341 1013 1385 Sauppius.

123 1425 754 1475 Οερ.ἯΙΙ.Β.προσῇμενπρός

77 1490 111 1512 τ.
130 1475 226 1521 Πρ.]
263 1476 452 1510 Socratem
475 1478 548 1509 iam
567 1478 755 1520 superiore

76 1526 238 1566 tempore
270 1523 308 1554 in
330 1522 555 1565 Protagorae
586 1523 755 1555 notitiam

75 1569 288 1611 pervenisse
312 1578 356 1600 ex
383 1568 449 1606 iis,
475 1578 568 1609 quae
587 1567 754 1610 sophista

74 1614 132 1646 illi
147 1614 185 1646 in
205 1615 365 1647 extremo
390 1613 538 1656 dialogo
557 1611 605 1655 (p.
624 1614 688 1647 361
707 1612 754 1655 E)

76 1659 187 1701 dicit,
227 1658 460 1701 intelligitur.
516 1659 610 1701 Apte
643 1659 755 1701 igitur

75 1704 316 1747 Hippocratis
355 1704 602 1746 patrocinium
640 1705 754 1736 susci-

75 1760 162 1792 pere
195 1759 346 1791 eumque
365 1749 411 1781 ad
426 1749 667 1791 Protagoram
693 1749 756 1782 ad-

78 1795 213 1827 ducere
231 1794 363 1846 potuit.

122 1834 235 1882 πρὸς
259 1835 306 1871 σε’
331 1849 401 1871 τοι
427 1831 652 1882 ἤλθομεν]
690 1838 754 1872 So-

78 1888 199 1917 crates
243 1884 393 1917 ianitori
424 1884 680 1925 mandaverat,
713 1888 755 1917 ut

74 1931 317 1973 Protagoram
356 1940 395 1962 se
429 1930 623 1962 convenire
655 1929 753 1962 velle

75 1974 753 2017 nuntiaret.thaecverbaspectant.

77 2021 123 2053 ad
147 2024 184 2053 te
210 2021 322 2063 igitur
346 2037 385 2041 -
411 2022 451 2052 ut
474 2020 543 2052 tibi
564 2020 638 2052 iam
662 2031 753 2053 nun-

77 2067 209 2098 tiatum
219 2068 275 2098 est
285 2083 325 2088 —
336 2066 513 2100 venimus.
524 2065 753 2098 Particulam

78 2122 135 2144 τοι
163 2121 234 2143 11011
269 2110 339 2143 hoc
375 2110 616 2143 connectendi
644 2121 754 2143 sensu

78 2156 225 2199 accepit
249 2155 466 2190 Stallbaum.
490 2155 653 2188 Annotat
669 2156 752 2189 ille:

75 2203 263 2243 Frequens
282 2204 337 2234 est
354 2201 412 2234 hic
421 2211 508 2234 usus
525 2201 679 2235 voculae
695 2212 753 2234 τοι

76 2246 282 2290 pronomini
319 2257 399 2278 cum
429 2247 467 2279 vi
501 2247 656 2289 quadam
689 2248 751 2280 ad-

75 2294 236 2330 iunctae,
255 2291 373 2324 veluti
389 2291 596 2347 Xenoph.
603 2292 712 2325 Mem.
721 2294 749 2333 Ι,

76 2339 187 2378 6,11:
218 2348 246 2369 ω
275 2331 494 2390 Σώκρατες,
525 2332 596 2380 ἐγώ
626 2338 688 2370 τοί
711 2347 752 2371 σε

77 2382 233 2416 δίκαιον
261 2392 331 2433 μεν
359 2381 509 2435 νομίζω.
557 2381 688 2436 Cyrop.
706 2383 751 2425 V,

76 2431 96 2460 ‘.‘.
105 2429 192 2466 ,23-
219 2421 290 2474 ἐγώ
314 2437 390 2469 τοι,
433 2423 520 2470 ἔφη,
555 2418 583 2460 ὦ
616 2409 754 2471 ἄνδρες

110 2473 201 2515 ίλοι,
236 2474 355 2527 οὶμαι.
405 2471 496 2504 Ibid.
521 2473 609 2524 VII,
643 2475 674 2511 5,
693 2475 752 2512 53,

77 2484 201 2570 ἷγεό
172 2528 249 2560 τοι,
285 2511 399 2560 ἐχθὲς
426 2535 471 2540 —
509 2511 578 2550 οὐκ
603 2529 651 2551 αν
667 2499 754 2551 ε’δυ-

78 2559 204 2606 νάμην
250 2572 308 2595 σοι
355 2562 603 2616 προσελθεῖν,
655 2563 754 2595 Ari—

78 2609 220 2661 stoph.
259 2609 325 2640 Av.
359 2618 391 2640 v.
421 2609 506 2640 275:
556 2600 688 2651 οὗτος,
723 2621 751 2642 ω

79 2650 118 2686 σέ
137 2663 208 2686 τοι.

125 2692 511 2740 Πότερον-αμόνῳ
536 2693 753 2743 βουλόμε-

82 2753 151 2777 νοι
177 2740 314 2785 διαλ.]
355 2743 433 2774 Iam
469 2754 511 2775 ex
544 2743 601 2775 his
632 2746 754 2778 verbis

80 2790 304 2831 Protagorae
322 2798 477 2831 magnus
493 2799 612 2821 rerum
628 2789 754 2823 huma-

80 2843 207 2865 narum
241 2843 328 2865 usus
358 2834 496 2873 elucetq
531 2844 615 2866 nam
648 2845 755 2876 quum

82 2879 252 2912 Socrates
261 2881 298 2911 et
305 2878 562 2922 Hippocrates,
572 2880 630 2922 qui
640 2880 756 2923 ipsum

823 1432 924 1465 adire
970 1432 1165 1466 voluerant
1178 1458 1186 1471 ,
1228 1434 1266 1466 in
1305 1430 1499 1468 multorum

822 1478 1007 1510 hominum
1026 1482 1170 1511 coetum
1186 1479 1416 1519 incidissent,
1434 1480 1500 1513 ille

823 1524 969 1566 quidem
986 1524 1119 1566 sensit,
1142 1525 1362 1567 permultum
1379 1536 1502 1558 eorum

822 1570 1004 1602 interesse
1028 1580 1153 1612 posse,
1178 1574 1218 1603 ut
1241 1581 1335 1613 quae
1360 1571 1500 1604 vellent

823 1625 870 1646 ne
889 1615 1179 1666 divulgarentur.

861 1654 1326 1704 Ιπποκροέτηςὸδε-]
1345 1660 1500 1693 Cumhis

826 1706 1032 1748 comparari
1048 1709 1214 1748 possunt,
1239 1717 1331 1748 quae
1350 1706 1472 1739 idem
1462 1717 1501 1738 m

825 1751 937 1783 simili
954 1761 1068 1784 causa
1085 1751 1179 1783 dixit
1196 1751 1355 1803 Euthyd.
1379 1763 1414 1794 p
1433 1752 1500 1784 275

822 1796 872 1828 A:
909 1792 987 1829 ἔστι
1016 1792 1058 1829 δε
1093 1788 1204 1834 οὗτος
1235 1790 1402 1840 Ἀξιόχου
1429 1807 1500 1839 μεν

823 1837 983 1879 υιόςτοῦ
996 1835 1232 1895 Ἀλκιβιαδου
1241 1841 1498 1894 τοῦπαλαιοῦ,

818 1880 1062 1939 αὐτανεψιὸς
1095 1883 1138 1920 δὲ
1179 1886 1245 1920 τοῦ
1286 1886 1359 1920 νῦν
1389 1881 1500 1926 ὄντος

818 1926 1077 1974 Ἀλκιβιάδου·

821 1977 1015 2015 Κλεινί.ας

868 2017 961 2079 τὴν
975 2017 1121 2065 φύσιν
1152 2021 1288 2056 δοκεῖ
1308 2017 1498 2066 ἐνάμιλ-

823 2068 898 2106 λος
917 2063 1040 2101 εἷναι
1070 2070 1166 2106 τοις
1201 2063 1336 2112 ἡλικ.]
1370 2068 1498 2102 vide-

822 2115 892 2146 tur
914 2113 1067 2146 indole
1095 2124 1190 2145 cum
1201 2080 1500 2156 naequalibus

822 2159 917 2190 suis
936 2162 1126 2192 certare.
1150 2159 1273 2193 Stallb.

868 2203 909 2235 O.
935 2203 1071 2255 toufivo
1089 2200 1138 2237 δε
1156 2203 1361 2237 οἴεται-
1376 2201 1499 2246 γενέ-

822 2247 950 2292 σθαι]
971 2242 1038 2302 ἄν,
1064 2252 1104 2281 ut
1120 2249 1232 2301 solet,
1258 2249 1421 2281 additum
1446 2252 1501 2282 est

820 2305 854 2337 p.
865 2294 985 2327 3533:
1004 2285 1027 2337 ᾖ
1042 2288 1195 2346 οἶμαι
1171 2305 1219 2327 αν
1236 2290 1352 2337 ἔγωγε
1369 2288 1499 2327 κάλλι-

821 2349 890 2372 στοι
909 2334 1079 2393 φανερὸν
1083 2329 1295 2391 γενέσθαι,
1314 2351 1347 2382 p.
1366 2341 1430 2372 327
1448 2340 1497 2371 Β·

821 2383 894 2418 οἰέι
923 2377 972 2418 ἂν
1005 2379 1182 2427 οἷγαθούς
1212 2378 1381 2427 αὐλητὰς
1409 2379 1499 2423 τούς

822 2426 920 2468 υἴεῑς
938 2429 1155 2473 γίγνεσθαι,
1173 2440 1206 2462 v.
1231 2441 1265 2471 p.
1284 2430 1350 2462 318
1366 2430 1407 2464 A.
1434 2431 1500 2462 348

822 2476 868 2509 D
895 2475 967 2507 Sed
979 2478 1092 2514 1·‚ecte
1112 2476 1252 2517 opinor,
1265 2474 1500 2507 Heindorfius

822 2521 918 2552 hanc
941 2519 1113 2552 voculam
1137 2521 1315 2552 sermonis
1339 2530 1407 2552 usu
1430 2520 1498 2551 hoc

823 2575 964 2608 quoque
974 2564 1056 2597 loco
1072 2565 1209 2607 requiri
1222 2568 1344 2608 negat,
1356 2565 1404 2598 cf.
1412 2565 1498 2617 Lys.

822 2621 873 2645 or.
894 2612 954 2661 13,
978 2612 1037 2642 53:
1066 2609 1137 2644 νῦν
1160 2608 1202 2644 δὲ
1227 2592 1402 2648 πεισθεὶς
1426 2603 1496 2651 ὑφ’

822 2647 875 2688 ὧν
891 2650 974 2688 τότε
974 2649 1189 2711 ἐπείσθης,
1209 2653 1244 2688 ει
1260 2654 1499 2708 τῶνστρατη-

822 2699 900 2744 γῶν
921 2698 986 2733 καὶ
1009 2700 1084 2734 τῶν
1106 2696 1319 2753 ταξιάρχων
1343 2694 1388 2732 τὰ
1414 2694 1499 2733 ὀνό-

822 2757 924 2797 ματα
948 2740 1066 2798 μόνον
1090 2745 1230 2787 εἴποις,
1256 2742 1352 2798 μέγα
1370 2756 1405 2778 τι
1419 2739 1496 2790 ᾤου

823 2785 1084 2871 ἰῗὲῗῃᾱέἒτῖἴ
1105 2780 1498 2869 ιῖιῗῖῗῗέἴὲἕῖἓῖαέἐ

825 2882 905 2918 don.
946 2893 980 2924 p.
1004 2883 1047 2914 67
1070 2882 1110 2914 B.
1151 2881 1298 2915 Etenim
1336 2881 1498 2925 simplici

1133 1925 1254 1975 ὄνομα
1309 1927 1349 1966 δ’
1396 1927 1500 1978 αὐτῷ
