1682 2944
223 110 270 145 18
684 107 1077 158 promcoum

221 220 385 267 ptatem,
422 230 535 268 quam
564 219 747 265 afferunt,
785 219 846 258 vel
879 222 1033 270 propter
1066 218 1273 256 utilitatem
1307 217 1371 256 vel
1397 221 1551 267 propter

220 276 444 324 utrmnquc,
483 274 699 324 pariterque
735 274 864 324 turpia
899 275 962 314 vel
1007 275 1055 312 ob
1094 274 1262 311 dolorem
1299 273 1362 312 vel
1397 277 1551 324 propter

223 329 403 366 damnum
448 330 509 367 vel
548 334 702 379 propter
746 335 950 382 utrumque
1005 330 1115 367 simul
1165 329 1293 379 turpia
1337 333 1549 367 censentur.

223 384 360 435 Itaque
397 384 428 421 si
466 384 557 435 quid
586 385 660 423 alio
688 386 866 436 quopiam
902 385 1097 435 pulchrius
1130 391 1209 430 est,
1247 385 1323 422 tale
1361 383 1454 422 illud
1482 397 1550 422 ex-

223 439 326 477 sistit
352 440 491 477 maiore
520 453 634 491 quam
662 441 778 480 habet
811 441 874 479 vcl
901 441 1069 479 utilitate
1096 441 1158 478 vel
1187 440 1400 489 voluptate,
1436 439 1549 478 vicis-

223 494 370 545 simque
399 495 430 532 si
459 495 550 545 quid
579 496 728 545 turpius
756 496 830 534 alio
854 496 1031 547 quopiam
1059 500 1245 542 censetur,
1273 494 1424 544 turpius
1452 494 1548 532 iudi·

223 554 331 588 catur
357 551 418 588 vel
447 555 600 600 propter
625 552 805 590 maiorem
822 552 999 598 dolorem,
1027 563 1190 603 quocum
1217 555 1277 589 cst
1294 550 1548 596 coniunctum,

224 605 286 643 vel
314 606 404 655 quia
430 606 552 644 maius
587 607 767 645 damnum
802 608 922 646 affert.
980 606 1020 645 Si
1058 606 1176 654 igitur
1210 606 1361 655 turpius
1397 610 1455 643 cst
1493 605 1550 642 in-

224 660 361 698 iuriam
387 662 511 699 facere
539 674 653 713 quam
681 663 867 712 accipere,
902 662 939 700 id
969 666 1126 711 apparet
1151 662 1206 700 ita
1233 674 1336 708 esse,
1365 667 1433 699 aut
1459 661 1550 711 quia

226 716 319 753 illud
338 717 423 765 plus
440 717 579 755 doloris
605 718 731 764 habet,
761 723 829 756 aut
855 718 955 768 quod
980 718 1080 755 malo
1098 717 1261 755 alterum
1290 721 1467 766 superat,
1484 722 1551 753 aut

225 771 403 822 quoniam
422 776 500 810 tam
518 773 657 811 doloris
684 786 798 824 quam
821 773 910 811 mali
930 777 1045 824 atque
1065 773 1190 810 damni
1211 772 1415 822 plurimum
1434 772 1551 809 habet

224 827 454 865 adiunctum.
519 827 647 869 Quum
684 842 774 867 vero
811 829 936 866 minus
971 828 1110 866 doloris
1147 829 1285 866 habeat
1323 826 1550 865 maleficium

225 895 339 933 quam
366 883 527 921 iniuriae
555 885 762 933 perpessio,
802 897 953 922 necesse
980 888 1039 922 est
1072 883 1249 921 iniuriam
1285 884 1408 920 facere
1436 895 1550 933 quam

226 938 393 987 accipere
420 938 570 988 turpius
605 939 760 977 iudicari
789 944 983 989 proptera,
1022 940 1123 990 quod
1159 939 1246 988 plus
1273 938 1372 977 mali
1400 938 1550 975 habeat.

227 994 309 1030 Iam
337 994 369 1031 si
397 993 492 1031 illud
519 998 673 1044 propter
706 996 848 1033 malum
876 999 1052 1033 censetur
1087 994 1256 1044 turpius,
1294 993 1548 1044 consequitur,

227 1053 270 1086 ut
297 1049 412 1087 etiam
439 1050 548 1098 peius
575 1050 636 1088 sit.
674 1050 868 1102 Quidquid
897 1050 998 1088 enssm
1025 1051 1124 1088 malo
1143 1050 1246 1087 aliud
1273 1049 1366 1101 quid
1385 1052 1550 1098 superat,

226 1103 264 1141 id
311 1105 446 1143 merito
482 1105 548 1143 illo
583 1106 691 1155 peius
729 1103 890 1154 (κάκιον)
926 1118 1009 1144 esse
1046 1105 1245 1144 iudicatur.
1311 1106 1374 1142 Ex
1411 1105 1550 1156 quibus

226 1160 489 1211 consequitur,
519 1165 564 1199 ut
590 1174 700 1199 nemo
728 1166 828 1200 recte
856 1161 964 1199 malit
990 1160 1167 1199 iniuriam
1196 1162 1319 1199 facere
1346 1173 1462 1211 quam
1490 1172 1550 1197 ac·

226 1215 368 1264 cipere:
398 1215 491 1253 illud
520 1216 622 1254 enim
649 1218 767 1255 altero
795 1230 871 1255 non
899 1217 1020 1254 solum
1047 1216 1197 1266 turpius
1224 1220 1302 1262 est,
1339 1216 1406 1253 sed
1433 1215 1550 1254 etiam

226 1270 345 1319 peius.
408 1272 450 1308 P.
481 1273 572 1310 474.
610 1272 650 1310 G.
688 1294 745 1300 —
792 1273 884 1310 475.
922 1273 967 1310 Ε.
1004 1293 1060 1299 -
1096 1272 1181 1309 Iam
1225 1284 1316 1310 vero
1363 1270 1429 1309 ubi
1478 1271 1551 1308 isto

227 1327 337 1363 modo
362 1327 662 1365 demonstratum
697 1332 756 1366 est
782 1328 932 1377 turpius
958 1327 1143 1377 peiusque
1170 1339 1253 1365 csse
1279 1326 1458 1364 iniuriam
1494 1325 1552 1362 in-

154 1424 156 1429 ,
226 1382 325 1419 ferre
352 1394 467 1432 quam
493 1383 665 1429 tolerare,
692 1383 930 1432 progreditur
948 1383 1121 1421 Socrates
1149 1383 1196 1420 ad
1215 1383 1446 1432 probandam
1466 1394 1550 1419 sen-

226 1437 385 1475 tentiam
413 1450 531 1484 suam,
559 1451 636 1489 qua
662 1450 750 1476 eum
776 1438 1011 1477 iudicaverat
1037 1451 1120 1476 esse
1147 1438 1259 1486 longe
1286 1437 1550 1483 miserrimum,

226 1492 292 1543 qui
320 1493 604 1531 malefactorum
637 1507 791 1532 suorum
827 1507 968 1544 poenas
1002 1494 1127 1531 nullas
1155 1494 1273 1532 daret.
1339 1495 1551 1541 Argumen-

225 1551 332 1586 tatur
358 1552 485 1586 autem
522 1549 601 1587 fere
635 1549 707 1587 hoc
743 1550 864 1587 modo.
921 1551 1066 1588 Poenas
1101 1550 1192 1587 dare
1228 1552 1269 1587 et
1305 1548 1404 1587 iuste
1441 1548 1553 1586 casti·

227 1604 320 1651 gari,
348 1604 379 1642 si
407 1604 541 1642 feceris
567 1605 718 1651 iniuste,
745 1618 865 1643 unum
891 1605 1067 1656 idemque
1093 1617 1176 1643 esse
1203 1607 1305 1643 recte
1329 1604 1550 1641 iudicamus.

227 1659 344 1697 Porro
370 1672 619 1711 quaecunque
652 1660 755 1699 iusta
788 1664 896 1707 sunt,
935 1662 1066 1698 cadem
1104 1660 1220 1698 etiam
1254 1660 1413 1709 pulchra
1448 1662 1550 1698 sunt.

227 1715 309 1751 Iam
337 1715 448 1766 quale
477 1720 535 1754 est
561 1715 620 1762 id,
658 1717 758 1767 quod
795 1716 881 1767 quis
917 1716 982 1754 alii
1019 1715 1169 1754 cuidam
1204 1715 1315 1762 facit,
1354 1715 1431 1753 tale
1457 1715 1550 1753 item

226 1770 390 1808 habetur
415 1771 517 1821 quod
545 1771 642 1809 alter
667 1773 715 1809 ab
743 1783 788 1810 eo
815 1771 971 1821 patitur.
1008 1771 1149 1820 Negari
1176 1774 1306 1809 autem
1332 1783 1408 1808 non
1427 1773 1553 1820 potest

226 1838 367 1874 poenas
394 1826 484 1863 dare
511 1825 608 1863 nihil
634 1839 718 1864 csse
745 1827 849 1865 aliud
877 1827 951 1865 nisi
978 1827 1058 1876 pati
1095 1826 1241 1877 aliquid
1277 1827 1326 1865 ab
1354 1826 1429 1864 alio
1456 1838 1550 1876 quo-

227 1880 328 1930 piam
355 1884 457 1919 recte
485 1882 705 1930 castigante.
760 1882 844 1920 Iam
870 1883 936 1933 qui
964 1883 1126 1930 castigat
1152 1884 1265 1928 recte,
1293 1881 1342 1927 is,
1371 1881 1552 1932 quoniam

227 1936 342 1974 etiam
379 1936 478 1975 iuste
516 1937 694 1986 castigat,
733 1938 835 1976 iusta
869 1938 992 1976 facere
1028 1937 1253 1976 iudicandus
1289 1940 1359 1975 est.
1415 1938 1552 1987 Itaque

228 1992 293 2042 qui
321 1992 529 2040 castigatur
554 1993 628 2039 ita,
664 1997 709 2031 ut
735 2006 875 2043 poenas
903 1993 1004 2040 luat,
1042 1993 1075 2031 is
1100 1993 1205 2031 iusta
1230 1991 1386 2041 patitur.
1441 1993 1552 2029 Iusta

227 2052 356 2085 autem
383 2048 552 2097 pulchra
568 2061 650 2087 esse
677 2053 791 2087 antea
824 2048 1050 2087 concessisti.
1106 2047 1271 2086 Pulchra
1306 2059 1416 2096 porro
1453 2047 1553 2084 bona

227 2116 310 2140 esse
337 2103 504 2141 diximus
531 2104 594 2143 vel
620 2107 774 2154 propter
791 2104 1065 2142 iucunditatem
1082 2103 1145 2142 vel
1162 2106 1317 2153 propter
1332 2101 1550 2140 utilitatem.

227 2158 338 2196 Unde
365 2163 523 2208 apparet
558 2159 645 2197 boni
683 2160 776 2211 quid
813 2159 979 2198 accidere
1006 2159 1062 2206 ei,
1098 2158 1165 2210 qui
1201 2157 1393 2221 puniatur.
1450 2158 1552 2206 Ergo

227 2214 343 2252 etiam
379 2214 585 2253 utilitatem
620 2228 670 2253 ex
704 2228 827 2265 poena
859 2214 1059 2265 percipiet:
1097 2226 1196 2265 quae
1232 2213 1273 2251 in
1309 2225 1475 2276 quanam
1508 2225 1551 2251 re

228 2272 422 2316 cernatur,
451 2283 527 2307 non
555 2274 614 2308 est
640 2270 794 2309 difficile
820 2270 1021 2320 explicare.
1077 2269 1279 2307 Liberatur
1306 2269 1407 2307 enim
1434 2268 1550 2306 animi

227 2325 436 2373 pravitate,
473 2326 545 2363 hoc
582 2329 642 2364 est
666 2326 765 2364 malo
800 2326 984 2373 maximo,
1022 2325 1328 2376 quandoquidem
1362 2323 1552 2362 iniustitia

226 2381 395 2417 omnium
420 2383 460 2418 et
487 2380 651 2430 corporis
677 2385 718 2421 et
744 2381 859 2419 animi
886 2380 1120 2431 pravitatum
1156 2384 1215 2418 est
1247 2379 1467 2430 turpissima
1494 2382 1551 2417 at·

227 2447 302 2485 que
337 2435 509 2484 pessima.
547 2437 589 2474 P.
619 2438 711 2475 476.
739 2438 787 2475 A.
825 2457 880 2465 —-
917 2438 1010 2476 477.
1038 2436 1083 2474 E.
1145 2435 1274 2477 Quum
1309 2439 1438 2474 autem
1474 2446 1552 2472 una

226 2490 277 2528 sit
303 2490 472 2529 iustitiae
509 2493 741 2530 exercendae
777 2505 838 2530 ars
875 2495 990 2543 atque
1026 2491 1124 2531 ratio
1152 2490 1292 2542 (δίκη),
1328 2503 1397 2540 per
1423 2502 1549 2541 quam,

226 2545 338 2584 sicuti
366 2558 434 2595 per
465 2547 688 2585 medicinam
716 2560 740 2586 a
765 2547 907 2586 morbis
932 2547 1116 2597 corporis,
1154 2547 1210 2585 ita
1236 2548 1286 2585 ab
1313 2546 1429 2583 mimi
1463 2557 1550 2595 pra·

225 2600 345 2642 vitate
373 2605 412 2640 et
438 2601 626 2641 iniustitia
653 2603 876 2652 liberamur,
904 2603 1069 2642 dubitari
1098 2615 1173 2641 non
1201 2605 1347 2652 potest,
1382 2600 1475 2651 quin
1504 2613 1550 2639 ea
