1722 2964
485 60 908 100 PROTAGORAS.
941 59 986 99 Ρ.
1006 62 1085 97 357.
1106 61 1176 98 358
1194 59 1278 96 s'r.
1510 53 1593 98 165

166 176 358 238 ἀμαθία,
382 178 643 237 κατεγελᾶτε
665 173 723 223 ἀν
739 174 886 236 ἡμῶν·
912 176 999 223 νῦν
1017 174 1067 221 δὲ
1090 171 1148 220 ἂν
1164 169 1291 234 ἡμῶν
1308 175 1591 231 καταγελᾶτε,

166 247 242 292 καὶ
265 243 393 305 ὑμῶν
416 244 566 292 αὐτῶν
587 242 959 303 καταγελάσεσθε.
1008 243 1083 289 καὶ
1106 239 1191 302 γὰρ
1213 239 1341 301 ὑμεῖς
1365 238 1594 300 ὡμολογή-

164 333 271 361 κατε
295 311 535 373 ἐπιστήμης
560 315 710 374 ἐνδείᾳ
735 309 1054 372 ἐξαμαρτάνειν
1076 311 1180 370 περὶ
1197 308 1280 370 τὴν
1301 311 1392 355 τῶν
1415 306 1594 368 ἡδονῶν

165 385 343 442 αἵρεσιν
373 382 448 428 καὶ
481 383 637 427 λυπῶν
666 379 770 435 τούς
802 377 1200 439 ἐξαμαρτάνοντας·
1232 379 1371 424 ταῦτα
1396 379 1449 423 δέ
1472 378 1594 422 ἐστιν

164 448 318 508 ἀγαθά
340 468 388 496 τε
411 450 486 495 καὶ
511 446 636 495 κακά.
674 449 749 494 καὶ
772 446 826 495 οὐ
850 446 990 507 μόνον
1013 444 1268 505 ἐπιστήμης,
1293 442 1406 491 ἀλλὰ
1429 445 1504 492 καὶ
1528 448 1594 498 εἰς

162 515 212 564 τὸ
237 515 442 577 πρόσθεν
472 520 537 563 ἔτι
562 514 893 575 ὦμολογήκατε,
926 534 992 561 οτι
1022 516 1293 574 μετρητικῆς
1350 511 1380 572 ἡ
1410 513 1461 559 δε
1492 514 1592 567 ἐξα-

162 586 475 645 μαρτανομένη
505 587 660 666 πρᾶξις
691 603 803 631 ανευ
843 580 1083 643 ἐπιστήμης
1115 589 1208 629 ἴστε
1238 599 1327 628 που
1358 582 1434 627 καὶ
1465 579 1591 627 αὐτοὶ
1616 595 1648 628 E

162 651 230 699 ὅτι
260 651 436 714 ἀμαθία
467 650 715 713 πράττεται.
771 649 886 698 ωστε
914 649 1035 697 τοῦτ’
1072 652 1166 697 ἐστὶ
1199 649 1247 696 τὸ
1279 648 1447 710 ἡδονῆς
1478 647 1591 708 ἥττω

165 719 300 779 εἶναι,
325 719 499 780 ἀμαθία
520 740 550 779 η
567 727 772 780 μεγίστη·
796 739 849 779 ης
867 717 1169 779 Πρωταγόρας
1192 716 1270 764 οδε
1286 719 1428 777 φησὶν
1447 715 1594 776 ἰατρὸς

169 787 285 834 εἶναι
316 790 391 834 καὶ
414 787 637 848 Πρόδικος
667 789 743 834 καὶ
767 786 958 841 Ἱππίας
990 785 1119 846 υμεΐς
1151 787 1201 832 δε
1233 784 1307 831 δια
1336 784 1385 832 τὸ
1416 792 1596 831 οἴεσθαι

165 854 274 902 ἄλλο
296 875 339 902 τι
369 852 399 914 ἢ
422 854 624 915 ἀμαθίαν
654 855 770 902 εἶναι
800 853 903 902 οὔτε
934 853 1061 901 αὐτοὶ
1091 852 1194 901 οὕτε
1221 852 1324 907 τοὺς
1355 851 1596 912 ὑμετέρους

165 927 329 977 παῖδας
352 922 473 983 παρὰ
495 922 598 978 τούς
620 922 792 970 τούτων
825 921 1122 976 διδασκάλους
1144 919 1308 968 τούσδε
1337 920 1442 975 τοὺς
1465 935 1596 979 σοφι-

164 990 270 1045 στὰς
293 992 509 1050 πέμπετε,
545 990 605 1045 ὦς
628 989 682 1037 οὐ
708 992 922 1037 διδακτοῦ
944 989 1094 1049 ὄντος,
1118 987 1230 1036 ἀλλὰ
1254 987 1493 1048 κηδόμενοι
1515 990 1596 1034 τοῦ

163 1057 384 1118 ἀργυρίου
408 1060 482 1105 καὶ
506 1057 559 1105 οὗ
586 1057 786 1114 διδόντες
808 1057 979 1115 τούτοις
1002 1060 1147 1112 κακῶς
1165 1056 1377 1118 πράττετε
1400 1057 1476 1103 καὶ
1500 1060 1596 1117 ἰδίᾳ

163 1128 240 1172 καὶ
264 1130 468 1187 δημοσία.

269 1192 386 1275 Cap.
401 1193 645 1240 XXXVIII.
707 1196 857 1241 Ταῦτα
879 1194 963 1254 μεν
984 1204 1076 1248 τοῖς
1100 1199 1280 1248 πολλοῖς
1303 1190 1597 1252 ἀποκεκριμέ-

166 1280 238 1307 νοι
269 1259 328 1308 ἀν
356 1254 479 1322 ἦμεν.
551 1261 666 1322 ὑμᾶς
699 1262 750 1308 δε
782 1261 838 1321 δὴ
870 1281 980 1322 μετα
1009 1260 1314 1322 Πρωταγόρου
1345 1263 1518 1320 ἐρωτω,
1561 1275 1675 1310 ω358

157 1326 306 1375 Ἱππία
328 1349 377 1376 τε
400 1331 475 1376 καὶ
499 1329 698 1390 Πρόδικε
730 1356 791 1363 -
827 1329 975 1384 κοινὸς
998 1349 1083 1390 γαρ
1109 1328 1165 1388 δὴ
1198 1333 1309 1376 ἔστω
1332 1327 1443 1388 υμῖν
1471 1327 1496 1374 ὁ
1521 1327 1597 1374 λό-

165 1415 243 1455 γος
269 1423 356 1456 -,
389 1396 577 1457 πότερον
609 1400 726 1444 dones>
758 1396 868 1457 ὑμῖν
900 1396 1048 1457 ἀληθῆ
1074 1398 1243 1456 λέγειν,
1276 1394 1594 1456 ἢψεύδεσθαι.

159 1462 419 1525 ’Τπερφυῶς
444 1464 587 1512 ἐδόκει
611 1464 780 1512 ἅπασιν
810 1464 959 1524 ἀληθῆ
984 1465 1099 1512 εἶναι
1121 1464 1176 1511 τὰ
1200 1466 1424 1525 εἰρημένα.
1467 1462 1598 1523 Ὁμο-

163 1537 336 1590 λογεῖτε
359 1531 468 1593 ἄρα,
501 1527 558 1591 ἦν
583 1531 625 1579 δ’
654 1531 765 1592 ε’γω’,
796 1532 846 1579 τὸ
869 1533 953 1592 μὲν
977 1532 1064 1592 ἡδὺ
1094 1531 1271 1591 ἀγαθὸν
1302 1532 1440 1590 εἶναι,
1472 1531 1521 1579 τὸ
1547 1532 1598 1579 δὲ

163 1596 353 1659 ἀνιαρὸν
383 1599 534 1648 κακόν.
605 1600 689 1659 τὴν
730 1601 780 1647 δὲ
811 1604 1044 1661 Προδίκου
1080 1604 1214 1648 τσῦδε
1247 1604 1468 1661 διαίρεσιν
1505 1602 1598 1647 ταῖν

164 1664 398 1726 ὀνομάτων
420 1671 740 1728 παραιτοῦμαι·
775 1676 863 1715 εἴτε
886 1669 970 1729 γὰρ
997 1667 1084 1728 ἡδὺ
1119 1676 1207 1715 εἴτε
1229 1667 1423 1729 τερπνὸν
1452 1669 1596 1727 λέγεις

161 1796 297 1832 εἴπατε
314 1797 381 1832 καὶ
397 1798 536 1844 κοινῇ.
550 1798 791 1844 .σκε’ψασθε.
813 1801 958 1834 Deinde
976 1811 1042 1844 pro
1059 1800 1131 1835 νῦν
1149 1794 1236 1835 δε“
1211 1812 1259 1835 αν
1276 1801 1429 1836 Bekker
1443 1801 1596 1844 scripsit

160 1855 234 1878 νυν
251 1839 572 1932 {affssfflxwff
611 1890 654 1924 P.
678 1893 756 1925 358.
789 1886 958 1935 ἐρωτῶ,
982 1881 1164 1934 ὦ“1ππ.]
1194 1891 1306 1935 Vulg.
1329 1886 1472 1934 ἐρωτῶ,
1491 1885 1594 1943 ἉΙππ

162 1933 417 2012 &gdfflilitckerti
438 1936 626 1969 sententia
643 1934 812 1979 (adPlat.
822 1936 944 1980 Symp.
961 1948 995 1981 p.
1007 1937 1065 1980 94)
1083 1939 1224 1970 recent.
1244 1937 1405 1970 editores
1423 1946 1549 1970 omnes
1565 1948 1594 1970 ω

161 2062 314 2112 ἡμῶν]
350 2069 613 2113 Imperfectum
635 2074 719 2114 post
747 2072 844 2113 aori·

160 2116 258 2146 stum
304 2115 464 2157 positum
517 2116 589 2148 hac
636 2118 844 2150 sententia·

162 2158 333 2199 Quodsi
364 2163 502 2193 antea
531 2162 689 2193 statim
712 2163 844 2195 vobis

162 2202 442 2237 dixissemus
491 2216 588 2239 esse
636 2208 843 2240 inscien-

162 2248 633 2287 tiam,nosr1s1sset1s
652 2255 688 2284 et
706 2253 843 2284 etiam

162 2302 285 2324 nunc
324 2294 562 2334 rideretis,
603 2297 737 2339 quippe
770 2307 844 2330 non

163 2336 288 2370 edocti
309 2338 476 2372 meliora.
523 2341 677 2394 Apolog.
699 2342 843 2375 Socrat.

160 2391 197 2425 p.
216 2383 326 2415 3213:
350 2375 420 2437 ἆρ’
438 2375 520 2419 οὖν
538 2381 844 2428 ανμεοίἐσθε

163 2423 431 2480 τοσάδεέτη
450 2428 788 2481 διαγενέσθαι,
810 2429 846 2465 εἰ

161 2468 350 2514 ἔπραττον
364 2468 410 2506 τά
426 2470 604 2517 δημόσια.
614 2475 724 2519 Gorg.
731 2488 766 2520 p.
776 2478 842 2510 471

159 2516 205 2553 A.
224 2517 344 2550 Stallb.
381 2518 488 2552 Conf.
507 2530 668 2563 suprap.
687 2522 813 2555 313A.

205 2562 285 2596 καὶ
311 2574 361 2596 ου
385 2559 528 2605 μόνον
558 2560 840 2611 ἐπιστήμης]

160 2603 446 2659 Ιῃιε11.ἐνδει’ᾳ.

206 2651 251 2685 Ε.
292 2663 404 2686 ωστε
437 2649 563 2688 τοῦτ’
598 2650 714 2698 ἐστί]
753 2657 842 2690 Pro-

162 2697 301 2730 nomini
333 2698 445 2731 τοῦτο
477 2710 542 2752 per
574 2702 842 2743 appositionem

163 2739 327 2775 additum
343 2738 500 2787 ἀμαθία
518 2740 539 2788 ἦ
558 2745 728 2789 μεγίστη.
752 2747 841 2780 Pro-

161 2785 262 2819 xima
283 2787 322 2819 in
343 2789 537 2832 propatulo
562 2795 621 2823 est
643 2791 742 2824 dieta
761 2801 841 2825 esse

915 2069 1132 2115 εἰρωνικῶς.
1165 2073 1222 2105 De
1239 2083 1322 2106 voe.
1343 2067 1472 2115 ἰατρός
1494 2083 1529 2105 v.
1549 2071 1596 2104 ad

912 2129 949 2161 p
966 2119 1031 2151 312
1047 2119 1090 2153 Β

959 2173 1072 2196 ουτε
1091 2157 1224 2196 αὐτοὶ
1241 2158 1352 2196 οὔτε
1369 2173 1476 2200 τους
1493 2156 1590 2206 υμ.]

910 2208 1003 2241 Post
1025 2219 1114 2241 ουτε
1137 2203 1254 2241 αὐτοί
1271 2218 1338 2261 per
1360 2217 1516 2250 zeugma
1537 2208 1594 2239 in-

911 2253 1154 2296 telligendum
1185 2250 1464 2296 προσ-ἔρχεσθε,
1498 2262 1594 2295 quae

912 2299 1008 2331 ratio
1025 2299 1153 2341 paullo
1171 2298 1304 2330 durior.
1342 2298 1520 2331 Nimirum
1539 2297 1596 2329 di-

914 2354 997 2376 cere
1029 2343 1198 2376 volebat:
1238 2353 1327 2376 ουτε
1359 2339 1471 2376 αυτοὶ
1504 2352 1595 2376 ουτε

913 2385 953 2421 οἷ
981 2387 1121 2426 παῖδες
1158 2386 1443 2440 προσέρχονται.
1494 2388 1593 2420 Dein

911 2444 1017 2475 παρα
1050 2429 1139 2471 τοὺς
1162 2444 1305 2467 τουτων
1334 2428 1595 2485 διδασκάλους

914 2482 988 2510 est:
1028 2478 1075 2510 ad
1107 2479 1248 2511 harum
1279 2490 1416 2512 rerum
1447 2478 1591 2520 magi-

913 2527 1043 2556 stros.
1077 2522 1200 2557 Stanb.

959 2612 1049 2655 Cap.
1075 2614 1281 2647 XXXVIII.
1321 2614 1363 2646 P.
1389 2614 1466 2647 358.
1507 2607 1593 2656 τὴν

913 2654 961 2690 δε
982 2657 1221 2700 Προδίκου
1246 2658 1387 2691 τοῦδε
1410 2657 1590 2701 διαίρε-

913 2701 1009 2745 σιν]
1026 2670 1179 2737 ρΙῖιιι-ειιε
1202 2704 1352 2737 Prodici
1375 2706 1490 2736 artem
1513 2707 1591 2735 tra-

911 2747 1022 2781 ducit.
1037 2759 1071 2782 v.
1082 2749 1128 2781 ad
1141 2760 1176 2791 p.
1186 2749 1291 2782 337A
1301 2749 1389 2782 etB.
1405 2749 1463 2782 De
1475 2749 1592 2782 verbo

912 2793 1175 2837 παραιτοῦμαι
1193 2794 1350 2827 diximus
1364 2794 1410 2828 ad
1423 2794 1587 2838 p.320D.
