1722 2964
184 121 265 164 164
729 126 1031 163 PLATONIS

181 230 217 283 ὦ
240 234 486 296 ἅνθρωποι.
541 236 694 295 ἐπειδὴ
718 235 769 283 δὲ
789 235 953 296 ἡδονῆς
973 255 1022 286 τε
1044 238 1119 285 καὶ
1140 235 1284 298 λύπης
1306 242 1356 285 ἐν
1385 238 1501 300 ὀρθῇ
1523 243 1576 302 τῇ

181 303 348 363 αἰρέσει
387 302 527 362 ἐφάνη
558 301 666 362 ἡμῖν
702 301 731 361 ἡ
761 308 956 363 σωτηρία
994 307 1073 351 τοῦ
1111 310 1215 363 βίον
1252 299 1385 364 οὖσα,
1424 310 1503 353 τοῦ
1532 327 1581 355 τε

182 372 364 424 πλέονος
395 372 469 416 καὶ
499 368 725 423 ἐλάττονος
753 370 828 416 καὶ
849 375 1050 450 1μείζονος
1087 374 1161 417 καὶ
1193 373 1478 434 σμικροτέρου
1507 375 1582 420 καὶ

182 439 442 497 πορρωτέρω
472 437 547 482 καὶ
570 437 812 495 ἐγγυτέρω,
841 456 928 496 αρα
949 441 1125 497 πρῶτον
1154 438 1238 496 μὲν
1266 437 1320 485 οὐ
1348 440 1581 500 μετρητικὴ

181 509 408 562 φαίνεται,
448 501 697 562 ὑπερβολῆς
726 522 774 549 τε
810 505 885 549 καὶ
921 506 1092 559 ἐνδείας
1129 499 1241 551 οὖσα
1271 507 1346 551 καὶ
1383 506 1580 566 ἰσότητος

180 570 289 630 πρὸς
312 568 501 627 ἀλλήλας
533 571 707 625 σκέψις,
732 568 847 616 Ἀλλ’
874 568 1056 630 ἀνάγκη.
1099 569 1218 617 Ἐπεὶ
1251 572 1300 618 δὲ
1328 573 1578 633 μετρητική,

179 635 348 696 ἀνάγκῃ
373 635 517 695 δήπου
546 637 675 695 τέχνη
699 638 773 682 καὶ
803 636 1031 696 ἐπιστήμη.
1079 636 1416 696 Συμφήσουσιν.
1452 637 1579 694 “Hm

178 703 262 762 μὲν
283 708 437 750 τοίνυν
460 705 590 761 τέχνη
613 704 686 749 καὶ
711 702 924 762 ἐπιστήμη
949 705 1069 750 ἐστὶν
1091 702 1224 762 αὕτη,
1250 708 1452 759 εἰσαῦθις
1474 720 1577 752 σκε-

177 769 373 829 ψόμεθα·
405 768 471 816 ὄτι
495 770 543 815 δὲ
568 768 780 828 ἐπιστήμη
805 771 911 827 ἐστί,
934 773 1143 816 τοσοῦτον
1175 774 1349 830 ἐξαρκεῖ
1366 771 1476 831 πρὸς
1497 772 1579 830 τὴν

176 835 422 893 ἀπόδειξιν,
453 834 511 895 ἣν
535 836 608 894 ἐμὲ
632 839 704 882 δεῖ
722 836 797 881 καὶ
819 835 1120 896 Πρωταγόραν
1142 835 1369 892 ἀποδεῖξαι
1391 839 1493 897 περὶ
1516 833 1580 886 ὦν

175 902 331 964 ἤρεσθ’
361 901 483 961 ἡμᾶς.
532 900 696 962 ῆρεσθε
721 904 786 959 δέ,
811 907 854 948 εἰ
871 905 1116 962 μέμνησθε,
1140 902 1272 961 ἡνίκα
1294 903 1419 963 ἡμεῖς
1441 903 1579 963 ἀλλή-

175 976 268 1024 λοις
300 966 607 1027 ὡμολογοῦμεν
637 967 873 1027 ἐπιστήμης
902 970 1042 1028 μηδὲν
1072 971 1185 1016 εἶναι
1215 982 1435 1029 κρεῖττον,
1467 969 1578 1017 ἀλλὰ

173 1040 302 1083 τοῦτο
325 1035 394 1082 ἀεὶ
417 1046 616 1094 κρατεῖν,
650 1033 763 1081 ὅπου
786 1032 842 1080 ἂν
865 1037 969 1094 ἐνῇ,
1000 1037 1075 1081 καὶ
1097 1035 1260 1094 ἡδονῆς
1283 1038 1357 1082 καὶ
1378 1040 1468 1084 τῶν
1497 1036 1578 1083 ἄλ-

175 1109 267 1149 λων
297 1101 524 1148 ἁπάντων·
573 1100 699 1160 ὑμεῖς
731 1101 780 1147 δὲ
813 1099 869 1159 δὴ
900 1106 1034 1159 ἔφατε
1063 1101 1145 1160 τὴν
1175 1101 1341 1160 ἡδονὴν
1370 1102 1577 1158 πολλάκις

173 1180 351 1228 κρατεῖν
381 1170 455 1214 καὶ
484 1171 562 1215 τοῦ
593 1166 760 1221 εἰδότος
791 1166 1056 1227 ἀνθρώπου,
1098 1168 1250 1228 ἐπειδὴ
1282 1169 1331 1215 δὲ
1360 1168 1468 1228 ὑμῖν
1496 1169 1578 1228 οὐχ

173 1235 503 1295 ὡμολογοῦμεν,
533 1234 641 1294 μετὰ
670 1237 798 1280 τοῦτο
827 1232 992 1294 ῆρεσθε
1024 1233 1135 1294 ἡμᾶς
1151 1230 1204 1281 Ὠ
1226 1234 1501 1295 Πρωταγόρα
1530 1255 1577 1283 τε

172 1304 247 1348 καὶ
277 1301 534 1361 Σώκρατες,
566 1305 609 1348 εἰ
636 1300 698 1360 μή
730 1305 821 1347 ἐστι
848 1304 976 1348 τοῦτο
1007 1300 1054 1347 τὸ
1090 1301 1275 1361 πάθημα
1304 1301 1466 1361 ἡδονῆς
1499 1301 1577 1360 ἡτ-

171 1374 357 1427 τᾶσθαι,
388 1367 499 1414 ἀλλὰ
530 1373 578 1414 τί
595 1366 690 1414 ποτ’
720 1369 811 1414 ἐστὶ
841 1369 916 1413 καὶ
937 1373 983 1414 τί
1009 1366 1136 1426 ὑμεῖς
1159 1367 1266 1414 αὐτό
1295 1387 1406 1427 φατε
1438 1369 1575 1425 εἶναι;

173 1444 316 1483 εἰπετε
354 1434 473 1495 ἡμῖν.
538 1439 580 1481 εἰ
607 1436 690 1493 μὲν
720 1428 801 1481 οὖν
829 1433 926 1481 τότε
960 1433 1100 1488 εὐθὺς
1128 1434 1238 1493 ὑμῖν
1267 1443 1470 1494 εἴπομεν,
1509 1434 1575 1481 ὅτι

258 1566 300 1601 Ρ.
319 1566 396 1599 357.
428 1565 473 1598 Β.
488 1562 566 1598 καὶ
582 1559 807 1607 ἐπιστήμη
825 1561 949 1597 ἐστὶν
966 1557 1107 1607 αὕτη]
1125 1563 1205 1598 Ald.
1222 1566 1307 1599 Bas.
1323 1566 1353 1597 1.
1368 1566 1399 1597 2.
1418 1568 1455 1597 et
1471 1564 1574 1599 codd.

169 1611 336 1654 plerique
361 1605 384 1652 ἡ
409 1605 521 1652 αὐτή.
561 1603 856 1651 8ιερ1ωιι.ἔστὶν
873 1603 984 1651 αὐτή.
1022 1610 1156 1641 Veram
1178 1609 1385 1647 lectionem,
1406 1610 1516 1641 etiam
1534 1610 1574 1641 in

169 1655 301 1689 Venet.
318 1655 363 1688 Σ.
383 1665 428 1686 ex
446 1655 598 1687 correct.
615 1654 840 1694 restitutam,
863 1653 999 1695 primus
1017 1653 1182 1685 exhibuit
1195 1653 1439 1686 Heindorfins.

259 1708 361 1732 τοσο
371 1697 393 1731 ὖ
403 1708 480 1731 τον
497 1693 633 1739 ἐξαρκ
643 1694 757 1739 εἴ-]
775 1697 870 1730 haec
884 1707 999 1738 usque
1018 1696 1063 1730 ad
1077 1697 1191 1730 verba
1206 1691 1359 1740 α’μαθία
1376 1691 1399 1740 ἡ
1415 1695 1572 1740 μεγίστη

168 1746 259 1779 sect.
276 1744 307 1775 E
324 1742 520 1785 exscripsit
533 1742 713 1774 Stobaeus
730 1741 828 1775 Flor.
843 1741 905 1774 VI.
922 1743 978 1774 63.

257 1788 302 1820 D.
321 1786 475 1820 εἴπετε
491 1781 624 1829 ἡμῖν]
644 1786 748 1819 Stob.
763 1786 787 1818 l.
806 1786 829 1818 1.
849 1784 981 1818 εἴπατε
995 1780 1102 1828 ἡμῖν,
1119 1785 1213 1828 quod
1228 1787 1350 1819 verius
1366 1786 1520 1824 videtur,
1538 1796 1574 1820 v,

168 1843 203 1875 p.
214 1834 279 1866 353
286 1833 330 1864 A.
361 1832 478 1864 Plane
495 1831 622 1864 eodem
636 1830 741 1864 modo
753 1830 868 1865 Lech.
880 1840 915 1873 p.
930 1831 993 1864 186
1006 1831 1054 1863 E:
1073 1829 1228 1863 εἴπατον
1243 1825 1335 1873 ἡμῖν
1352 1833 1389 1862 et
1404 1841 1438 1873 p.
1455 1830 1573 1863 1871).

214 1914 375 1963 ἐπειδὴ
405 1917 454 1953 δὲ
483 1914 659 1963 ἡδονῆς
680 1928 727 1952 τε
753 1916 836 1952 καὶ

168 1962 224 2008 λ.]
266 1965 469 2006 quoniam
506 1965 549 1996 in
579 1964 834 2006 voluptati—

167 2009 247 2042 bus
276 2014 320 2041 et
342 2009 575 2042 doloribus
599 2012 721 2041 reete
751 2008 835 2040 eli-

168 2053 327 2096 gendis
373 2054 497 2086 vitae
543 2052 668 2085 salus
707 2053 836 2086 nobis

166 2098 268 2131 visa
300 2099 367 2130 est
396 2097 587 2136 versari,
620 2096 690 2129 hoe
713 2099 770 2128 est
791 2097 837 2128 in

169 2141 398 2184 eligendis
420 2141 628 2184 pluribus
661 2144 704 2172 et
725 2150 835 2182 pau-

169 2186 389 2227 cioribus,
421 2184 667 2218 maioribus
692 2187 734 2216 et
755 2185 834 2216 mi-

168 2230 364 2269 noribus,
382 2228 775 2272 longinquioribus
793 2231 838 2261 et

167 2274 573 2316 propinquioribus
592 2275 661 2306 ete.
684 2273 837 2305 Frustra

166 2318 423 2361 Stephanus
446 2315 512 2351 καὶ
535 2317 602 2351 τοῦ
619 2314 838 2359 πορρωτέρω

167 2360 234 2395 καὶ
256 2362 323 2395 τοῦ
348 2357 423 2405 ἒγγ.
450 2361 677 2395 scribendum
698 2360 838 2394 iudica—

166 2407 235 2439 vit.
290 2407 346 2439 De
387 2406 544 2439 articulo
583 2408 621 2438 in
662 2405 839 2438 eiusmodi

168 2451 439 2484 enumeratione
462 2451 588 2493 primis
610 2453 752 2482 tantum
774 2460 839 2482 no-

166 2495 324 2528 minibus
346 2495 565 2538 praemisso.
604 2497 689 2527 ante
714 2497 838 2527 cetera

168 2550 239 2572 non
267 2539 356 2573 item
384 2540 539 2582 repetito
571 2550 604 2573 v.
629 2538 676 2571 ad
698 2538 835 2571 Criton.

166 2594 201 2626 p.
218 2585 261 2616 4⁷
280 2583 320 2616 C.
348 2583 527 2617 Alcibiad.
550 2595 584 2626 p.
611 2584 673 2616 117
690 2583 732 2616 A.
762 2582 836 2615 Eu-

164 2628 311 2670 thyphr.
325 2639 361 2671 p.
378 2630 398 2661 ‘1
415 2627 456 2662 C.
474 2628 592 2662 Stallb.

212 2673 254 2704 B.
286 2671 364 2705 καὶ
388 2667 601 2715 ἰσότητος
623 2666 736 2714 πρὸς
759 2664 835 2704 ἄλ·

169 2711 309 2760 λήλας
325 2714 530 2760 σκέψιςς]
556 2716 672 2749 videl.
690 2711 836 2767 ἡδονῆς

166 2771 206 2793 τε
226 2757 338 2811 ,πρὸς
376 2758 498 2804 λύπην
536 2758 600 2794 καὶ
633 2755 752 2803 λύπης
784 2770 835 2792 av

167 2815 259 2848 προς
276 2801 484 2848 ἡδονήν.-
503 2803 721 2843 εἰσαῦθις
738 2813 833 2837 σκε-

902 1913 1115 1960 ψόμεθα,
1155 1918 1275 1951 alias
1314 1929 1343 1950 s.
1408 1918 1572 1951 osthac

903 1963 1176 2003 videbimus,
1192 1966 1232 1995 ut
1248 1964 1361 2005 p.34·1
1402 1988 1410 1996 .
1432 1961 1573 1995 phaed.

903 2018 937 2049 p.
956 2008 1020 2058 315
1035 2007 1077 2039 A.
1094 2007 1246 2050 Apolog.
1266 2018 1300 2049 p.
1318 2008 1362 2040 24
1378 2007 1420 2039 B.
1439 2007 1487 2039 al.

903 2063 1001 2128 118.Ζὲ
1011 2048 1287 2137 εἰῗιῗεξρῗξὲιῖὶ·
1302 2051 1571 2128 Ἓῖὶὲδοτῗὶῗιὲθτ

902 2140 1158 2182 interrogastis
1174 2140 1280 2179 enim,
1298 2140 1329 2171 si
1341 2140 1571 2177 meministis,

904 2194 1012 2225 quum
1050 2184 1145 2216 inter
1183 2187 1375 2225 utrumque
1407 2187 1571 2217 nostrum

906 2229 1136 2268 conveniret,
1174 2228 1333 2261 scientia
1364 2227 1457 2260 nihil
1490 2237 1571 2261 esse

906 2273 1073 2315 superins
1084 2297 1093 2314 ,
1115 2272 1179 2304 sed
1196 2272 1293 2305 hane
1309 2282 1450 2314 semper
1465 2282 1572 2314 supe·

904 2327 1003 2357 rare,
1034 2317 1072 2348 in
1103 2325 1319 2358 quocunqne
1346 2316 1501 2355 inesset,
1533 2319 1571 2349 et

903 2361 1132 2403 voluptatem
1176 2363 1213 2393 et
1251 2360 1393 2403 reliqua
1437 2359 1568 2399 omnia,

904 2414 970 2437 vos
993 2408 1114 2438 autem
1136 2404 1322 2443 diceretis,
1345 2404 1568 2447 voluptstem

903 2459 1014 2491 saepe
1053 2451 1201 2482 vincere
1240 2449 1352 2482 etiam
1389 2447 1567 2481 hominem

904 2494 1098 2535 scientem,
1130 2493 1167 2526 id
1194 2494 1306 2536 igitur
1335 2502 1442 2535 quum
1462 2492 1567 2524 vobis

903 2548 976 2570 non
1000 2538 1183 2578 daremus,
1213 2537 1342 2571 deinde
1363 2537 1564 2578 interroga-

902 2583 968 2614 stis
985 2592 1049 2614 nos
1068 2586 1140 2616 etc.

947 2626 987 2661 C.
1028 2621 1140 2659 ἀλλὰ
1180 2625 1317 2660 τοῦτο
1354 2618 1428 2658 αἐὶ
1459 2636 1566 2667 κρα-

902 2669 1021 2714 τεῖν]
1047 2681 1098 2704 sc.
1123 2665 1191 2713 τὴν
1214 2663 1432 2712 ἐπιστήμην.
1463 2680 1496 2703 v.
1519 2669 1565 2703 nd

900 2726 934 2757 p.
953 2717 1017 2747 352
1034 2715 1075 2747 Β.

944 2759 990 2791 D.
1023 2756 1065 2792 εἰ
1083 2755 1165 2802 μὲν
1193 2748 1276 2792 οὖν
1298 2775 1339 2781 -
1361 2752 1471 2800 ὑμῖν
1501 2756 1564 2808 εξ·

900 2813 1061 2846 πομεν,
1108 2821 1150 2827 -
1194 2802 1470 2845 κατεγελάτε
1509 2813 1565 2835 αν
