1702 2924
434 198 677 238 GORGIAS.

707 198 751 237 P.
783 200 877 236 452.
909 201 1002 236 453.
1033 198 1093 236 ed.
1125 198 1182 236 St.
1436 201 1489 235 99

129 307 286 357 αὐτοῦς
316 309 442 349 ΓΟΡ.
460 303 603 362 ’Ὅπερ
632 304 759 358 ἔστιν,
790 301 825 348 ὦ
853 306 1103 361 Σώκρατες,
1130 312 1183 361 τῇ
1211 306 1393 362 ἀληθείᾳ
1421 305 1489 360 με’-

128 383 277 426 γιστον
316 373 489 426 ἀγαθὸν
524 372 596 415 καὶ
635 373 775 415 α’ίτιον
815 372 903 427 ἅμα
941 373 1019 426 μὲν
1059 371 1306 425 ἐλευθερίας
1344 372 1491 421 αὐτοῖς

127 442 217 487 τοῖς
246 438 518 492 ἀνθρώποις,
560 437 648 492 ἅμα
675 437 720 480 δὲ
747 444 826 480 τοῦ
854 439 996 479 ἄλλων
1022 441 1167 492 ἄρχειν
1195 436 1243 479 ἐν
1269 443 1323 492 τῇ
1352 437 1489 479 αὑτοῦ

128 504 248 545 πόλει
286 502 458 559 ἑκάστῳ.

528 505 631 545 ΣΩ.
679 504 730 544 Τί-
769 499 850 545 οὗν
889 502 941 557 δὴ
980 508 1110 545 τοῦτο
1146 502 1302 556 Mysas-3

1360 506 1402 545 Γ
1402 505 1488 545 ΟΡ.

136 568 195 610 Τὸ
222 569 390 611 πείθειν
410 566 530 623 ἔγωγ’
555 564 651 611 οἷόν
672 571 708 610 τ’
733 565 843 610 εἶναι
861 572 952 617 τοῖς
972 570 1116 622 λόγοις
1135 567 1208 610 καὶ
1228 567 1276 611 ἐν
1296 570 1488 622 δικαστη-
1519 574 1558 617 Ε

128 635 207 691 ρίῳ
234 634 434 683 δικαστὰς
455 634 526 676 καὶ
546 633 593 676 ἐν
614 635 908 690 βουλευτηρίῳ
929 634 1168 688 βουλευτὰς
1185 634 1256 676 καὶ
1277 634 1324 676 ἐν
1344 635 1488 689 ἐκκλη-

129 700 199 757 σίᾳ
228 699 528 754 ἐκκλησιαστὰς
568 699 638 742 καὶ
668 699 714 742 ἐν
742 702 856 757 ἄλλῳ
884 700 1076 756 ξυλλόγῳ
1104 701 1253 750 παντί,
1295 700 1406 750 ὅςτις
1434 700 1489 742 ἂν

128 767 343 815 πολιτικὸς
371 765 575 819 ξύλλογος
601 766 808 820 γίγνηται.
839 766 976 807 καίτοι
1005 764 1052 806 ἐν
1071 767 1204 820 ταύτῃ
1233 772 1284 820 τῇ
1310 767 1490 820 δυνάμει

126 831 286 874 δοῦλον
313 831 391 886 μὲν
414 831 516 882 ἕξεις
536 831 612 873 τὸν
635 832 797 885 ἰατρόν,
827 827 987 873 δοῦλον
1016 830 1061 872 δὲ
1081 830 1159 872 τὸν
1182 831 1486 886 παιδοτρίβην·

126 897 150 939 ὁ
178 896 223 938 δὲ
250 895 532 951 χρηματιστὴς
570 890 696 946 οὗτος
730 899 844 953 α”λλῳ
882 897 1203 951 ἀναφανήσεται
1241 899 1487 950 χρηματιζό-

127 977 255 1016 μενος
280 962 353 1004 καὶ
380 963 459 1017 οὐχ
487 962 625 1016 αὐτῷ,
663 962 770 1004 ἀλλὰ
808 962 876 1004 σοὶ
903 965 963 1020 τῷ
993 961 1220 1016 δυναμένῳ
1248 961 1388 1016 λέγειν
1415 963 1490 1005 καὶ

127 1029 294 1070 πείθειν
320 1026 373 1069 τὰ
401 1029 558 1083 πλήθη.

211 1093 318 1153 Cap.
349 1094 476 1137 VIII.
535 1097 638 1137 ΣΩ.
669 1096 772 1136 Νῦν
800 1109 874 1148 μοι
903 1094 1043 1143 δοκεῖς
1070 1094 1286 1148 δηλῶσαι,
1318 1088 1352 1136 ὦ
1381 1096 1488 1148 Γορ-

127 1162 223 1215 γία,
267 1160 477 1215 ἐγγύτατα
503 1159 584 1215 τὴν
612 1160 844 1215 ῥητορικὴν
871 1159 1025 1214 ἥντινα
1061 1158 1214 1214 τέχνην
1241 1160 1338 1215 ἡγεῖ
1364 1156 1487 1213 εἶναι,
1517 1167 1601 1209 453

193 1335 237 1367 D.
284 1337 358 1367 τοῦ
388 1332 528 1367 ἄλλων
558 1330 734 1378 ἄρχειν]
766 1333 866 1367 Bodl.
889 1334 1034 1367 Routhii
1065 1345 1126 1377 pro
1160 1337 1221 1367 τοῦ
1246 1332 1359 1367 ἄλλων
1382 1333 1488 1368 habet

985 1391 1014 1412 εἰ

126 1428 196 1457 τῶν
225 1421 350 1457 αλλων.
383 1425 477 1458 Flor.
509 1436 544 1458 x.
581 1423 643 1469 τὴν
674 1428 743 1458 τῶν
772 1422 886 1457 ἄλλων
918 1422 1036 1468 ἄρχην.
1081 1425 1262 1458 Heindorf.
1298 1426 1388 1458 coni.
1426 1428 1487 1457 τοῦ

128 1474 172 1503 τῶ
179 1482 198 1501 ν
220 1467 308 1503 ἄλλω
314 1483 341 1503 ν.

130 1615 290 1648 Ceterum
327 1614 370 1647 de
405 1614 472 1647 hae
512 1615 660 1658 Gorgiae
698 1625 774 1647 sen-

129 1661 236 1694 tentia
259 1659 393 1693 Phileb.
427 1671 460 1703 p.
484 1659 540 1694 58.
563 1661 612 1692 A:
644 1658 775 1703 ἤκουον

130 1706 195 1746 μὲι
218 1706 326 1761 ἔγωγε
343 1704 503 1738 ἑκάστοτε
518 1706 673 1749 Γοργίου
693 1707 774 1738 πολ-

130 1750 242 1790 λάκις,
277 1763 324 1786 ως
350 1749 371 1795 ἡ
395 1755 455 1784 τοῦ
488 1752 629 1783 πείθειν
653 1750 774 1793 (δυία-

130 1798 199 1839 μις)
207 1795 296 1829 πολὺ
311 1795 473 1837 διαφέροι
489 1799 612 1828 πασῶν
627 1808 701 1838 1⁶1²
703 1807 774 1829 ωι

133 1840 244 1874 πάντα
273 1841 340 1884 γὰρ
375 1839 438 1882 ὑφ’
470 1839 556 1898 αὐτῇ
588 1841 695 1874 δοῦλα
729 1839 771 1874 δι’

132 1886 303 1927 ἑκόντων,
339 1885 407 1919 ἀλλ’
441 1884 484 1919 οὐ
508 1886 566 1920 διὰ
595 1887 675 1941 βίας
700 1899 775 1919 ποι-

131 1938 202 1966 οῖτο
241 1933 297 1964 καὶ
329 1936 450 1976 μακρῷ
489 1935 612 1964 πασῶν
649 1929 776 1974 ἁριστη

133 1979 189 2020 εἴη
214 1982 283 2010 τῶν
307 1981 438 2019 τεχνῶν.
472 1977 638 2010 Similiter
660 1978 776 2018 Meno,

132 2023 282 2066 Gorgiae
313 2022 523 2066 discipulus,
562 2023 605 2055 de
637 2023 776 2054 virtutis

130 2073 256 2101 natura
298 2068 528 2112 interrogatus
575 2069 610 2100 in
650 2078 776 2110 cogno-

130 2115 223 2146 mine
254 2113 393 2167 dialogo
423 2124 456 2170 Ρ.
483 2112 536 2146 73.
568 2113 607 2146 C.
637 2124 776 2168 respon-

132 2159 206 2192 det.
246 2161 281 2191 τί
309 2155 388 2191 ἄλλο
419 2156 448 2214 γ’
484 2156 506 2201 ἢ
541 2156 660 2212 ᾅρχειν
698 2155 777 2191 οἶόν

133 2202 157 2236 τ’
192 2199 284 2237 εἶναι
323 2207 391 2236 τῶν
427 2201 651 2245 ἀνθρώπων;
684 2204 775 2237 conf.

130 2249 275 2282 Phaedr.
298 2259 332 2292 p.
354 2248 432 2282 268.
455 2249 498 2282 A.

174 2339 215 2371 E.
247 2339 316 2371 καὶ
359 2337 406 2371 ἐν
437 2335 545 2382 ἄλλῳ
578 2337 775 2382 ξυλλόγῳ

133 2384 263 2416 παντὶ
296 2396 326 2416 κ.
359 2396 384 2415 τ.
415 2383 455 2427 λ.]
501 2385 618 2417 Facile
650 2384 776 2417 intelli-

133 2439 197 2472 gas
222 2427 300 2464 τούς
327 2428 555 2472 συλλεγέντας,
579 2440 692 2472 neque
715 2441 776 2462 au—

132 2474 278 2507 diendus
314 2477 366 2506 est
401 2474 677 2516 Findeisen„
716 2475 776 2517 qui

132 2517 242 2551 πάντα
291 2519 348 2552 vel
386 2517 516 2554 πάντας
558 2519 776 2552 scribendum

133 2565 292 2597 coniecit.
315 2583 361 2588 —
386 2563 434 2596 ἐν
466 2562 598 2607 ταύτῃ
708 2564 775 2598 δυ-

135 2608 276 2649 νάμει,
308 2609 388 2643 hac
429 2609 608 2642 dicendi
630 2577 776 2643 tfacul-

130 2658 226 2687 tate
261 2655 536 2695 instructus,
576 2655 624 2687 im
664 2655 777 2688 Besitz

131 2699 242 2732 dieser
281 2699 407 2733 Mac-ht.
458 2700 547 2733 conf.
587 2700 776 2734 Brunek.

133 2744 368 2788 adAristoph.
386 2745 475 2778 Plut.
494 2756 527 2778 v,
543 2743 620 2778 765.
643 2745 776 2779 Elms-

842 1615 927 1657 ley.
959 1614 1002 1647 ad
1027 1615 1112 1648 Oed.
1137 1616 1220 1658 Tyr.
1250 1626 1283 1648 v.
1307 1614 1387 1650 140.
1422 1615 1488 1647 Se-

842 1671 952 1703 gear
992 1660 1036 1693 ad
1072 1661 1218 1693 Lucian.
1256 1661 1349 1693 Dial.
1382 1662 1488 1693 Deor.

842 1704 940 1748 p.73
957 1706 1009 1738 ed.
1026 1707 1146 1739 Lehm.
1171 1707 1402 1739 Matthiae.
1429 1707 1488 1739 Gr.

844 1753 873 1792 §-
898 1750 975 1785 396.
1007 1762 1085 1784 ann.
1112 1750 1143 1784 2.
1176 1771 1218 1776 -
1262 1749 1280 1784 ὁ
1313 1751 1361 1784 δὲ
1390 1763 1487 1795 χρη-

844 1796 1050 1840 ματιστὴς
1100 1792 1232 1830 οὗτος
1272 1797 1400 1829 dictum
1436 1802 1489 1829 est

843 1846 1126 1875 eumeontemtu·
1149 1843 1487 1875 feneratorvero

844 1888 951 1928 iste,
983 1897 1108 1929 quem
1139 1892 1312 1920 ceteros
1344 1898 1488 1920 omnes

844 1933 1072 1975 despicere
1096 1932 1289 1966 dicebas.
1343 1934 1397 1965 De
1420 1932 1488 1966 hoc

843 1988 910 2010 usu
927 1979 1142 2020 pronominis
1161 1979 1203 2011 oi
1207 1990 1262 2012 tos·
1277 1989 1308 2010 v.
1330 1978 1488 2021 Sympos.

844 2034 876 2065 p.
902 2022 978 2056 181.
1002 2024 1040 2055 E.
1068 2024 1198 2056 Criton.
1222 2034 1254 2066 Ρ.
1277 2022 1333 2056 45.
1357 2025 1399 2056 A.
1423 2023 1488 2056 ibi-

845 2078 912 2110 que
953 2073 1069 2101 annot.
1133 2069 1268 2101 Deinde
1307 2079 1350 2101 ne
1387 2079 1488 2110 quem

845 2114 995 2146 offendat
1019 2115 1160 2147 iteratus
1184 2114 1246 2146 ille
1269 2114 1406 2146 dativus
1433 2116 1492 2147 σοι’

844 2163 923 2202 post
945 2157 1052 2203 ἄλλῳ,
1085 2164 1164 2202 apte
1187 2160 1488 2192 Heindorfius

844 2205 1057 2247 comparavit
1101 2215 1134 2247 p.
1165 2204 1242 2238 521.
1276 2206 1320 2259 D.
1350 2206 1398 2238 Ε.
1444 2217 1487 2237 ου

846 2248 935 2289 πρὸς
966 2248 1069 2292 χάριν
1100 2248 1210 2292 λέγω]
1240 2247 1319 2283 τοῖς
1350 2248 1487 2304 λόγους,

845 2293 906 2329 οὓς
939 2295 1023 2338 λεγω
1064 2293 1241 2333 ἑκάστοτε,
1280 2293 1363 2328 ἀλλὰ
1401 2293 1490 2337 πρὸς

846 2339 882 2373 τὸ
900 2339 1089 2382 βέλτιστοι,
1115 2337 1157 2372 οὐ
1176 2339 1266 2380 πρὸς
1284 2339 1321 2373 τὸ
1336 2338 1492 2383 ἣδιστον.

845 2386 980 2418 Similia
1003 2386 1100 2428 legas
1149 2384 1258 2418 ..454
1285 2386 1322 2418 C.
1336 2353 1424 2419 η456.
1447 2386 1492 2418 D-

843 2429 920 2464 464.
946 2431 984 2463 C.
1018 2430 1096 2464 514.
1120 2432 1162 2463 A.
1185 2431 1378 2474 Protag.p
1356 2442 1389 2473 p.
1414 2429 1491 2464 344.

844 2477 886 2508 D.
911 2476 1019 2519 Legg.
1045 2476 1090 2508 ΙΙ.
1114 2487 1147 2518 p.
1161 2474 1238 2509 672.
1262 2477 1304 2509 A.
1323 2474 1493 2509 V11.822.

845 2521 886 2553 A.
910 2522 952 2554 X.
978 2520 1055 2554 889.
1079 2521 1120 2554 Ε.

914 2610 998 2652 Cap.
1053 2612 1149 2644 VIII.
1222 2612 1490 2654 δηλῶσαι-

845 2653 1073 2700 ἐγγύτατα]
1143 2656 1188 2689 Η.
1241 2668 1268 2688 e.
1331 2657 1395 2688 ita
1447 2658 1493 2687 ut

844 2701 1039 2754 proaime
1099 2701 1150 2735 ad
1209 2712 1294 2734 rem
1347 2710 1494 2742 acees—

846 2756 980 2779 seris.

1175 2810 1224 2845 7*
