1722 2964
493 80 916 120 PROTAGORAS.
953 83 996 122 P.
1024 85 1094 121 342
1121 81 1209 120 ST.

1483 77 1566 120 129

132 205 207 248 ἵνα
225 198 284 260 μὴ
303 195 687 258 ἀπομανθάνωσιν
704 194 734 242 ἃ
751 195 879 244 αὐτοὶ
897 194 1204 244 διδάσκωσιν.
1231 195 1320 242 εἰσὶ
1332 193 1383 240 δὲ
1397 196 1447 241 ἐν
1458 193 1570 241 ταύ-

131 289 227 324 ταις
242 278 339 322 ταῖς
355 265 539 314 πόλεσιν
552 262 608 313 οὗ
626 263 766 324 μόνον
791 263 954 325 ἄνδρες
973 266 1046 311 ἐπὶ
1066 261 1300 311 παιδεύσει
1317 263 1431 322 μέγα
1453 282 1570 322 φρο-

132 339 331 394 νοῦντες,
354 333 468 381 ἀλλὰ
490 334 567 380 καὶ
592 343 813 392 γυναῖκες.
863 337 1050 392 Γνοίητε
1075 330 1116 378 δ’
1140 329 1211 390 ἂν,
1235 350 1302 377 οτι
1321 329 1407 389 ἐγώ
1428 333 1570 376 ταῦτα

133 404 283 463 ἀληθῆ
301 404 432 462 λέγω,
451 398 886 460 καὶΛακεδαιμόνιοι
903 399 1012 461 πρὸς
1028 404 1300 460 φιλοσοφίαν
1317 400 1392 446 καὶ
1409 397 1570 458 λόγους

134 471 292 532 ἄριστα
309 475 645 528 πεπαίδευνται,
666 462 766 515 ωδε.
801 473 845 515 εἰ
856 468 941 529 γὰρ
958 470 1106 515 ἐθέλει
1117 488 1182 522 τις
1198 471 1571 527 Λακεδαιμονίων

134 543 195 602 τῷ
219 538 483 622 φαυλοτατῳ
507 539 832 597 συγγενέσθαι,
863 536 918 582 τὰ
942 556 1026 595 μεν
1049 535 1193 583 πολλὰ
1217 538 1267 582 ἐν
1289 546 1385 590 τοῖς
1421 534 1570 594 λόγοις

135 607 315 668 εὑρήσει
339 605 476 654 αὐτὸν
510 605 686 664 φαῦλόν
717 624 818 651 τινα
849 603 1139 663 φαινόμενον,
1172 609 1338 662 ἔπειτα,
1372 620 1488 650 οπου
1511 622 1570 650 αν
1592 617 1624 650 Ε

137 675 247 735 τύχῃ
279 677 370 721 τῶν
400 675 676 733 λεγομένων,
718 674 901 731 ἐνέβαλε
933 675 1053 733 ῥῆμα
1093 670 1219 727 ἄξιον
1252 670 1388 730 λόγου
1421 670 1568 733 βραχὺ

136 745 211 790 καὶ
236 744 640 803 συνεστραμμένον,
667 739 815 801 ὥσπερ
841 739 986 794 δεινὸς
1013 738 1296 799 ἀκοντιστής,
1322 738 1437 786 ὥστε
1460 744 1568 799 φαί·

137 819 301 859 νεσθαι
323 810 402 857 τὸν
423 807 859 871 προσδιαλεγόμενον
882 806 1040 862 παιδὸς
1063 808 1205 868 μηδὲν
1223 812 1396 866 βελτίω.
1430 810 1572 854 Τοῦτο

138 872 221 925 οὖν
245 876 353 924 αὐτὸ
377 880 452 924 καὶ
475 881 564 924 τῶν
587 880 675 924 νῦν
695 881 810 923 εἰσιν
834 882 880 923 οἳ
894 875 1246 935 κατανενοήκασι
1270 877 1347 922 καὶ
1368 877 1461 921 τῶν
1483 873 1573 921 πά-

138 953 228 1004 λαι,
269 944 335 992 ὅτι
365 944 414 991 τὸ
446 950 706 1001 λακωνίζειν
743 944 859 991 πολὺ
894 943 1066 1004 μᾶλλόν
1106 947 1198 990 ἐστι
1237 950 1505 1003 φιλοσοφεῖν
1543 940 1573 1001 ἢ

137 1020 532 1073 φιλογυμναστεῖν,
558 1012 740 1070 εἰδότες,
765 1011 831 1058 ὅτι
854 1015 1036 1059 τοιαῦτα
1061 1010 1158 1058 οἶόν
1181 1010 1222 1058 τ’
1252 1012 1368 1058 εἶναι
1400 1009 1574 1072 ῥήματα

138 1083 422 1140 φθέγγεσθαι
435 1082 594 1134 τελέως
608 1081 967 1139 πεπαιδευμένου
981 1081 1104 1127 ἐστὶν
1116 1078 1376 1140 ἀνθρώπου.
1403 1077 1575 1126 τούτων
1586 1093 1653 1128 343

233 1214 278 1246 E.
303 1206 419 1246 ὅπου
436 1205 491 1247 ἂν
508 1208 620 1258 τύχῃ
637 1225 669 1246 τ.
690 1210 741 1256 λ.]
768 1213 831 1246 Sic
856 1212 958 1246 codd.
985 1213 1065 1246 fere
1090 1223 1214 1246 omnes
1238 1222 1304 1256 pro
1327 1212 1430 1255 vulg.
1452 1206 1575 1255 τύχοι,

143 1259 241 1301 quod
256 1269 354 1291 nunc
370 1260 546 1301 ineptum.

145 1382 168 1404 a
184 1372 356 1414 Lycurgo
378 1371 516 1405 vetitos
532 1371 650 1404 fuisse
666 1371 829 1414 peregri-

144 1427 236 1449 nare
267 1416 487 1449 Aristoteles
520 1427 578 1459 ap.
602 1417 828 1459 Harpocrat.

144 1473 182 1505 p.
199 1463 263 1495 159
279 1464 452 1496 testatur.
474 1471 511 1494 v.
529 1460 624 1494 QF.
638 1462 828 1495 Hermann

144 1508 271 1549 Antiq.
297 1506 427 1541 Graec.
451 1507 507 1540 27.
526 1508 579 1539 13.
617 1507 675 1539 De
701 1506 829 1539 eodem

145 1551 378 1584 Cretensium
407 1551 579 1585 instituto
604 1561 827 1594 quamquam

146 1597 193 1630 ab
234 1596 322 1629 aliis
361 1597 604 1639 scriptoribus
642 1596 748 1629 nulla
787 1596 828 1629 fit

145 1642 296 1683 mentio,
313 1644 439 1675 tamen
457 1652 499 1674 eo
516 1642 637 1674 minus
655 1641 828 1675 dubitan-

147 1687 243 1726 dum,
262 1686 359 1728 quod
376 1689 414 1720 et
429 1686 576 1719 illorum
591 1686 696 1730 leges
708 1688 827 1720 Lace-

149 1731 356 1764 daemoniis
386 1731 600 1764 simillimae
633 1734 758 1774 erant,
792 1734 830 1765 et

147 1778 297 1808 veteres
321 1777 467 1809 omnino
491 1777 832 1820 peregrinationem

150 1821 282 1864 patriis
307 1822 471 1854 moribus
495 1821 668 1854 damnum
698 1822 832 1855 afferre

152 1866 428 1900 existimabant.
445 1877 480 1899 v.
493 1866 646 1900 Aristot.
657 1867 737 1900 Pol.
752 1867 831 1907 VH,

197 1957 244 1988 D.
293 1951 408 1990 (ἑλλοὶ
457 1954 535 1989 καὶ
583 1954 832 2001 γυναῖκες]

151 2001 246 2034 Nam
279 2002 392 2034 etiam
422 2002 596 2035 mulieres
627 2002 836 2045 Spartanae

152 2056 244 2089 prae
267 2048 402 2080 ceteris
428 2047 642 2080 constantia
670 2051 708 2080 et
730 2047 835 2081 forti-

153 2090 282 2124 tudine
331 2092 445 2125 animi
489 2092 743 2134 excellebant3
799 2092 837 2125 id

154 2136 252 2178 quod
290 2138 476 2170 testantur
521 2138 837 2181 apophthegmata

152 2181 225 2214 illa
262 2181 532 2215 Lacaenamm.
593 2193 628 2217 v.
677 2182 837 2216 Cicero

155 2226 306 2262 Tuscul.
323 2227 354 2269 Ι,
371 2229 427 2267 42,
445 2229 522 2262 102.
547 2232 584 2261 et
600 2228 837 2262 Plutarch.

155 2271 291 2306 Moral.
307 2283 344 2323 p.
362 2274 450 2306 1217
468 2283 547 2324 sqq
565 2272 686 2306 Stallb.

204 2313 253 2350 εἰ
286 2311 385 2361 γὰρ
423 2312 618 2351 εθέλει
649 2316 751 2362 τίς]
794 2319 840 2352 V.

155 2371 193 2405 p.
212 2363 281 2395 324
296 2363 338 2393 A.

203 2407 248 2440 E.
294 2401 491 2451 ἐνέβαλε
530 2403 653 2451 ρῆμα
699 2401 842 2450 ἄξιον

161 2446 323 2495 λόγου]
350 2452 505 2486 Acutam
526 2453 631 2485 illam
652 2453 842 2487 Laconum

159 2496 495 2540 breviloquentiam
549 2498 680 2531 laudat
732 2498 841 2532 Plato

161 2541 279 2585 Legg.
287 2543 318 2574 Ι.
333 2553 369 2585 p.
377 2543 494 2576 642E.
511 2542 704 2586 Theaet.p
709 2543 841 2578 .13oC.

162 2585 329 2620 Aliorum
360 2589 581 2631 scriptorum
607 2588 710 2623 locos
743 2589 843 2622 exhi—

164 2630 249 2664 buit
284 2633 448 2666 Meurs.
502 2633 663 2669 Miscell.
701 2634 842 2670 Lacon.

164 2675 235 2717 111,
251 2679 284 2710 3.
316 2695 360 2702 -
391 2678 510 2712 Acute
534 2678 635 2712 dicta
652 2681 739 2722 apte
762 2690 844 2712 cum

165 2720 255 2754 telis
285 2727 564 2767 comparantur.
598 2723 642 2757 de
674 2734 746 2767 quo
773 2735 846 2758 usu

166 2764 343 2808 loquendi
371 2780 406 2803 v.
442 2769 488 2802 ad
519 2769 686 2812 Sympos.
717 2780 753 2812 p.
777 2772 844 2803 219

167 2809 211 2847 Β.
250 2830 298 2836 --
334 2813 479 2848 Tribuit
509 2825 597 2849 vero
630 2816 844 2849 Laconibus

236 2878 342 2903 PLAT.
367 2880 472 2905 Pno'r.

897 1365 940 1404 τὸ
976 1365 1098 1415 βραχὺ
1131 1369 1198 1404 καὶ
1230 1365 1578 1415 συνεστραμμένον,

896 1416 1036 1449 breve
1069 1415 1188 1448 illud
1220 1419 1360 1458 atque
1395 1419 1579 1449 contor-

897 1463 987 1493 tum
1032 1461 1270 1494 verborum
1315 1461 1581 1494 sententia-

897 1515 1087 1548 rumque
1105 1516 1291 1539 acumen
1307 1508 1458 1548 notans,
1483 1505 1582 1548 quod

896 1552 937 1584 in
952 1551 1185 1584 Laconismis
1209 1551 1449 1585 admiramur.
1486 1552 1582 1585 Nam

898 1590 1129 1640 συστρέφειν
1152 1596 1250 1639 apud
1272 1596 1440 1630 rhetores
1465 1597 1583 1630 Grae-

899 1652 962 1675 cos
981 1641 1268 1674 rotunditati
1293 1645 1331 1674 et
1353 1642 1583 1676 brevitati

899 1687 1120 1720 elocutionis
1151 1687 1273 1728 iisque
1302 1688 1506 1721 virtutibus
1534 1688 1583 1720 si-

898 1732 1135 1775 gnificandis,
1193 1742 1288 1774 quae
1329 1743 1375 1765 ex
1423 1735 1584 1774 utraque

900 1778 1088 1819 oriuntur,
1120 1777 1304 1810 inservire
1329 1777 1439 1811 docta
1460 1777 1587 1820 dispu—

902 1823 1046 1855 tatione
1088 1822 1356 1855 demonstravit
1399 1824 1429 1856 Ι.
1464 1822 1506 1856 O.
1542 1823 1585 1855 T.

902 1868 1090 1900 Ernesti
1116 1867 1271 1900 Lexic.
1305 1867 1586 1911 Technolog.

907 1913 1065 1945 Graec.
1110 1912 1293 1946 Rhetor.
1339 1923 1375 1956 p.
1417 1913 1496 1947 335.
1542 1930 1589 1936 —-

904 1958 1066 2000 Egregie
1083 1968 1192 2001 porro
1215 1958 1333 1990 utitur
1350 1959 1490 1992 aoristo
1507 1953 1588 1992 ἐνέ-

906 2001 1019 2046 βαλε,
1053 2006 1095 2035 ut
1116 2005 1321 2046 promptam
1342 2006 1588 2047 paratamque

904 2049 1183 2090 responsionem
1225 2048 1414 2091 significet
1426 2073 1435 2090 ,
1492 2058 1590 2092 quae

905 2093 1023 2126 veluti
1051 2093 1166 2126 telum
1199 2093 1349 2136 aliquod
1378 2105 1398 2128 e
1427 2095 1590 2137 vestigio

907 2138 1100 2171 emittitur.
1158 2139 1343 2180 Quoniam
1384 2140 1481 2172 enim
1520 2140 1591 2172 hoc

906 2186 1050 2227 tempus
1075 2185 1261 2217 actionem
1278 2185 1397 2227 ipsam
1415 2187 1452 2217 et
1467 2195 1535 2227 per
1550 2194 1591 2218 se

906 2231 1117 2272 spectatam
1134 2229 1338 2272 significat,
1362 2230 1504 2263 factum
1521 2232 1591 2271 est,

906 2277 949 2306 ut
970 2284 1237 2318 saepenumero
1258 2278 1462 2316 poneretur
1483 2274 1529 2309 de
1551 2285 1591 2308 re

910 2320 985 2352 cito
1010 2322 1048 2352 et
1069 2319 1191 2352 veluti
1212 2329 1285 2352 uno
1307 2320 1484 2363 temporis
1500 2331 1593 2364 pun-

910 2367 972 2398 cto
990 2367 1156 2407 peracta.
1173 2374 1209 2397 v.
1227 2364 1274 2397 ad
1289 2364 1477 2400 Phaedon.
1495 2377 1531 2409 p.
1548 2366 1594 2399 84

909 2410 956 2442 D.
1007 2409 1098 2441 Cum
1119 2410 1297 2452 proximis
1321 2413 1408 2454 apte
1433 2411 1595 2445 contulit

909 2454 1215 2487 Heindorfius
1231 2455 1386 2489 Theaet.
1404 2467 1441 2499 p.
1461 2458 1526 2489 177
1543 2456 1594 2488 B:

910 2495 935 2543 ἡ
954 2494 1135 2543 ῥητορικὴ
1155 2494 1314 2535 ἐκείνων
1329 2496 1482 2540 πάντως
1499 2496 1595 2535 (ἰπο-

910 2544 1159 2588 μαραίνεται,
1183 2555 1279 2579 ωστε
1302 2545 1456 2580 παίδων
1471 2542 1597 2590 μηδὲν

914 2589 1046 2623 δοκειν
1063 2570 1281 2644 διαφέρειν.
1309 2592 1431 2625 Stallb.

957 2635 1001 2669 P.
1018 2636 1097 2668 343.
1138 2632 1284 2670 τούτων
1309 2627 1375 2680 ἦν]
1410 2637 1458 2671 Η.
1483 2647 1515 2670 e.
1549 2646 1597 2670 ex

913 2681 962 2712 iis
977 2681 1041 2722 qui
1059 2681 1211 2724 antiquo
1226 2685 1390 2724 tempore
1403 2682 1597 2715 Laconum

914 2725 1150 2768 disciplinam
1190 2729 1291 2760 recte
1330 2727 1598 2761 intellexerunt

915 2774 953 2804 et
976 2771 1096 2803 secuti
1114 2775 1216 2815 sunt,
1246 2775 1354 2806 erant
1369 2775 1514 2816 septem
1538 2772 1598 2806 illi

914 2817 1116 2860 sapientes.

1300 2872 1327 2915 9
