1676 2938
279 159 358 195 300
810 154 1068 194 PLATONIS

277 263 519 315 βελτίστους
552 258 708 310 αὐτοὺς
742 256 845 309 τοὺς
879 261 1054 310 πολίτας
1092 267 1341 310 ποιοῦντας;
1384 263 1490 303 ἄνευ
1526 260 1608 315 γὰρ

277 325 330 379 δὴ
365 327 543 375 τούτου,
592 325 650 374 ὠς
687 324 732 366 ἐν
766 328 856 374 τοῖς
894 323 1135 379 ἔμπροσθεν
1172 324 1442 378 εὑρίσκομεν,
1482 321 1610 367 οὐδὲν

168 395 250 436 514
279 393 432 442 ὄφελος
458 392 590 443 ἄλλην
617 385 860 444 εὐεργεσίαν
886 384 1089 443 οὐδεμίαν
1127 386 1403 442 προςφέρειν,
1442 387 1517 430 ἐὰν
1551 389 1610 442 μὴ

278 454 383 507 καλὴ
421 453 592 507 κάγαθὴ
629 454 657 508 ἦ
693 454 859 495 διάνοια
901 451 924 507 ᾖ
961 457 1049 495 τῶν
1084 454 1322 506 μελλόντων
1358 453 1386 506 ἢ
1422 453 1610 507 χρήματα

278 518 412 561 πολλὰ
439 518 670 572 λαμβάνειν
707 517 734 571 ἢ
762 518 896 572 ἀρχήν
922 533 1051 560 τινων
1078 518 1104 572 ἢ
1132 520 1264 571 ἄλλην
1290 517 1473 575 δύναμιν
1499 517 1609 571 ἦντι·

278 588 396 624 νοῦν.
425 585 571 635 θῶμεν
599 581 732 630 οὕτως
758 580 886 636 ἕχεινς
915 584 1052 624 ΚΑΛ.
1089 583 1216 623 Πάνυ
1242 595 1302 634 γε,
1329 581 1369 623 εἴ
1386 591 1452 623 σοι
1473 581 1609 636 ἥδιον.

280 648 383 688 ΣΩ.
422 646 477 687 Εἰ
514 642 594 688 οὖν
631 648 949 700 παρεκαλοῦμεν
996 647 1224 701 ἀλλήλους,
1275 640 1309 687 ὦ
1350 646 1610 693 Καλλίκλεις,

279 710 458 765 δημοσίᾳ
493 711 724 763 πράξαντες
756 713 843 752 τῶν
881 713 1109 752 πολιτικῶν
1147 710 1428 764 πραγμάτων,
1467 708 1532 751 ἐπὶ
1560 709 1612 750 τὰ

279 775 536 828 οἰκοδομικά,
565 775 590 829 ἢ
618 777 766 828 τειχῶν
792 774 820 828 ἢ
847 775 1036 827 νεωρίων
1062 774 1088 828 ἢ
1117 775 1242 826 ἱερῶν
1270 772 1336 816 ἐπὶ
1362 774 1414 816 τὰ
1440 773 1613 828 μέγιστα

279 840 612 893 οἰκοδομήματα,
651 839 832 890 πότερον
869 837 948 880 ἔδει
989 838 1044 880 ἂν
1078 839 1188 893 ἡμᾶς
1223 838 1464 888 σκέψασθαι
1502 838 1613 892 ἡμᾶς

345 977 383 1009 Ρ.
407 975 485 1010 514.
510 977 701 1019 δημοσίᾳ
722 974 992 1018 πράξαντες]
1018 976 1060 1009 V.
1084 974 1286 1017 πράξοντες,
1310 975 1401 1018 quod
1426 976 1611 1011 Hermann.

280 1021 381 1054 unice
410 1020 541 1064 probat.
610 1020 676 1053 Sed
720 1031 844 1063 magno
882 1031 1053 1054 consensu
1087 1021 1190 1053 vind.
1229 1021 1260 1054 6.
1300 1021 1376 1053 Par.
1405 1021 1547 1054 BOEF
1559 1021 1614 1054 W.

280 1065 371 1100 Flor.
388 1071 432 1097 ὀ..
473 1069 507 1097 et
541 1075 590 1107 pr.
630 1065 747 1097 Clark.
785 1065 863 1098 Vat.
901 1066 1005 1098 Coisl.
1045 1063 1235 1106 πράξαντες
1273 1067 1435 1098 aoristum
1466 1069 1613 1098 tuentur.

281 1121 312 1142 v.
336 1110 494 1152 explicat.
537 1111 577 1142 In
601 1110 691 1142 Flor.
716 1110 747 1142 d.
771 1111 931 1152 scriptum
963 1110 1110 1152 δημοσίᾳ
1134 1122 1160 1142 τι
1184 1111 1309 1151 πρᾶξαι
1333 1114 1400 1142 τῶν
1424 1111 1614 1143 πολιτικῶν.

280 1155 321 1187 In
344 1155 476 1198 aliquot
497 1154 594 1187 codd.
618 1154 742 1188 desunt
764 1156 869 1188 verba
892 1157 960 1187 τῶν
984 1156 1159 1187 πολιτικῶν
1182 1153 1400 1198 πραγμάτων.

280 1285 477 1325 regerentur
507 1292 528 1314 a
557 1279 780 1323 θεραπεύειν
826 1282 914 1315 Nam
981 1285 1052 1314 not.
1096 1281 1216 1323 Neque
1246 1281 1443 1325 discrepant
1473 1280 1517 1314 ab
1547 1281 1614 1314 hoc

281 1326 471 1359 infinitivus
482 1326 722 1368 explicationis
734 1327 846 1369 gratia
858 1325 915 1358 ad-

281 1371 370 1403 ditur
392 1371 505 1404 hisce:
530 1370 756 1413 ἐπιχειρητέον
780 1370 851 1403 ἐστὶ
878 1373 915 1412 τῇ

283 1412 376 1448 πόλει
399 1415 454 1448 καὶ
481 1420 551 1449 τοῖς
576 1416 744 1453 πολιταις,
776 1419 814 1447 ut
843 1415 914 1458 ple-

282 1471 324 1492 ne
348 1460 417 1492 dici
435 1460 582 1501 potuerit
597 1460 699 1492 etiam
714 1461 779 1492 hoc
796 1460 894 1492 modo
908 1471 915 1490 :

282 1503 365 1538 ὦςτε
395 1502 520 1538 αὐτοὺς
553 1502 712 1545 θεραπεί
714 1515 772 1536 ειν.
818 1504 915 1537 Pror-

282 1559 340 1581 sus
363 1548 481 1581 eadem
506 1554 558 1581 est
573 1548 753 1581 verborum
771 1552 915 1581 structu-

282 1604 321 1625 ra
360 1594 412 1625 De
443 1593 585 1636 Republ.
609 1594 672 1627 ΙΙΙ.
702 1603 734 1635 Ρ.
764 1592 840 1625 416.
865 1594 910 1624 A:

282 1637 491 1680 ἐπιχειρῆσαι
529 1642 598 1671 τοῖς
635 1635 821 1679 προβάτοις
853 1649 912 1669 κα-

282 1687 456 1725 κουργεῖν.
481 1682 611 1714 Criton.
634 1692 667 1724 p.
689 1681 744 1714 52.
768 1683 814 1714 Β·
839 1680 913 1714 οὐδ’

284 1726 453 1766 ἐπιθυμία
487 1736 525 1758 σε
554 1724 653 1769 ἄλλης
686 1724 816 1761 πόλεως
840 1724 913 1758 οὐδ’

282 1769 393 1803 ἄλλων
408 1770 524 1811 νόμων
538 1771 662 1813 ἔλαβεν
673 1770 771 1803 εῖδει
762 1783 814 1808 αι
839 1771 872 1802 h.
885 1781 914 1802 e.

283 1813 409 1850 αὐτοὺς
431 1815 528 1848 εῖδει
519 1827 573 1847 αι
616 1815 804 1857 Pbaedr.p
808 1814 915 1849 .271.

284 1861 322 1893 C.
345 1860 451 1903 Legg.
474 1860 535 1892 111.
559 1871 591 1902 p.
615 1858 690 1892 700.
715 1860 752 1892 C.
783 1860 859 1892 VII.
883 1870 915 1901 p.

284 1904 358 1937 790.
384 1906 426 1936 D.
451 1905 510 1936 XI.
534 1915 565 1946 p.
591 1902 666 1936 941.
692 1905 732 1936 D.
758 1905 810 1936 De
833 1905 914 1946 Rep.

283 1950 346 1981 111.
377 1960 408 1991 p.
438 1947 513 1982 407.
540 1949 577 1981 G.
620 1949 708 1981 Tim.
732 1959 764 1990 Ρ.
786 1947 841 1981 33.
865 1949 916 1989 0.,

282 1994 343 2026 ubi
374 1993 534 2026 consulas
573 1996 687 2025 annot.
718 1997 821 2027 nostr.
858 1993 916 2025 Vi-

283 2038 405 2071 delicet
428 2039 529 2070 etiam
553 2037 588 2069 in
605 2037 733 2070 talibus
753 2038 916 2070 confusae

283 2087 363 2115 sunt
393 2082 478 2115 duae
509 2083 789 2115 constructiones.
829 2082 916 2114 Nam

283 2131 343 2160 aut
369 2127 559 2159 infinitivus
596 2126 802 2159 omittendus
833 2131 914 2170 erat,

284 2177 342 2204 aut
371 2171 551 2204 dicendum
589 2170 818 2212 ἐπιχειρητέον
855 2171 917 2213 τήν

285 2215 384 2249 πόλιν
419 2216 474 2249 καὶ
516 2212 595 2249 τοὺς
633 2217 768 2249 πολιταε
807 2215 915 2256 θερα-

286 2258 350 2293 πεύ
352 2272 414 2292 ειν.
439 2259 505 2293 Sed
529 2264 662 2292 servato
676 2259 791 2292 dativo
813 2260 916 2291 etiam

284 2305 474 2337 infinitivus
498 2304 668 2337 adiicitur.
706 2305 824 2346 Itaque
847 2315 916 2336 non

284 2351 389 2392 probo
414 2349 721 2381 Heindorfium
754 2352 832 2390 post
854 2359 916 2380 πο·

285 2395 388 2427 attans
431 2399 598 2426 commate
642 2393 919 2435 distinguentem.

285 2438 462 2471 Proxima:
487 2435 534 2471 nis·
557 2438 753 2479 βελτίστους
777 2455 820 2461 -
845 2447 918 2469 ποι-

285 2486 429 2520 assuas,
460 2482 576 2514 addita
598 2486 679 2514 sunt
700 2483 771 2522 sio,
802 2484 841 2513 ut
863 2481 918 2514 de-

286 2527 417 2560 clarent
439 2527 508 2558 vim
531 2527 627 2559 vocis
649 2525 769 2560 οὕτως.
812 2525 919 2558 Phae-

287 2571 364 2605 don.
394 2570 504 2614 Ρ-.59
536 2571 586 2603 A:
621 2569 743 2612 σχεδόν
774 2582 801 2603 τι
830 2569 918 2603 οὕτω

289 2616 504 2655 διεκείμεθα,
546 2612 603 2648 ὁτὲ
643 2615 708 2655 μὲν
744 2615 920 2657 γελῶντες,

289 2660 402 2695 &ubre
425 2660 465 2694 δὲ
488 2657 709 2702 δακρύοντες,
733 2659 795 2692 ubi
811 2670 844 2692 v.
862 2670 921 2693 nn-

981 1327 1253 1414 118111038ἙοίῙίὶί
1294 1326 1395 1403 ωδᾙὶιιι
1432 1326 1615 1403 lghaedon.

1271 1382 1297 1403 ω
1346 1383 1363 1403 ε
1387 1382 1445 1403 τοι
1502 1382 1613 1408 evena,

982 1382 1194 1458 βουλόμενος
1218 1382 1312 1457 &eggan
1338 1415 1392 1447 σοὶ
1416 1414 1501 1457 ὅπερ
1527 1415 1614 1455 ἐμοί.

981 1460 1171 1492 Parmenid.
1203 1460 1267 1492 in.:
1307 1458 1460 1514 πάρειμί
1485 1471 1522 1503 γε
1562 1457 1614 1492 ἐπ’

982 1501 1065 1536 αὐτὸ
1082 1507 1191 1542 τοῦτο,
1209 1503 1427 1557 δεησόμειος
1441 1501 1539 1544 ὖμῶι
1551 1506 1615 1536 κτλ.

982 1550 1035 1581 De
1074 1541 1271 1581 accusativo
1315 1553 1494 1583 ποιοῦντας
1539 1553 1616 1591 post

982 1593 1135 1625 dativum
1170 1593 1267 1625 illato
1291 1603 1323 1625 v.
1352 1593 1394 1626 ad
1420 1603 1452 1636 Ρ.
1475 1592 1551 1627 492.
1577 1594 1615 1627 Β.

983 1641 1071 1713 etP.
1095 1681 1171 1715 514.
1219 1680 1296 1714 ἐὰν
1332 1681 1383 1725 μὴ
1413 1679 1515 1725 καλὴ
1549 1679 1615 1714 κᾶ-

985 1724 1102 1769 γαθὴ
1147 1723 1167 1769 ἦ
1218 1725 1261 1769 δ.]
1327 1727 1489 1758 Poterant
1532 1726 1617 1759 haec

983 1770 1157 1803 commode
1188 1771 1316 1811 omitti,
1351 1781 1455 1813 quum
1485 1781 1617 1813 praece-

983 1815 1042 1847 dat
1075 1813 1160 1847 ἄνευ
1189 1814 1255 1858 γὰρ
1289 1813 1331 1857 δὴ
1366 1815 1498 1848 τούτου.
1550 1815 1617 1847 Sed

984 1864 1099 1892 amant
1145 1860 1267 1892 Graeci
1312 1860 1402 1892 hanc
1451 1860 1616 1892 sermonis

982 1904 1181 1937 ubertatem.
1215 1904 1283 1939 vid.
1307 1904 1455 1936 Matth.
1487 1905 1516 1944 §-
1540 1903 1617 1938 636.

1029 1949 1071 1981 εἴ
1100 1959 1170 1981 σοι
1200 1947 1349 1992 ἥδιον]
1397 1949 1502 1980 Addit
1529 1948 1617 1981 haee

983 2004 1059 2027 cum
1099 1993 1256 2026 irrisione
1291 1993 1544 2036 significaturus
1581 2003 1618 2025 se

983 2049 1052 2070 non
1081 2049 1124 2070 ex
1156 2038 1262 2070 mimi
1295 2038 1465 2070 sententia
1498 2047 1617 2070 conce-

983 2082 1061 2115 dere
1084 2082 1231 2123 Socrati,
1266 2081 1325 2114 sed
1357 2086 1396 2114 ut
1428 2083 1460 2114 ei
1482 2086 1617 2126 gratum

983 2127 1100 2160 faciat.

1029 2172 1220 2222 δημοσίᾳ
1250 2170 1497 2212 nauigantes
1535 2174 1617 2203 τῶν

985 2214 1215 2262 πολιτικῶν
1238 2213 1520 2258 πραγμάτων]
1552 2215 1617 2248 Ge

984 2260 1113 2292 nitivus
1136 2252 1265 2302 p'artom
1294 2260 1481 2302 significat,
1512 2259 1617 2303 vulgo

984 2305 1182 2346 intelligunt
1219 2316 1255 2336 τι.
1323 2305 1475 2338 Plurima
1512 2303 1616 2338 huius

984 2350 1119 2392 generis
1140 2348 1296 2391 exempls
1318 2349 1456 2392 collegit
1474 2348 1616 2382 Fisch.

985 2393 1028 2426 ad
1051 2393 1191 2428 Weller.
1215 2393 1257 2425 Τ.
1282 2393 1341 2424 111.
1366 2393 1404 2425 P.
1428 2393 1453 2424 1.
1486 2403 1517 2434 p.
1540 2391 1619 2426 263.

986 2442 1020 2471 et
1043 2438 1107 2470 viri
1127 2437 1228 2478 docti,
1250 2447 1338 2479 quoe
1350 2436 1516 2477 laudavit,
1545 2437 1619 2479 qui-

986 2484 1051 2515 bus
1086 2481 1172 2514 adde
1210 2491 1297 2524 quae
1341 2482 1619 2514 commemoravit

987 2526 1253 2559 Schseferus
1281 2525 1324 2558 sd
1346 2525 1518 2559 lambert.
1541 2526 1617 2558 Bos.

987 2571 1107 2614 Ellips.
1138 2582 1171 2614 p.
1201 2569 1269 2603 475
1297 2580 1366 2613 seq.
1413 2574 1514 2612 atque
1556 2580 1619 2602 nos

986 2616 1053 2658 ipsi
1075 2615 1119 2648 ad
1142 2614 1237 2658 Reip.
1259 2614 1317 2647 IV.
1340 2625 1373 2657 Ρ.
1396 2612 1472 2648 445.
1496 2615 1535 2649 Ε.
1560 2614 1619 2647 Vl.

986 2671 1020 2703 p.
1041 2659 1119 2695 485.
1144 2661 1183 2693 Β.
1205 2659 1436 2703 exposuimus.
1460 2659 1526 2692 Pro
1545 2658 1619 2692 vul-
