1696 2976
434 121 843 158 PROTAGORAS.
874 122 915 156 P.
938 125 1015 158 326.
1056 122 1136 157 ST.
1436 94 1490 159 83

83 250 223 295 σματα
250 238 530 301 ἐντείνοντες,
555 237 630 282 καὶ
660 234 760 289 τοὺς
785 234 986 295 ῥυθμούς
1008 255 1055 282 τε
1079 237 1152 282 καὶ
1182 232 1258 289 τὰς
1281 233 1492 294 ἁρμονίας

83 303 405 363 ἀναγκάζουσιν
436 306 710 351 οἰκειοῦσθαι
742 315 837 357 ταῖς
869 315 1030 363 ψυχαῖς
1062 306 1151 350 τῶν
1182 307 1378 360 παίδων,
1418 306 1493 347 ἵνα

82 370 356 454 ἡμερωτεροί
373 392 419 419 τε
445 388 547 431 ωσι,
579 373 652 418 καὶ
686 369 1004 432 εὐρυθμότεροι
1036 374 1109 418 καὶ
1135 369 1494 432 εὐαρμοστότεροι

83 440 334 500 γιγνόμενοι
364 439 567 501 χρήσιμοι
591 433 701 488 ὦσιν
732 444 794 494 εἰς
825 439 872 486 τὸ
907 442 1052 498 λέγειν
1083 459 1129 487 τε
1160 442 1234 486 καὶ
1266 437 1493 500 πράττειν

83 511 168 563 πᾶς
191 508 274 569 γὰρ
299 507 322 555 ὁ
347 514 444 568 βίος
475 511 554 555 τοῦ
577 506 821 568 ἀνθρώπου
855 506 1101 568 εὐρυθμίας
1124 527 1172 555 τε
1209 509 1282 554 καὶ
1307 506 1497 567 εὐαρμο-

85 582 207 631 στίας
233 581 383 624 δεῖται.
412 582 475 623 ἔτι
497 581 652 623 τοίνυν
675 574 782 637 πρὸς
805 574 974 632 τούτοις
1000 581 1061 631 εἰς
1080 581 1370 636 παιδοτρίβου
1388 577 1499 634 πέμ-

86 660 262 703 πουσιν,
288 649 362 691 ἴνα
385 644 438 692 τὰ
462 643 641 704 σώματα
665 649 822 703 βελτίω
848 649 1018 703 ἔχοντες
1049 643 1300 704 ὑπηρετῶσι
1323 646 1376 703 τῇ
1396 647 1494 689 δια-

85 719 186 774 νοία
210 716 376 774 χρηστῇ
407 711 541 774 οὔσῃ,
575 714 648 758 καὶ
678 712 737 772 μὴ
769 711 1098 771 ἀναγκάζωνται
1129 711 1390 759 ἀποδειλιᾶν
1422 710 1494 757 διὰ
1521 720 1548 754 C

88 780 172 840 τὴν
194 786 414 842 πονηρίαν
436 784 526 828 τῶν
556 779 772 840 σωμάτων
807 782 882 827 καὶ
914 783 962 827 ἐν
991 793 1082 836 τοῖς
1114 783 1317 840 πολέμοις
1352 781 1426 826 καὶ
1452 782 1500 825 ἐν

180 937 313 971 Ρ.326.
351 937 393 970 Β.
435 930 1024 980 ἐητιτοινυνπρὸςτούτοις]

1076 937 1195 971 Paris.
1228 937 1270 972 E.
1296 939 1332 970 et
1350 936 1449 971 Flor.
1466 936 1502 969 b.

90 976 182 1026 πρὸς
199 978 347 1022 τούτοις
364 983 549 1024 omittunt,
566 983 746 1025 probante
763 982 947 1016 Bekkero

89 1098 261 1137 metrum,
286 1090 468 1129 ἐντείνειν
491 1107 526 1128 τι
552 1098 607 1127 est
625 1095 766 1137 aliquid

90 1141 151 1174 vel
181 1141 329 1173 musicis
351 1140 465 1173 modis
495 1140 556 1173 vel
580 1151 689 1173 versu
711 1141 764 1172 in-

92 1186 263 1227 cludere;
299 1186 370 1218 hac
403 1185 672 1228 significatione
703 1196 766 1241 po-

91 1232 200 1263 situm
219 1234 274 1263 est
290 1231 477 1263 Phaedon.
471 1242 531 1283 Ρ.
549 1231 594 1263 60
609 1231 661 1263 D:
679 1228 765 1274 περὶ

92 1275 166 1309 τῶν
197 1270 419 1319 ποιημάτων
457 1267 510 1309 ὧν
540 1275 764 1328 πεποίηκας,

92 1316 262 1359 ἐντείνας
287 1321 352 1363 (sc.
378 1318 432 1360 εἰς
456 1317 545 1360 ἔπος
568 1331 596 1354 s.
625 1318 678 1359 εἰς
702 1318 766 1364 μέ-

91 1366 191 1444 τθιὶζ)
211 1360 298 1444 τούξ
314 1365 381 1445 voi
398 1361 573 1445 Αἰῖώαίου
591 1361 762 1410 λόγους..

91 1423 116 1444 α
186 1423 198 1444 ι
216 1423 276 1445 τιν
299 1423 317 1450 ς
332 1423 358 1454 μ
395 1423 443 1454 ηρ
468 1423 511 1445 ντ

91 1451 492 1546 σέἔῗζὲῗέᾝῖῗ]
537 1453 764 1555 ρῖξᾷξῖῑῗιξε

90 1547 264 1580 honestas
291 1557 483 1590 puerorum
513 1547 644 1579 animis
675 1548 764 1579 fletu

91 1594 288 1635 impressas
327 1602 410 1625 esse
446 1592 561 1624 tradit
595 1592 763 1643 Xenoph.

91 1637 339 1680 Cyrop.11.2‚
360 1639 419 1670 14:
442 1632 634 1689 κλαύμασι
652 1631 765 1670 διδα-

92 1683 225 1715 σκαλοι
242 1680 376 1715 παισὶν
394 1676 529 1726 αγαθά
546 1677 763 1726 μαθήματα

90 1726 357 1781 μηχανῶνται,
382 1728 479 1762 conf.
501 1728 652 1760 Aristot.
685 1728 765 1762 Pol.

91 1773 193 1807 V111.
220 1773 254 1804 5.
276 1783 322 1805 ov
344 1772 520 1824 παίζουσι
542 1767 766 1825 μανθανον-

92 1825 170 1856 τες·
190 1812 284 1860 μετὰ
302 1817 423 1859 λυπῆς
446 1829 517 1861 γαρ
540 1812 563 1860 ἡ
582 1813 764 1861 μάθησις.

92 1864 148 1896 De
167 1863 354 1895 sententia
374 1862 471 1895 idem
490 1863 617 1895 eodem
642 1865 770 1918 capite

94 1911 185 1941 extr.
202 1907 340 1940 πολλοί
360 1917 456 1964 φασι
474 1907 548 1941 τῶν
568 1907 700 1959 σοφῶν
730 1903 770 1940 οι

92 1964 162 2009 μεν
176 1948 380 2008 ἁρμονίαν
404 1949 505 1986 εἶναι
534 1947 606 1995 τὴν
622 1947 765 1996 ψυχήν,

91 1993 131 2031 οἱ
145 1992 186 2031 δ’
204 1995 305 2041 ἔχειν
315 1992 519 2051 ἁρμονίαν.

137 2043 180 2078 Β.
206 2042 279 2076 ινα
302 2038 590 2086 ἡμερώτεροί
612 2053 657 2075 τε
674 2052 766 2086 ωσι,

93 2086 173 2121 καὶ
198 2082 376 2132 ευριρ]
381 2098 466 2121 uam
488 2088 682 2131 praeclare
704 2099 768 2121 ve-

92 2137 191 2166 teres
215 2133 259 2165 de
288 2134 326 2166 vi
351 2135 388 2165 et
417 2133 586 2166 efficacia
607 2133 766 2166 musices

94 2179 296 2219 senserint,
321 2188 430 2220 quum
453 2179 559 2211 multi
583 2179 657 2211 loci
674 2179 766 2211 alio-

94 2234 170 2256 rum
202 2223 420 2266 scriptorum
449 2226 650 2264 testantur,
690 2226 766 2255 tum

92 2268 260 2302 Platonis
291 2269 405 2301 verba
437 2268 481 2301 de
512 2249 764 2311 Repub'l.111.

93 2325 128 2357 p.
161 2315 226 2347 401
259 2314 304 2348 D
338 2314 387 2354 Ε,
427 2314 491 2346 ubi
529 2315 627 2346 inter
666 2314 765 2368 ²alia.

93 2353 347 2396 καταδύεται,
334 2359 502 2414 inquit,
529 2356 582 2397 εἰς
599 2354 641 2391 τὸ
660 2353 766 2397 ἐντὸς

94 2403 162 2447 τῆς
179 2403 307 2460 ψυχῆς
329 2415 348 2436 ο
375 2413 415 2436 τε
438 2399 588 2456 ρυθμὸς
611 2403 677 2436 καὶ
701 2415 768 2447 αρ-

94 2449 236 2501 μονία,
244 2446 311 2482 καὶ
329 2441 680 2501 ἕρρωμενὲσταταῖ
653 2459 769 2481 απτε-

95 2505 157 2527 ται
183 2489 305 2546 αὐτῆς
339 2504 505 2536 φεροντα
533 2505 604 2547 την
635 2487 771 2544 εὐσχη-

95 2534 279 2592 μοσύνην,
311 2537 377 2572 καὶ
408 2541 517 2572 ποιεῖ
540 2533 767 2582 ευσχήμονα,

96 2578 163 2617 ἐάν
178 2596 235 2623 τις
250 2579 377 2638 ὀρθῶς
393 2583 534 2627 τραφῇ.
559 2583 676 2617 Stallb.

141 2628 229 2668 πᾶς
245 2640 328 2673 γαρ
346 2641 365 2662 ο
385 2628 484 2673 βίος
500 2621 561 2673 —]
595 2629 766 2662 Aristi-

97 2673 176 2706 des
226 2675 416 2727 Quintil.
460 2674 505 2706 de
548 2674 767 2709 Music.1.

96 2729 131 2761 p.
148 2720 188 2750 2.
219 2718 322 2752 πᾶσα
354 2715 486 2775 ἡλικία
518 2716 585 2752 καὶ
617 2713 768 2762 σύμπας

98 2762 196 2814 βίος,
231 2774 360 2797 απασα
385 2762 428 2798 δε
451 2763 588 2808 πρᾶξις
604 2764 766 2808 μουσικῇ

94 2803 192 2852 μόνη
214 2807 345 2848 τελέως
368 2822 416 2843 αν
438 2808 770 2853 κατακοσμηθείη.

98 2853 261 2887 Cicero
283 2855 333 2887 de
364 2855 501 2889 offic..
526 2855 554 2892 Ι,
577 2856 638 2888 40:
675 2854 768 2887 Sic-

835 1098 881 1127 ut
912 1095 956 1127 in
989 1094 1158 1127 fidibus
1193 1098 1268 1128 aut
1296 1095 1501 1135 intibiis,

834 1158 879 1163 —
902 1140 968 1172 sic
1000 1139 1237 1173 videndum
1271 1142 1339 1173 est
1370 1141 1414 1172 in
1445 1141 1505 1173 vi-

835 1188 900 1225 ta,
918 1195 969 1217 ne
994 1185 1112 1218 forte
1136 1185 1242 1227 quid
1259 1186 1503 1227 discrepet,

835 1230 907 1263 vel
931 1230 1070 1263 multo
1096 1231 1229 1263 etiam
1250 1231 1404 1273 magis,
1423 1241 1504 1272 quo

835 1277 976 1308 maior
1010 1279 1053 1308 et
1084 1276 1244 1309 melior
1277 1277 1506 1309 actionum

837 1331 969 1363 quam
1008 1331 1218 1354 sonorum
1258 1324 1505 1355 concentus

835 1369 916 1399 est.
933 1366 1053 1398 Statzb.

880 1407 945 1444 ἔτι
977 1411 1139 1445 τοίνυν
1168 1406 1280 1455 πρὸς
1304 1406 1504 1463 τούτοις]

833 1455 1020 1511 Aristoph.
1037 1457 1136 1490 Plut.
1154 1467 1187 1490 v.
1206 1459 1310 1490 1002·
1329 1452 1507 1499 καὶπρὸς

834 1495 896 1534 ἐπὶ
913 1497 1061 1540 τούτοις
1079 1497 1174 1535 εἷπε.
1222 1503 1279 1535 De
1304 1502 1417 1535 simili
1433 1512 1507 1535 ser-

832 1547 948 1579 monis
986 1547 1156 1580 ubertate
1193 1558 1227 1581 v.
1258 1547 1422 1581 Lobeck.
1462 1547 1509 1580 ad

830 1592 927 1634 Phry
930 1592 1027 1626 nich.
1045 1603 1079 1635 p.
1099 1594 1174 1625 754.

879 1603 947 1676 εἰς
992 1636 1307 1681 παιδοτρίβου
1352 1635 1505 1681 πέμπ.]

833 1683 945 1714 Pueri
962 1683 1071 1722 enim,
1088 1687 1282 1726 postquam
1298 1683 1509 1716 litterarum

836 1730 874 1759 et
906 1729 996 1760 artis
1034 1728 1196 1761 musicae
1234 1729 1342 1761 initia
1381 1738 1510 1771 perce-

834 1776 982 1815 perant,
1015 1773 1315 1815 paedotribarum
1347 1773 1510 1825 discipli-

834 1828 906 1850 nae
923 1818 1178 1860 tradebantur,
1203 1829 1225 1850 a
1242 1812 1400 1860 quibus
1390 1829 1429 1850 in
1445 1829 1511 1860 pa-

834 1862 985 1895 laestris
1008 1866 1125 1895 artem
1155 1874 1203 1907 gy
1179 1863 1426 1906 ymnast-icam
1448 1863 1512 1896 do-

836 1911 1018 1940 cerentur.
1043 1909 1159 1945 Plat.
1190 1909 1247 1940 De
1270 1908 1425 1960 Republ.
1441 1909 1509 1943 ΙΙΙ.

835 1964 869 1996 p.
902 1955 968 1986 403
1001 1953 1047 1985 C·
1100 1948 1195 1996 μετὰ
1229 1948 1284 2007 δὴ
1318 1948 1511 2010 μουσικὴν

833 1998 1071 2041 γυμναστικῇ
1093 1996 1275 2041 θρεπτέοι
1292 2009 1328 2032 οι
1345 1999 1510 2032 νεανί.αι

835 2043 1017 2078 Alcibiad.
1050 2045 1078 2076 I.
1109 2055 1143 2087 p
1171 2045 1234 2077 106
1258 2045 1288 2076 E
1338 2043 1512 2077 Socrates

838 2088 884 2120 ad
907 2088 1156 2122 Alcibiadem.
1200 2085 1344 2144 {unctiss-
1367 2085 1440 2141 γὰρ
1463 2084 1512 2122 συ’

836 2144 897 2176 γε,
915 2128 1014 2167 κατὰ
1031 2129 1184 2178 μνήμην
1207 2145 1319 2190 εμην,
1339 2145 1512 2177 γραμμα-

836 2190 883 2212 τα
904 2176 970 2212 καὶ
993 2179 1212 2222 κιθαρίζειν
1234 2177 1299 2212 καὶ
1317 2179 1511 2212 παλαίειν.

836 2224 1055 2267 Legg.V11.
1087 2236 1122 2268 p.
1148 2226 1214 2258 813
1238 2225 1269 2256 A
1293 2235 1371 2267 sqq.
1423 2224 1511 2259 Crit

834 2280 869 2312 p.
886 2270 930 2302 50
946 2270 990 2301 D.
1017 2270 1116 2302 Ans
1128 2270 1242 2312 toph.
1261 2270 1379 2302 Nubb.
1397 2280 1430 2303 v.
1448 2271 1514 2302 973

835 2315 924 2346 item
942 2317 1025 2357 post
1043 2315 1274 2347 citharistam
1290 2316 1515 2348 mentionem

837 2361 1006 2402 magistri
1037 2360 1260 2402 gymnastici
1291 2360 1396 2394 facit
1446 2360 1515 2392 Ce-

838 2408 956 2438 terum
987 2405 1270 2446 Hesychius,
1304 2405 1513 2446 Photius,

836 2450 921 2502 alii,
943 2460 977 2483 v.
1001 2448 1253 2493 παιδοτρίβης
1282 2460 1349 2492 per
1371 2461 1516 2494 γυμνα-

838 2476 927 2538 στής
956 2495 1257 2537 interpretantur.
1306 2496 1409 2528 Haec
1436 2496 1514 2528 fele

838 2540 957 2572 Stallb.
1006 2539 1212 2572 Dolendum
1237 2543 1310 2582 est,
1335 2540 1430 2582 quod
1448 2540 1513 2572 So-

840 2588 960 2617 crates
977 2584 1073 2617 hanc
1090 2595 1166 2617 rem
1187 2586 1284 2618 utin
1300 2586 1431 2628 vulgus
1450 2596 1510 2617 no-

838 2633 914 2662 tam
946 2629 1079 2662 leviter
1108 2630 1211 2663 modo
1244 2631 1370 2672 attigit
1417 2629 1513 2672 apud

837 2674 1004 2716 Xenoph.
1023 2674 1133 2708 Mem.
1149 2675 1217 2709 ΙΙΙ.
1236 2677 1268 2715 5,
1285 2677 1341 2717 22,
1365 2675 1427 2708 ubi
1442 2675 1511 2707 Pe

838 2720 921 2751 ricli
953 2720 1104 2752 minori:
1154 2716 1265 2762 οἶμαί
1286 2730 1345 2762 σε,
1380 2720 1511 2773 inquit,

836 2759 952 2797 οὐδὲν
979 2755 1102 2815 ἧττον
1103 2761 1225 2819 ἔχειν
1249 2745 1371 2798 εἰπεῖν
1400 2760 1514 2798 ὁπότε

837 2813 1062 2862 στρατηγεῖν
1084 2803 1110 2864 η’
1127 2821 1266 2842 οποτε
1288 2809 1516 2843 παλαίειν

834 2849 954 2898 ἤρξω
971 2855 1200 2897 μανθανειν.
1219 2854 1260 2887 Id
1274 2866 1361 2889 vero
1370 2855 1519 2889 dubium

1195 2909 1256 2952 6*
