1748 2944
481 153 724 194 GORGIAS.
751 153 797 192 P.
827 155 922 191 490.
951 151 1011 191 ed.
1041 151 1099 191 St.
1372 151 1453 187 223

109 263 188 308 τὸν
215 265 365 318 βελτίω
393 261 523 307 πλέον
547 264 638 306 δεῖν
665 260 796 316 ἕχεινς
839 263 976 303 ΚΑΛ.
1011 256 1076 303 Οὐ
1105 260 1251 303 σιτίων
1277 273 1325 313 γε
1353 255 1455 301 οὐδὲ

110 334 267 374 ποτῶν.
324 332 426 372 Σῼ.
457 330 699 380 Μανθάνω,
729 329 816 370 ἀλλ’
846 328 948 376 ἴσως
975 327 1162 381 ἱματίων,
1191 324 1263 369 καὶ
1289 325 1356 367 δεῖ
1378 320 1456 366 τὸν

111 392 467 451 ὖφαντικεότατον
504 393 702 450 μέγιστον
739 394 906 448 ἱμάτιον
944 389 1053 447 ἔχειν
1087 392 1159 434 καὶ
1184 394 1357 434 πλεῖστα
1386 389 1457 432 καὶ

110 463 310 504 κάλλιστα
329 461 624 516 ἀμπεχόμενον
643 457 858 513 περιιέναι.
917 460 1054 500 ΚΑΛ.
1087 458 1236 500 Ποίων
1255 457 1456 512 ἱματίων;

114 530 211 570 ΣΩ.
235 522 350 569 Ἀλλ’
379 527 437 576 εἰς
464 525 717 580 ὑποδήματα
744 525 877 578 δῆλον
906 521 970 566 ὅτι
997 524 1063 566 δεῖ
1088 526 1354 566 πλεονεκτεῖν
1380 519 1459 564 τὸν

114 591 438 647 φρονιμώτερον
472 592 530 641 εἰς
565 594 699 633 ταῦτα
726 590 798 633 καὶ
826 589 1055 643 βέλτιστον.
1084 586 1162 631 τὸν
1192 589 1458 643 σκυτοτόμον
1487 585 1525 628 Ε

111 658 213 707 ἴσως
251 655 426 712 μέγιστα
462 658 528 700 δεῖ
560 657 814 711 ὑποδήματα
850 654 920 697 καὶ
947 658 1120 697 πλεῖστα
1146 655 1460 709 ὑποδεδεμένον

116 727 373 777 περιπατεῖν.
431 725 566 765 ΚΑΛ.
618 724 733 764 Ποῖα
768 721 1046 776 ὑποδήματα;
1086 723 1292 774 φλυαρεῖς
1330 718 1459 775 ἔχωνς

114 791 211 831 ΣΩ.
245 785 363 830 Ἀλλ’
405 790 441 831 εἰ
476 788 533 844 μὴ
571 788 623 830 τὰ
658 791 835 830 τοιαῦτα
872 786 1025 841 λέγεις,
1065 787 1168 836 ἴσως
1203 787 1255 828 τὰ
1293 787 1457 829 τοιάδε·

115 850 210 896 οἷον
246 851 481 908 γεωργικὸν
515 854 652 908 ἄνδρα
678 853 775 907 περὶ
802 859 886 908 ’γῆν
913 853 1128 907 φρόνιμόν
1157 866 1199 893 τε
1227 852 1298 895 καὶ
1325 849 1461 896 καλὸν

114 919 184 961 καὶ
212 921 405 974 α’γαθόν,
445 922 602 962 τοῦτον
630 920 682 973 δὴ
711 920 812 969 ἴσως
840 921 905 961 δεῖ
928 922 1196 961 πλεονεκτεῖν
1224 922 1310 960 τῶν
1337 929 1459 971 σπερ-

114 1001 259 1039 ματων
299 984 371 1027 καὶ
399 985 456 1034 ὡς
482 986 662 1041 πλείστῳ
690 984 896 1040 σπέρματι
923 989 1106 1039 χρῆσθαι
1134 985 1191 1034 εἰς
1218 1001 1298 1039 την
1325 985 1462 1027 αὑτοῦ

114 1058 207 1105 γῆν.
265 1053 399 1109 KAA.
443 1046 521 1118 6319
556 1051 620 1093 αεὶ
648 1047 782 1093 ταύτὰ
810 1049 963 1105 λέγεις,
1006 1051 1040 1092 ὠ
1068 1046 1307 1104 Σώκρατες.
1364 1053 1459 1092 ΣΩ..

119 1114 184 1158 Οὐ
211 1117 347 1171 μόνον
374 1132 433 1171 γε,
464 1111 499 1158 ὦ
530 1117 791 1167 Καλλίκλεις,
835 1115 940 1158 αλλα
967 1115 1039 1158 καὶ
1067 1115 1163 1169 περὶ
1190 1131 1277 1158 των
1304 1111 1460 1158 αὐτῶν.

182 1241 226 1273 D.
275 1238 477 1282 Πότερον
501 1235 582 1272 οὖν
607 1238 680 1273 τὸν
707 1239 796 1283 φρ.]
823 1236 866 1272 ov’
889 1239 1004 1272 Clark.
1030 1240 1105 1273 Vat.

183 1285 313 1318 πλέον
338 1285 436 1318 δεῖν
460 1286 543 1327 ἔχει
555 1284 592 1328 ν]
619 1285 674 1317 δεῖ
688 1285 791 1318 Vind.
810 1284 842 1318 6.
865 1285 962 1318 Bodl.
979 1290 1013 1318 et
1028 1286 1169 1318 Meerm.
1204 1285 1290 1318 Item
1308 1285 1413 1318 Vind.
1430 1285 1460 1317 1.

117 1330 222 1363 πλέον
244 1328 286 1374 δὴ
306 1331 405 1373 ἔχειν,
429 1331 461 1363 11.
488 1342 517 1363 0.
542 1330 601 1363 δεῖ
607 1342 617 1363 .·
640 1335 722 1363 nata
745 1332 837 1363 enim
861 1341 903 1362 ea
926 1332 1096 1373 scriptura
1118 1341 1161 1363 ex
1184 1331 1352 1364 itacismo.
1395 1331 1462 1364 Sed

116 1376 308 1408 infinitivus
332 1387 375 1409 ex
398 1376 617 1419 praecedenti
640 1377 747 1420 λέγεις
770 1386 958 1418 suspensus
982 1380 1045 1409 est.

185 1421 304 1454 Ποίω
321 1434 339 1453 ν
373 1421 527 1462 ἱματίω
539 1421 597 1466 ν,·]
623 1421 745 1454 Ποίων
769 1421 809 1454 δὲ
833 1421 998 1462 ἱματίων,·
1031 1422 1123 1455 Flor.
1148 1434 1177 1454 a.
1203 1433 1232 1455 c.
1256 1433 1300 1453 m.
1327 1433 1357 1454 ο.
1382 1431 1461 1454 011111

117 1467 168 1500 ed.
193 1468 272 1499 Bas.
295 1465 327 1502 2.
351 1466 450 1500 male.

186 1511 262 1544 τὸν
293 1510 635 1554 φρονιμώτερον
665 1512 731 1547 εἰς
765 1515 891 1544 ταῦτα
922 1513 991 1545 καὶ
1024 1511 1278 1555 βέλτιστον]
1316 1514 1395 1546 Bas.
1427 1511 1460 1546 2.

117 1561 151 1590 et
172 1558 263 1590 Flor.
287 1569 321 1590 x.
353 1555 410 1590 τὸν
441 1557 721 1600 φρονιμώτατον,
757 1558 847 1600 quod
878 1557 1073 1601 requirebat
1101 1558 1299 1599 Heindorf.,
1329 1569 1461 1601 recepe-

117 1607 199 1635 runt
221 1604 323 1636 etiam
347 1603 418 1635 alii.
464 1604 566 1637 Nunc
595 1608 711 1636 tamen
740 1603 902 1636 tuendam
926 1614 1106 1636 censemus
1130 1605 1334 1647 optimorum
1358 1604 1462 1638 libro-

115 1659 191 1680 rum
223 1649 436 1691 scripturam.
483 1650 571 1682 Nam
602 1660 668 1682 nec
701 1650 951 1702 comparativus
981 1661 1042 1693 per
1074 1660 1110 1682 se
1134 1651 1270 1692 ineptus
1293 1655 1362 1690 est,
1397 1660 1461 1682 nec

117 1695 190 1726 cius
214 1704 292 1726 cum
317 1694 528 1737 superlativo
553 1695 764 1728 consociatio
788 1706 889 1738 aegre
911 1696 1062 1728 ferenda.
1086 1707 1120 1730 v.
1143 1695 1278 1729 Phileb.
1301 1695 1449 1739 p.55.D

117 1740 169 1771 De
195 1740 345 1793 Republ.
376 1740 470 1772 VIII.
500 1750 532 1783 p.
557 1739 633 1773 564.
657 1741 698 1773 Β.
728 1740 940 1794 Bernhardy.
974 1741 1071 1784 Synt.
1104 1752 1134 1784 p.
1167 1740 1244 1775 436.
1293 1741 1463 1774 Videlicet

119 1795 382 1828 φρονιμωτερος
405 1789 458 1818 est
479 1796 563 1819 non
587 1790 669 1818 tam
693 1786 930 1830 insipiens.

118 1897 371 1952 Aeschylus
388 1895 514 1952 Suppl
537 1908 570 1930 V.
592 1897 677 1931 249:
703 1899 752 1930 ει-

121 1954 226 1985 ρηκας
238 1940 330 1984 ἀμφὶ
344 1941 476 1982 κόσμοι·
488 1940 627 1986 ἀψευδῆ
640 1942 754 1987 λόγον.

119 1988 219 2029 Quod
271 1987 407 2021 additur
457 1988 513 2021 καὶ
570 1990 755 2031 φλυαρίας,

118 2044 362 2076 saepenumero
381 2034 537 2076 pluribus
553 2034 657 2067 rebus
674 2045 756 2067 enu-

118 2081 257 2113 meratis
290 2081 460 2120 φλυαριά,
501 2081 624 2122 λῆρος,
671 2078 755 2123 φλή-

122 2136 236 2166 ναφος
249 2128 284 2158 et
299 2125 426 2158 similia
442 2124 673 2158 subiiciuntur
696 2136 756 2167 per

119 2167 380 2213 ἁπροςδόκητον
423 2170 606 2213 quoddam.
656 2171 755 2203 Conf.

119 2216 210 2247 infra
231 2226 264 2258 p.
287 2214 363 2250 519.
380 2216 420 2247 A.
453 2216 628 2249 Phaedon.
650 2228 684 2259 p.
700 2216 755 2250 66.

823 1902 856 1931 et
895 1897 970 1931 133.
1010 1898 1054 1930 ad
1093 1899 1269 1942 Protagor.
1307 1909 1340 1942 p.
1375 1898 1463 1938 365„

823 1944 948 1986 quibus
973 1943 1140 1976 accedant
1166 1955 1253 1986 quae
1277 1946 1396 1978 notavi
1420 1946 1463 1978 ad

823 1989 927 2032 Hipp.
964 1990 1047 2022 Mai.
1092 2000 1124 2032 p.
1159 1989 1235 2023 285.
1267 1991 1311 2023 D.
1379 1992 1463 2023 Mox

822 2035 990 2077 apertiore
1050 2036 1153 2068 etiam
1212 2036 1462 2079 indignationis

823 2079 1075 2123 significatione
1105 2081 1230 2114 dicitur
1261 2082 1354 2114 Ποῖα
1378 2080 1461 2115 ὑπο-

825 2125 973 2168 δήματα,·
1000 2127 1169 2168 φλυαρεῖς
1194 2127 1301 2169 Elam,-
1326 2128 1367 2160 de
1395 2139 1462 2170 qua

822 2172 1018 2204 formulaV.
1035 2172 1268 2205 Hermann.
1286 2173 1327 2206 ad
1346 2174 1415 2216 Vig
1416 2185 1462 2206 er.

822 2228 855 2260 p.
880 2215 955 2250 777.
990 2218 1220 2251 Matthiae.
1248 2219 1305 2251 Gr.
1332 2220 1362 2259 ἓ.
1386 2185 1463 2253 5867.

121 2261 168 2293 C:
193 2259 335 2302 ἐρώτων
349 2259 388 2293 δὲ
402 2260 457 2293 καὶ
483 2260 679 2301 ἐπιθυμιῶν
699 2262 754 2294 καὶ

122 2304 249 2348 φόβων
273 2306 328 2338 καὶ
351 2304 509 2338 εἰδώλων
523 2307 756 2340 παντοδαπῶν

119 2351 174 2384 καὶ
191 2352 364 2392 φλυαρίας
376 2351 569 2395 ἐμπίπλησι.
581 2364 613 2385 V.
627 2354 755 2396 Toup.

120 2397 164 2430 ad
195 2398 331 2440 Fragm.
367 2396 514 2439 Longin.
548 2409 580 2440 Ρ.
611 2397 687 2432 400.
723 2403 757 2431 et

122 2441 289 2475 Iacobs.
314 2441 429 2474 Addit.
450 2443 485 2474 in
503 2443 628 2476 Athen.
651 2455 684 2486 p.
701 2443 755 2477 49.

167 2489 211 2520 D.
239 2487 379 2520 Ποίων
400 2486 620 2532 ἱματίων;]
643 2488 755 2528 Quas

121 2536 166 2565 tu
189 2532 300 2565 mihi
324 2536 473 2564 vestes
496 2535 677 2567 narras?
701 2535 757 2567 In-

122 2577 297 2621 dignantis
328 2577 413 2610 haec
443 2578 663 2622 interrogatio
694 2585 756 2621 est,

121 2624 219 2655 cuius
251 2623 410 2666 exempla
438 2623 604 2657 dederunt
626 2625 757 2658 Heus-

122 2667 219 2702 dius
268 2669 414 2711 Specim.
463 2669 570 2701 critic.
611 2680 645 2712 p.
681 2670 756 2704 108.

121 2713 346 2747 Heindorf.
379 2714 423 2746 ad
451 2715 595 2747 Phaedr.
625 2725 658 2757 Ρ.
682 2715 757 2749 111.

824 2263 1029 2295 Germanice
1044 2264 1131 2295 haec
1146 2265 1195 2296 ita
1213 2264 1351 2298 reddas:
1384 2264 1464 2297 Was

822 2307 900 2340 hast
911 2308 960 2343 du
974 2319 1055 2350 nur,
1077 2309 1158 2342 dass
1175 2309 1222 2342 du
1238 2310 1322 2343 doch.
1344 2310 1464 2343 immer

822 2365 886 2386 von
919 2351 1080 2386 Schulzen
1116 2354 1328 2388 schwatzest?
1372 2356 1463 2389 Ante

824 2396 884 2431 τὸν
909 2397 1118 2439 σκυτοτόμον
1139 2400 1226 2434 ἴσως
1250 2412 1282 2440 μ.
1309 2400 1338 2433 δ.
1363 2412 1463 2434 1101110

824 2445 983 2487 copulam
1029 2444 1251 2487 desiderabit,
1299 2447 1358 2489 qui
1394 2458 1463 2480 me-

823 2491 960 2522 minerit
1014 2490 1244 2523 membrorum
1290 2492 1463 2535 paralleli-

823 2546 934 2568 smum
959 2537 1136 2577 aspernari
1160 2537 1270 2586 solere
1296 2539 1463 2571 orationis

823 2580 974 2613 vincula.

825 2627 908 2658 ‘'E.
933 2623 993 2659 Ὡς
1014 2622 1081 2658 αἐὶ
1105 2624 1233 2660 ταύτὰ
1254 2627 1462 2672 λέγεις-]

825 2673 865 2705 111
895 2670 1025 2703 talibus
1049 2669 1096 2704 ὥς
1120 2673 1337 2705 exclamandi
1360 2673 1465 2706 habet

824 2715 1129 2760 significationem:
1155 2719 1209 2750 Ut
1231 2723 1276 2750 tu
1299 2729 1463 2762 semper
