<?xml version="1.0" encoding="UTF-8"?>
<!DOCTYPE html PUBLIC "-//W3C//DTD XHTML 1.0 Transitional//EN"
    "http://www.w3.org/TR/xhtml1/DTD/xhtml1-transitional.dtd">
<html xmlns="http://www.w3.org/1999/xhtml" xml:lang="en" lang="en">
 <head>
  <title>
</title>
<meta http-equiv="Content-Type" content="text/html;charset=utf-8" />
  <meta name='ocr-system' content='tesseract 3.04.00' />
  <meta name='ocr-capabilities' content='ocr_page ocr_carea ocr_par ocr_line ocrx_word'/>
</head>
<body>
  <div class='ocr_page' id='page_1' title='image "./operaomniarecens02platuoft/operaomniarecens02platuoft_0119.png"; bbox 0 0 1702 2924; ppageno 0'>
   <div class='ocr_carea' id='block_1_1' title="bbox 480 225 1467 267">
    <p class='ocr_par' dir='ltr' id='par_1_1' title="bbox 480 225 1467 267">
     <span class='ocr_line' id='line_1_1' title="bbox 480 225 1467 267; baseline 0.002 -2"><span class='ocrx_word' id='word_1_1' title='bbox 480 225 724 266; x_wconf 80' lang='lat' dir='ltr'><strong>GORGIAS.</strong></span> <span class='ocrx_word' id='word_1_2' title='bbox 753 226 798 266; x_wconf 92' lang='lat' dir='ltr'><strong><em>P.</em></strong></span> <span class='ocrx_word' id='word_1_3' title='bbox 830 229 926 265; x_wconf 85' lang='lat'>456.</span> <span class='ocrx_word' id='word_1_4' title='bbox 955 228 1015 267; x_wconf 91' lang='lat' dir='ltr'><strong><em>ed.</em></strong></span> <span class='ocrx_word' id='word_1_5' title='bbox 1047 226 1104 266; x_wconf 79' lang='lat' dir='ltr'><strong><em>St.</em></strong></span> <span class='ocrx_word' id='word_1_6' title='bbox 1391 230 1467 267; x_wconf 88' lang='lat'><strong><em>113</em></strong></span> 
     </span>
    </p>
   </div>
   <div class='ocr_carea' id='block_1_2' title="bbox 107 334 1545 981">
    <p class='ocr_par' dir='ltr' id='par_1_2' title="bbox 107 334 1545 981">
     <span class='ocr_line' id='line_1_2' title="bbox 110 334 1545 391; baseline 0.004 -15"><span class='ocrx_word' id='word_1_7' title='bbox 110 334 193 390; x_wconf 87' lang='grc' dir='ltr'><strong><em>νίᾳ.</em></strong></span> <span class='ocrx_word' id='word_1_8' title='bbox 222 334 294 377; x_wconf 85' lang='grc' dir='ltr'><strong><em>καὶ</em></strong></span> <span class='ocrx_word' id='word_1_9' title='bbox 323 334 406 390; x_wconf 79' lang='grc' dir='ltr'><strong><em>γὰρ</em></strong></span> <span class='ocrx_word' id='word_1_10' title='bbox 433 342 485 390; x_wconf 85' lang='grc' dir='ltr'><strong><em>τῇ</em></strong></span> <span class='ocrx_word' id='word_1_11' title='bbox 512 337 618 390; x_wconf 81' lang='grc' dir='ltr'><strong><em>ἄλλῃ</em></strong></span> <span class='ocrx_word' id='word_1_12' title='bbox 646 335 814 391; x_wconf 78' lang='grc' dir='ltr'><strong><em>α’γωνίᾳ</em></strong></span> <span class='ocrx_word' id='word_1_13' title='bbox 854 336 908 378; x_wconf 89' lang='grc' dir='ltr'><strong><em>οὐ</em></strong></span> <span class='ocrx_word' id='word_1_14' title='bbox 936 336 1094 378; x_wconf 84' lang='grc' dir='ltr'><strong><em>τούτου</em></strong></span> <span class='ocrx_word' id='word_1_15' title='bbox 1121 334 1246 379; x_wconf 77' lang='grc' dir='ltr'><strong><em>ἕνεκα</em></strong></span> <span class='ocrx_word' id='word_1_16' title='bbox 1274 337 1341 379; x_wconf 87' lang='grc' dir='ltr'><strong><em>δεῖ</em></strong></span> <span class='ocrx_word' id='word_1_17' title='bbox 1364 336 1472 391; x_wconf 85' lang='grc' dir='ltr'><strong><em>πρὸς</em></strong></span> <span class='ocrx_word' id='word_1_18' title='bbox 1501 340 1545 382; x_wconf 94' lang='lat' dir='ltr'><strong>D</strong></span> 
     </span>
     <span class='ocr_line' id='line_1_3' title="bbox 108 399 1467 456; baseline 0.003 -14"><span class='ocrx_word' id='word_1_19' title='bbox 108 399 301 450; x_wconf 79' lang='grc' dir='ltr'><strong><em>ἅπαντας</em></strong></span> <span class='ocrx_word' id='word_1_20' title='bbox 327 405 514 455; x_wconf 80' lang='grc' dir='ltr'><strong><em>χρῆσθαι</em></strong></span> <span class='ocrx_word' id='word_1_21' title='bbox 553 401 840 455; x_wconf 71' lang='grc' dir='ltr'><em>ἀνθρώπους,</em></span> <span class='ocrx_word' id='word_1_22' title='bbox 882 400 947 444; x_wconf 82' lang='grc' dir='ltr'><strong><em>ὅτι</em></strong></span> <span class='ocrx_word' id='word_1_23' title='bbox 974 399 1123 456; x_wconf 59' lang='grc' dir='ltr'><strong><em>,ἔμαθε</em></strong></span> <span class='ocrx_word' id='word_1_24' title='bbox 1168 403 1396 446; x_wconf 82' lang='grc' dir='ltr'><strong><em>πυκτεύειν</em></strong></span> <span class='ocrx_word' id='word_1_25' title='bbox 1424 417 1467 445; x_wconf 87' lang='grc' dir='ltr'><strong><em>τε</em></strong></span> 
     </span>
     <span class='ocr_line' id='line_1_4' title="bbox 108 463 1468 523; baseline 0.002 -15"><span class='ocrx_word' id='word_1_26' title='bbox 108 465 179 508; x_wconf 83' lang='grc' dir='ltr'><strong><em>καὶ</em></strong></span> <span class='ocrx_word' id='word_1_27' title='bbox 205 467 534 520; x_wconf 77' lang='grc' dir='ltr'><em>παγκρατιάζειν</em></span> <span class='ocrx_word' id='word_1_28' title='bbox 555 465 626 508; x_wconf 88' lang='grc' dir='ltr'><strong><em>καὶ</em></strong></span> <span class='ocrx_word' id='word_1_29' title='bbox 646 466 693 508; x_wconf 82' lang='grc' dir='ltr'><strong><em>ἐν</em></strong></span> <span class='ocrx_word' id='word_1_30' title='bbox 716 463 864 517; x_wconf 80' lang='grc' dir='ltr'><strong><em>ὅπλοις</em></strong></span> <span class='ocrx_word' id='word_1_31' title='bbox 882 467 1112 522; x_wconf 79' lang='grc' dir='ltr'><strong><em>μάχεσθαι,</em></strong></span> <span class='ocrx_word' id='word_1_32' title='bbox 1140 465 1241 518; x_wconf 77' lang='grc' dir='ltr'><strong><em>ὥςτε</em></strong></span> <span class='ocrx_word' id='word_1_33' title='bbox 1264 469 1468 523; x_wconf 80' lang='grc' dir='ltr'><strong><em>κρείττων</em></strong></span> 
     </span>
     <span class='ocr_line' id='line_1_5' title="bbox 109 527 1468 589; baseline 0.004 -17"><span class='ocrx_word' id='word_1_34' title='bbox 109 527 219 573; x_wconf 79' lang='grc' dir='ltr'><strong><em>εἶναι</em></strong></span> <span class='ocrx_word' id='word_1_35' title='bbox 246 531 316 573; x_wconf 87' lang='grc' dir='ltr'><strong><em>καὶ</em></strong></span> <span class='ocrx_word' id='word_1_36' title='bbox 343 532 483 584; x_wconf 86' lang='grc' dir='ltr'><strong><em>φίλων</em></strong></span> <span class='ocrx_word' id='word_1_37' title='bbox 509 531 580 574; x_wconf 88' lang='grc' dir='ltr'><strong><em>καὶ</em></strong></span> <span class='ocrx_word' id='word_1_38' title='bbox 609 531 798 587; x_wconf 77' lang='grc' dir='ltr'><strong><em>ἐχθρῶν·</em></strong></span> <span class='ocrx_word' id='word_1_39' title='bbox 840 533 894 575; x_wconf 87' lang='grc' dir='ltr'><strong><em>οὐ</em></strong></span> <span class='ocrx_word' id='word_1_40' title='bbox 921 534 1079 576; x_wconf 87' lang='grc' dir='ltr'><strong><em>τούτου</em></strong></span> <span class='ocrx_word' id='word_1_41' title='bbox 1108 532 1234 576; x_wconf 79' lang='grc' dir='ltr'><strong><em>ἕνεκα</em></strong></span> <span class='ocrx_word' id='word_1_42' title='bbox 1259 534 1362 584; x_wconf 79' lang='grc' dir='ltr'><strong><em>τοὺς</em></strong></span> <span class='ocrx_word' id='word_1_43' title='bbox 1400 536 1468 589; x_wconf 85' lang='grc' dir='ltr'><strong><em>φί-</em></strong></span> 
     </span>
     <span class='ocr_line' id='line_1_6' title="bbox 107 596 1466 650; baseline 0.003 -12"><span class='ocrx_word' id='word_1_44' title='bbox 107 599 210 646; x_wconf 88' lang='grc' dir='ltr'><strong><em>λους</em></strong></span> <span class='ocrx_word' id='word_1_45' title='bbox 238 597 304 639; x_wconf 84' lang='grc' dir='ltr'><strong><em>δεῖ</em></strong></span> <span class='ocrx_word' id='word_1_46' title='bbox 326 598 512 650; x_wconf 82' lang='grc' dir='ltr'><strong><em>τύπτειν,</em></strong></span> <span class='ocrx_word' id='word_1_47' title='bbox 541 596 642 639; x_wconf 82' lang='grc' dir='ltr'><strong><em>οὐδὲ</em></strong></span> <span class='ocrx_word' id='word_1_48' title='bbox 668 601 834 640; x_wconf 79' lang='grc' dir='ltr'><strong><em>κεντεῖν</em></strong></span> <span class='ocrx_word' id='word_1_49' title='bbox 853 613 897 640; x_wconf 86' lang='grc' dir='ltr'><strong><em>τε</em></strong></span> <span class='ocrx_word' id='word_1_50' title='bbox 919 598 992 641; x_wconf 83' lang='grc' dir='ltr'><strong><em>καὶ</em></strong></span> <span class='ocrx_word' id='word_1_51' title='bbox 1011 599 1334 643; x_wconf 80' lang='grc' dir='ltr'><strong><em>ἀποκτιννύναι.</em></strong></span> <span class='ocrx_word' id='word_1_52' title='bbox 1366 599 1466 642; x_wconf 84' lang='grc' dir='ltr'><strong><em>οὐδέ</em></strong></span> 
     </span>
     <span class='ocr_line' id='line_1_7' title="bbox 107 662 1467 721; baseline 0.004 -18"><span class='ocrx_word' id='word_1_53' title='bbox 107 677 154 717; x_wconf 81' lang='grc' dir='ltr'><strong><em>γε</em></strong></span> <span class='ocrx_word' id='word_1_54' title='bbox 180 662 239 717; x_wconf 82' lang='grc' dir='ltr'><strong><em>μὰ</em></strong></span> <span class='ocrx_word' id='word_1_55' title='bbox 268 663 354 704; x_wconf 89' lang='grc' dir='ltr'><strong><em>Δία</em></strong></span> <span class='ocrx_word' id='word_1_56' title='bbox 384 662 459 704; x_wconf 77' lang='grc' dir='ltr'><strong><em>ἐάν</em></strong></span> <span class='ocrx_word' id='word_1_57' title='bbox 496 677 558 712; x_wconf 87' lang='grc' dir='ltr'><strong><em>τις</em></strong></span> <span class='ocrx_word' id='word_1_58' title='bbox 600 663 659 713; x_wconf 86' lang='grc' dir='ltr'><strong><em>εἰς</em></strong></span> <span class='ocrx_word' id='word_1_59' title='bbox 696 664 962 718; x_wconf 81' lang='grc' dir='ltr'><strong><em>παλαίστραν</em></strong></span> <span class='ocrx_word' id='word_1_60' title='bbox 1001 666 1234 719; x_wconf 83' lang='grc' dir='ltr'><strong><em>φοιτήσας,</em></strong></span> <span class='ocrx_word' id='word_1_61' title='bbox 1275 662 1321 708; x_wconf 84' lang='grc' dir='ltr'><strong><em>εὗ</em></strong></span> <span class='ocrx_word' id='word_1_62' title='bbox 1359 664 1467 721; x_wconf 79' lang='grc' dir='ltr'><strong><em>ἔχων</em></strong></span> 
     </span>
     <span class='ocr_line' id='line_1_8' title="bbox 107 727 1466 785; baseline 0.003 -16"><span class='ocrx_word' id='word_1_63' title='bbox 107 728 155 769; x_wconf 90' lang='grc' dir='ltr'><strong><em>τὸ</em></strong></span> <span class='ocrx_word' id='word_1_64' title='bbox 185 731 306 782; x_wconf 76' lang='grc' dir='ltr'><strong><em>σῶμα</em></strong></span> <span class='ocrx_word' id='word_1_65' title='bbox 333 727 405 770; x_wconf 87' lang='grc' dir='ltr'><strong><em>καὶ</em></strong></span> <span class='ocrx_word' id='word_1_66' title='bbox 431 729 636 778; x_wconf 84' lang='grc' dir='ltr'><strong><em>πυκτικὸς</em></strong></span> <span class='ocrx_word' id='word_1_67' title='bbox 662 729 906 783; x_wconf 78' lang='grc' dir='ltr'><strong><em>γενόμενος,</em></strong></span> <span class='ocrx_word' id='word_1_68' title='bbox 936 727 1079 772; x_wconf 78' lang='grc' dir='ltr'><strong><em>ἔπειτα</em></strong></span> <span class='ocrx_word' id='word_1_69' title='bbox 1106 730 1182 772; x_wconf 89' lang='grc' dir='ltr'><strong><em>τὸν</em></strong></span> <span class='ocrx_word' id='word_1_70' title='bbox 1210 729 1371 785; x_wconf 79' lang='grc' dir='ltr'><strong><em>πατέρα</em></strong></span> <span class='ocrx_word' id='word_1_71' title='bbox 1397 732 1466 773; x_wconf 86' lang='grc' dir='ltr'><strong><em>τύ-</em></strong></span> 
     </span>
     <span class='ocr_line' id='line_1_9' title="bbox 107 790 1467 851; baseline 0.004 -17"><span class='ocrx_word' id='word_1_72' title='bbox 107 807 189 848; x_wconf 86' lang='grc' dir='ltr'><strong><em>πτῃ</em></strong></span> <span class='ocrx_word' id='word_1_73' title='bbox 228 793 298 835; x_wconf 84' lang='grc' dir='ltr'><strong><em>καὶ</em></strong></span> <span class='ocrx_word' id='word_1_74' title='bbox 326 792 405 848; x_wconf 77' lang='grc' dir='ltr'><strong><em>τὴν</em></strong></span> <span class='ocrx_word' id='word_1_75' title='bbox 433 791 593 848; x_wconf 84' lang='grc' dir='ltr'><strong><em>μητέρα</em></strong></span> <span class='ocrx_word' id='word_1_76' title='bbox 635 790 664 848; x_wconf 79' lang='grc' dir='ltr'><strong><em>ἦ</em></strong></span> <span class='ocrx_word' id='word_1_77' title='bbox 705 797 837 837; x_wconf 82' lang='grc' dir='ltr'><strong><em>ἄλλον</em></strong></span> <span class='ocrx_word' id='word_1_78' title='bbox 875 794 971 837; x_wconf 82' lang='grc' dir='ltr'><strong><em>τινὰ</em></strong></span> <span class='ocrx_word' id='word_1_79' title='bbox 1000 798 1088 837; x_wconf 80' lang='grc' dir='ltr'><strong><em>τῶν</em></strong></span> <span class='ocrx_word' id='word_1_80' title='bbox 1127 796 1297 839; x_wconf 83' lang='grc' dir='ltr'><strong><em>οἰκείων</em></strong></span> <span class='ocrx_word' id='word_1_81' title='bbox 1324 793 1354 851; x_wconf 81' lang='grc' dir='ltr'><em>ἢ</em></span> <span class='ocrx_word' id='word_1_82' title='bbox 1379 800 1467 839; x_wconf 80' lang='grc' dir='ltr'><strong><em>τῶν</em></strong></span> 
     </span>
     <span class='ocr_line' id='line_1_10' title="bbox 108 859 1532 915; baseline 0.004 -17"><span class='ocrx_word' id='word_1_83' title='bbox 108 859 268 911; x_wconf 84' lang='grc' dir='ltr'><strong><em>φίλων,</em></strong></span> <span class='ocrx_word' id='word_1_84' title='bbox 312 859 365 901; x_wconf 86' lang='grc' dir='ltr'><strong><em>οὐ</em></strong></span> <span class='ocrx_word' id='word_1_85' title='bbox 391 859 550 902; x_wconf 89' lang='grc' dir='ltr'><strong><em>τούτου</em></strong></span> <span class='ocrx_word' id='word_1_86' title='bbox 587 859 710 902; x_wconf 80' lang='grc' dir='ltr'><strong><em>ἕνεκα</em></strong></span> <span class='ocrx_word' id='word_1_87' title='bbox 738 861 804 902; x_wconf 86' lang='grc' dir='ltr'><strong><em>δεῖ</em></strong></span> <span class='ocrx_word' id='word_1_88' title='bbox 828 860 930 909; x_wconf 82' lang='grc' dir='ltr'><strong><em>τοὺς</em></strong></span> <span class='ocrx_word' id='word_1_89' title='bbox 959 861 1238 915; x_wconf 83' lang='grc' dir='ltr'><strong><em>παιδοτρίβας</em></strong></span> <span class='ocrx_word' id='word_1_90' title='bbox 1264 861 1336 904; x_wconf 87' lang='grc' dir='ltr'><strong><em>καὶ</em></strong></span> <span class='ocrx_word' id='word_1_91' title='bbox 1363 862 1464 912; x_wconf 77' lang='grc' dir='ltr'><strong><em>τοὺς</em></strong></span> <span class='ocrx_word' id='word_1_92' title='bbox 1494 861 1532 903; x_wconf 89' lang='grc' dir='ltr'>Ε</span> 
     </span>
     <span class='ocr_line' id='line_1_11' title="bbox 109 922 1464 981; baseline 0.004 -17"><span class='ocrx_word' id='word_1_93' title='bbox 109 922 156 964; x_wconf 80' lang='grc' dir='ltr'><strong><em>ἐν</em></strong></span> <span class='ocrx_word' id='word_1_94' title='bbox 183 926 272 973; x_wconf 83' lang='grc' dir='ltr'><strong><em>τοῖς</em></strong></span> <span class='ocrx_word' id='word_1_95' title='bbox 300 923 447 975; x_wconf 82' lang='grc' dir='ltr'><strong><em>ὅπλοις</em></strong></span> <span class='ocrx_word' id='word_1_96' title='bbox 473 925 754 976; x_wconf 76' lang='grc' dir='ltr'><strong><em>διδάσκοντας</em></strong></span> <span class='ocrx_word' id='word_1_97' title='bbox 792 927 1000 981; x_wconf 78' lang='grc' dir='ltr'><strong><em>μάχεσθαι</em></strong></span> <span class='ocrx_word' id='word_1_98' title='bbox 1042 930 1182 981; x_wconf 84' lang='grc' dir='ltr'><strong><em>μισεῖν</em></strong></span> <span class='ocrx_word' id='word_1_99' title='bbox 1218 942 1261 969; x_wconf 89' lang='grc' dir='ltr'><strong><em>τε</em></strong></span> <span class='ocrx_word' id='word_1_100' title='bbox 1290 927 1361 970; x_wconf 80' lang='grc' dir='ltr'><strong><em>καὶ</em></strong></span> <span class='ocrx_word' id='word_1_101' title='bbox 1401 927 1464 970; x_wconf 80' lang='grc' dir='ltr'><strong><em>ἐκ·</em></strong></span> 
     </span>
    </p>
   </div>
   <div class='ocr_carea' id='block_1_3' title="bbox 105 1044 1464 1591">
    <p class='ocr_par' dir='ltr' id='par_1_3' title="bbox 106 1044 1463 1137">
     <span class='ocr_line' id='line_1_12' title="bbox 174 1044 1463 1127; baseline 0.005 -49"><span class='ocrx_word' id='word_1_102' title='bbox 174 1045 316 1089; x_wconf 80' lang='grc' dir='ltr'><strong><em>ὥςπερ</em></strong></span> <span class='ocrx_word' id='word_1_103' title='bbox 343 1050 388 1090; x_wconf 84' lang='grc' dir='ltr'><strong><em>τῇ</em></strong></span> <span class='ocrx_word' id='word_1_104' title='bbox 414 1044 516 1090; x_wconf 83' lang='grc' dir='ltr'><strong><em>ἄλλῃ</em></strong></span> <span class='ocrx_word' id='word_1_105' title='bbox 542 1046 596 1091; x_wconf 91' lang='grc' dir='ltr'><strong><em>π.]</em></strong></span> <span class='ocrx_word' id='word_1_106' title='bbox 622 1049 678 1081; x_wconf 84' lang='grc' dir='ltr'><strong><em>καὶ</em></strong></span> <span class='ocrx_word' id='word_1_107' title='bbox 703 1052 782 1092; x_wconf 90' lang='lat' dir='ltr'><strong><em>post</em></strong></span> <span class='ocrx_word' id='word_1_108' title='bbox 805 1047 919 1091; x_wconf 82' lang='grc' dir='ltr'><strong><em>ὥςπερ</em></strong></span> <span class='ocrx_word' id='word_1_109' title='bbox 945 1050 1103 1127; x_wconf 54' lang='grc' dir='ltr'><strong><em>ἱιιέειιιιιῐ</em></strong></span> <span class='ocrx_word' id='word_1_110' title='bbox 1117 1051 1196 1083; x_wconf 81' lang='lat' dir='ltr'>Par.</span> <span class='ocrx_word' id='word_1_111' title='bbox 1214 1050 1333 1084; x_wconf 87' lang='lat' dir='ltr'>BCV.</span> <span class='ocrx_word' id='word_1_112' title='bbox 1358 1050 1463 1084; x_wconf 88' lang='lat' dir='ltr'>Coisl.</span> 
     </span>
     <span class='ocr_line' id='line_1_13' title="bbox 106 1091 960 1150; baseline 0.005 -26"><span class='ocrx_word' id='word_1_113' title='bbox 106 1091 602 1147; x_wconf 40' lang='lat' dir='ltr'><strong><em>Flormanbwcdbmox</em></strong></span> <span class='ocrx_word' id='word_1_114' title='bbox 648 1094 859 1150; x_wconf 81' lang='lat' dir='ltr'>V.g.adpa</span> <span class='ocrx_word' id='word_1_115' title='bbox 883 1093 960 1128; x_wconf 87' lang='grc'><strong>457.</strong></span> 
     </span>
    </p>

    <p class='ocr_par' dir='ltr' id='par_1_4' title="bbox 107 1136 1463 1263">
     <span class='ocr_line' id='line_1_14' title="bbox 174 1136 1463 1183; baseline 0.003 -13"><span class='ocrx_word' id='word_1_116' title='bbox 174 1138 217 1170; x_wconf 92' lang='lat' dir='ltr'><strong><em>D.</em></strong></span> <span class='ocrx_word' id='word_1_117' title='bbox 243 1136 307 1170; x_wconf 87' lang='grc' dir='ltr'><strong><em>ὅτι</em></strong></span> <span class='ocrx_word' id='word_1_118' title='bbox 331 1138 471 1178; x_wconf 74' lang='grc' dir='ltr'><strong><em>ἔμαθε</em></strong></span> <span class='ocrx_word' id='word_1_119' title='bbox 495 1137 752 1183; x_wconf 81' lang='grc' dir='ltr'><strong><em>πυκτεύειν]</em></strong></span> <span class='ocrx_word' id='word_1_120' title='bbox 778 1140 820 1174; x_wconf 89' lang='lat' dir='ltr'><strong><em>V.</em></strong></span> <span class='ocrx_word' id='word_1_121' title='bbox 845 1138 895 1172; x_wconf 87' lang='grc' dir='ltr'><strong><em>ὅτι</em></strong></span> <span class='ocrx_word' id='word_1_122' title='bbox 919 1139 1031 1179; x_wconf 77' lang='grc' dir='ltr'><strong><em>ἔμαθέ</em></strong></span> <span class='ocrx_word' id='word_1_123' title='bbox 1055 1151 1102 1175; x_wconf 79' lang='grc' dir='ltr'><strong><em>τις</em></strong></span> <span class='ocrx_word' id='word_1_124' title='bbox 1122 1140 1318 1174; x_wconf 83' lang='grc' dir='ltr'><strong><em>πυκτεύειν.</em></strong></span> <span class='ocrx_word' id='word_1_125' title='bbox 1350 1141 1463 1174; x_wconf 83' lang='lat' dir='ltr'>Omisi</span> 
     </span>
     <span class='ocr_line' id='line_1_15' title="bbox 107 1182 1463 1220; baseline 0.004 -6"><span class='ocrx_word' id='word_1_126' title='bbox 107 1194 154 1217; x_wconf 79' lang='grc' dir='ltr'><strong><em>τις</em></strong></span> <span class='ocrx_word' id='word_1_127' title='bbox 184 1194 260 1216; x_wconf 83' lang='lat' dir='ltr'><strong><em>cum</em></strong></span> <span class='ocrx_word' id='word_1_128' title='bbox 293 1182 414 1217; x_wconf 83' lang='lat' dir='ltr'>Clark</span> <span class='ocrx_word' id='word_1_129' title='bbox 435 1184 540 1217; x_wconf 85' lang='lat' dir='ltr'>Coisl.</span> <span class='ocrx_word' id='word_1_130' title='bbox 566 1184 669 1217; x_wconf 92' lang='lat' dir='ltr'>Vind.</span> <span class='ocrx_word' id='word_1_131' title='bbox 694 1184 724 1217; x_wconf 93' lang='lat'><strong><em>1.</em></strong></span> <span class='ocrx_word' id='word_1_132' title='bbox 750 1184 782 1219; x_wconf 89' lang='grc'><strong><em>6.</em></strong></span> <span class='ocrx_word' id='word_1_133' title='bbox 815 1185 903 1218; x_wconf 89' lang='lat' dir='ltr'>Ven.</span> <span class='ocrx_word' id='word_1_134' title='bbox 927 1186 965 1218; x_wconf 89' lang='grc' dir='ltr'><strong><em>Ξ.</em></strong></span> <span class='ocrx_word' id='word_1_135' title='bbox 998 1186 1075 1218; x_wconf 85' lang='lat' dir='ltr'>Par.</span> <span class='ocrx_word' id='word_1_136' title='bbox 1095 1187 1250 1220; x_wconf 82' lang='lat' dir='ltr'>EFIW.</span> <span class='ocrx_word' id='word_1_137' title='bbox 1286 1187 1379 1220; x_wconf 91' lang='lat' dir='ltr'>Flor.</span> <span class='ocrx_word' id='word_1_138' title='bbox 1395 1188 1418 1220; x_wconf 84' lang='lat' dir='ltr'><strong><em>f.</em></strong></span> <span class='ocrx_word' id='word_1_139' title='bbox 1436 1197 1463 1220; x_wconf 88' lang='lat' dir='ltr'><strong><em>s.</em></strong></span> 
     </span>
     <span class='ocr_line' id='line_1_16' title="bbox 107 1228 686 1263; baseline 0.002 -2"><span class='ocrx_word' id='word_1_140' title='bbox 107 1232 141 1261; x_wconf 91' lang='lat' dir='ltr'><strong><em>et</em></strong></span> <span class='ocrx_word' id='word_1_141' title='bbox 164 1228 259 1261; x_wconf 82' lang='lat' dir='ltr'>editt.</span> <span class='ocrx_word' id='word_1_142' title='bbox 283 1228 363 1262; x_wconf 89' lang='lat' dir='ltr'>Ald.</span> <span class='ocrx_word' id='word_1_143' title='bbox 386 1230 468 1262; x_wconf 87' lang='lat' dir='ltr'>Bas.</span> <span class='ocrx_word' id='word_1_144' title='bbox 493 1229 528 1262; x_wconf 93' lang='lat'><strong><em>1.</em></strong></span> <span class='ocrx_word' id='word_1_145' title='bbox 549 1240 581 1262; x_wconf 84' lang='lat' dir='ltr'><strong><em>v.</em></strong></span> <span class='ocrx_word' id='word_1_146' title='bbox 607 1241 686 1263; x_wconf 78' lang='lat' dir='ltr'>ann.</span> 
     </span>
    </p>

    <p class='ocr_par' dir='ltr' id='par_1_5' title="bbox 107 1272 1464 1399">
     <span class='ocr_line' id='line_1_17' title="bbox 175 1272 1463 1319; baseline 0.003 -13"><span class='ocrx_word' id='word_1_147' title='bbox 175 1273 222 1306; x_wconf 82' lang='grc' dir='ltr'><strong><em>ἐν</em></strong></span> <span class='ocrx_word' id='word_1_148' title='bbox 254 1272 406 1308; x_wconf 80' lang='grc' dir='ltr'><strong><em>ὅπλοις</em></strong></span> <span class='ocrx_word' id='word_1_149' title='bbox 437 1273 677 1319; x_wconf 82' lang='grc' dir='ltr'><strong><em>μάχεσθαι]</em></strong></span> <span class='ocrx_word' id='word_1_150' title='bbox 725 1275 784 1308; x_wconf 81' lang='lat' dir='ltr'><strong><em>Sic</em></strong></span> <span class='ocrx_word' id='word_1_151' title='bbox 815 1275 903 1308; x_wconf 85' lang='lat' dir='ltr'>Ven.</span> <span class='ocrx_word' id='word_1_152' title='bbox 930 1276 968 1308; x_wconf 92' lang='grc' dir='ltr'><strong><em>Ξ.</em></strong></span> <span class='ocrx_word' id='word_1_153' title='bbox 1009 1276 1110 1309; x_wconf 89' lang='lat' dir='ltr'>Vind.</span> <span class='ocrx_word' id='word_1_154' title='bbox 1142 1276 1172 1309; x_wconf 94' lang='grc'><strong><em>1.</em></strong></span> <span class='ocrx_word' id='word_1_155' title='bbox 1202 1275 1233 1310; x_wconf 93' lang='grc'><strong><em>2.</em></strong></span> <span class='ocrx_word' id='word_1_156' title='bbox 1259 1276 1291 1310; x_wconf 92' lang='grc'><strong><em>6.</em></strong></span> <span class='ocrx_word' id='word_1_157' title='bbox 1317 1275 1348 1310; x_wconf 95' lang='grc'><strong><em>7.</em></strong></span> <span class='ocrx_word' id='word_1_158' title='bbox 1384 1278 1463 1311; x_wconf 85' lang='lat' dir='ltr'>Par.</span> 
     </span>
     <span class='ocr_line' id='line_1_18' title="bbox 109 1318 1464 1366; baseline 0.004 -15"><span class='ocrx_word' id='word_1_159' title='bbox 109 1318 304 1352; x_wconf 84' lang='lat' dir='ltr'>CFIVW.</span> <span class='ocrx_word' id='word_1_160' title='bbox 328 1330 453 1352; x_wconf 85' lang='lat' dir='ltr'>novem</span> <span class='ocrx_word' id='word_1_161' title='bbox 475 1320 679 1365; x_wconf 68' lang='lat' dir='ltr'>morentini,</span> <span class='ocrx_word' id='word_1_162' title='bbox 703 1320 802 1354; x_wconf 87' lang='lat' dir='ltr'>Bodl.</span> <span class='ocrx_word' id='word_1_163' title='bbox 825 1322 966 1354; x_wconf 88' lang='lat' dir='ltr'>Meerm.</span> <span class='ocrx_word' id='word_1_164' title='bbox 1013 1322 1129 1365; x_wconf 82' lang='lat' dir='ltr'>Vulgo</span> <span class='ocrx_word' id='word_1_165' title='bbox 1154 1321 1195 1354; x_wconf 79' lang='grc' dir='ltr'><strong><em>ἐν</em></strong></span> <span class='ocrx_word' id='word_1_166' title='bbox 1219 1320 1346 1365; x_wconf 80' lang='grc' dir='ltr'><strong><em>ὄχλοις,</em></strong></span> <span class='ocrx_word' id='word_1_167' title='bbox 1372 1323 1464 1366; x_wconf 86' lang='lat' dir='ltr'><strong><em>quod</em></strong></span> 
     </span>
     <span class='ocr_line' id='line_1_19' title="bbox 107 1349 787 1400; baseline 0.006 -5"><span class='ocrx_word' id='word_1_168' title='bbox 107 1364 176 1397; x_wconf 74' lang='lat' dir='ltr'>iam</span> <span class='ocrx_word' id='word_1_169' title='bbox 200 1365 388 1398; x_wconf 82' lang='lat' dir='ltr'>Cornarius</span> <span class='ocrx_word' id='word_1_170' title='bbox 411 1349 679 1399; x_wconf 86' lang='lat' dir='ltr'>emendandum</span> <span class='ocrx_word' id='word_1_171' title='bbox 686 1366 787 1400; x_wconf 82' lang='lat' dir='ltr'>vidit.</span> 
     </span>
    </p>

    <p class='ocr_par' dir='ltr' id='par_1_6' title="bbox 105 1407 1463 1591">
     <span class='ocr_line' id='line_1_20' title="bbox 174 1407 1462 1455; baseline 0.003 -13"><span class='ocrx_word' id='word_1_172' title='bbox 174 1410 213 1442; x_wconf 89' lang='lat' dir='ltr'><strong><em>E.</em></strong></span> <span class='ocrx_word' id='word_1_173' title='bbox 239 1407 289 1442; x_wconf 90' lang='grc' dir='ltr'><strong><em>ου</em></strong></span> <span class='ocrx_word' id='word_1_174' title='bbox 316 1409 468 1443; x_wconf 81' lang='grc' dir='ltr'><strong><em>τούτου</em></strong></span> <span class='ocrx_word' id='word_1_175' title='bbox 493 1410 624 1444; x_wconf 81' lang='grc' dir='ltr'><strong><em>ἒιεκα</em></strong></span> <span class='ocrx_word' id='word_1_176' title='bbox 650 1411 724 1444; x_wconf 84' lang='grc' dir='ltr'><strong><em>δεῖ</em></strong></span> <span class='ocrx_word' id='word_1_177' title='bbox 743 1410 844 1446; x_wconf 74' lang='grc' dir='ltr'><strong><em>τοὺς</em></strong></span> <span class='ocrx_word' id='word_1_178' title='bbox 869 1410 1135 1455; x_wconf 76' lang='lat' dir='ltr'>71.]Vulgatum</span> <span class='ocrx_word' id='word_1_179' title='bbox 1160 1409 1295 1446; x_wconf 63' lang='lat' dir='ltr'>ofiVat.</span> <span class='ocrx_word' id='word_1_180' title='bbox 1311 1414 1357 1446; x_wconf 84' lang='lat' dir='ltr'><strong><em>A.</em></strong></span> <span class='ocrx_word' id='word_1_181' title='bbox 1375 1413 1462 1446; x_wconf 89' lang='lat' dir='ltr'>Ven.</span> 
     </span>
     <span class='ocr_line' id='line_1_21' title="bbox 110 1454 1463 1500; baseline 0.003 -12.015"><span class='ocrx_word' id='word_1_182' title='bbox 110 1455 188 1488; x_wconf 92' lang='grc' dir='ltr'><strong><em>ΞΣ.</em></strong></span> <span class='ocrx_word' id='word_1_183' title='bbox 218 1455 322 1488; x_wconf 87' lang='lat' dir='ltr'>Vind.</span> <span class='ocrx_word' id='word_1_184' title='bbox 346 1454 377 1489; x_wconf 82' lang='lat'><strong><em>2.</em></strong></span> <span class='ocrx_word' id='word_1_185' title='bbox 408 1457 487 1489; x_wconf 78' lang='lat' dir='ltr'>Par.</span> <span class='ocrx_word' id='word_1_186' title='bbox 510 1456 654 1490; x_wconf 88' lang='lat' dir='ltr'>BCIV.</span> <span class='ocrx_word' id='word_1_187' title='bbox 684 1458 776 1500; x_wconf 81' lang='lat' dir='ltr'>Aug.</span> <span class='ocrx_word' id='word_1_188' title='bbox 799 1458 940 1490; x_wconf 85' lang='lat' dir='ltr'>Meerm.</span> <span class='ocrx_word' id='word_1_189' title='bbox 965 1457 1063 1490; x_wconf 92' lang='lat' dir='ltr'>Bodl.</span> <span class='ocrx_word' id='word_1_190' title='bbox 1079 1458 1170 1490; x_wconf 91' lang='lat' dir='ltr'>Flor.</span> <span class='ocrx_word' id='word_1_191' title='bbox 1196 1458 1229 1491; x_wconf 90' lang='lat' dir='ltr'><strong><em>b.</em></strong></span> <span class='ocrx_word' id='word_1_192' title='bbox 1254 1468 1282 1491; x_wconf 89' lang='lat' dir='ltr'><strong><em>c.</em></strong></span> <span class='ocrx_word' id='word_1_193' title='bbox 1306 1458 1339 1491; x_wconf 89' lang='lat' dir='ltr'><strong><em>d.</em></strong></span> <span class='ocrx_word' id='word_1_194' title='bbox 1362 1469 1406 1492; x_wconf 90' lang='lat' dir='ltr'><strong><em>m.</em></strong></span> <span class='ocrx_word' id='word_1_195' title='bbox 1432 1470 1463 1492; x_wconf 94' lang='lat' dir='ltr'><strong><em>o.</em></strong></span> 
     </span>
     <span class='ocr_line' id='line_1_22' title="bbox 107 1500 1462 1546; baseline 0.004 -13"><span class='ocrx_word' id='word_1_196' title='bbox 107 1504 140 1533; x_wconf 87' lang='lat' dir='ltr'><strong><em>et</em></strong></span> <span class='ocrx_word' id='word_1_197' title='bbox 154 1500 234 1534; x_wconf 89' lang='lat' dir='ltr'>edit.</span> <span class='ocrx_word' id='word_1_198' title='bbox 247 1501 326 1534; x_wconf 74' lang='lat' dir='ltr'>Bas.</span> <span class='ocrx_word' id='word_1_199' title='bbox 342 1500 374 1535; x_wconf 92' lang='grc'><strong>2.</strong></span> <span class='ocrx_word' id='word_1_200' title='bbox 394 1505 528 1534; x_wconf 84' lang='lat' dir='ltr'>mutant</span> <span class='ocrx_word' id='word_1_201' title='bbox 549 1502 586 1534; x_wconf 91' lang='lat' dir='ltr'><strong><em>in</em></strong></span> <span class='ocrx_word' id='word_1_202' title='bbox 610 1515 652 1535; x_wconf 80' lang='grc' dir='ltr'><strong><em>οι</em></strong></span> <span class='ocrx_word' id='word_1_203' title='bbox 644 1500 704 1535; x_wconf 64' lang='lat' dir='ltr'>&#39;bez</span> <span class='ocrx_word' id='word_1_204' title='bbox 740 1502 807 1536; x_wconf 84' lang='lat' dir='ltr'><strong><em>Sed</em></strong></span> <span class='ocrx_word' id='word_1_205' title='bbox 830 1506 923 1537; x_wconf 80' lang='lat' dir='ltr'>reete</span> <span class='ocrx_word' id='word_1_206' title='bbox 948 1502 1066 1536; x_wconf 82' lang='lat' dir='ltr'>Clark.</span> <span class='ocrx_word' id='word_1_207' title='bbox 1089 1503 1219 1546; x_wconf 84' lang='lat' dir='ltr'>aliique</span> <span class='ocrx_word' id='word_1_208' title='bbox 1243 1508 1385 1537; x_wconf 81' lang='lat' dir='ltr'>servant</span> <span class='ocrx_word' id='word_1_209' title='bbox 1407 1502 1462 1543; x_wconf 82' lang='grc' dir='ltr'><strong><em>οὐ,</em></strong></span> 
     </span>
     <span class='ocr_line' id='line_1_23' title="bbox 105 1546 615 1591; baseline 0.002 -12"><span class='ocrx_word' id='word_1_210' title='bbox 105 1546 322 1590; x_wconf 79' lang='lat' dir='ltr'>repudiatum</span> <span class='ocrx_word' id='word_1_211' title='bbox 344 1557 454 1591; x_wconf 86' lang='lat' dir='ltr'>nuper</span> <span class='ocrx_word' id='word_1_212' title='bbox 476 1548 615 1580; x_wconf 83' lang='lat' dir='ltr'>iniuria.</span> 
     </span>
    </p>
   </div>
   <div class='ocr_carea' id='block_1_4' title="bbox 98 1657 750 2563">
    <p class='ocr_par' dir='ltr' id='par_1_7' title="bbox 98 1657 749 1794">
     <span class='ocr_line' id='line_1_24' title="bbox 107 1657 749 1703; baseline 0.003 -12"><span class='ocrx_word' id='word_1_213' title='bbox 107 1660 140 1699; x_wconf 69' lang='grc' dir='ltr'><strong><em>ἓ.</em></strong></span> <span class='ocrx_word' id='word_1_214' title='bbox 155 1657 186 1692; x_wconf 92' lang='grc'><strong><em>7.</em></strong></span> <span class='ocrx_word' id='word_1_215' title='bbox 200 1663 234 1692; x_wconf 86' lang='lat' dir='ltr'><strong><em>et</em></strong></span> <span class='ocrx_word' id='word_1_216' title='bbox 251 1669 279 1692; x_wconf 80' lang='lat' dir='ltr'><strong><em>e.</em></strong></span> <span class='ocrx_word' id='word_1_217' title='bbox 295 1658 349 1693; x_wconf 88' lang='grc'><strong>10.</strong></span> <span class='ocrx_word' id='word_1_218' title='bbox 373 1660 406 1700; x_wconf 64' lang='grc' dir='ltr'><strong>ἓ.</strong></span> <span class='ocrx_word' id='word_1_219' title='bbox 427 1659 459 1693; x_wconf 88' lang='grc'><strong>6.</strong></span> <span class='ocrx_word' id='word_1_220' title='bbox 490 1659 544 1692; x_wconf 79' lang='lat' dir='ltr'><strong><em>Ad</em></strong></span> <span class='ocrx_word' id='word_1_221' title='bbox 561 1665 749 1703; x_wconf 85' lang='grc' dir='ltr'><strong><em>παρασχεῖν</em></strong></span> 
     </span>
     <span class='ocr_line' id='line_1_25' title="bbox 98 1702 748 1749; baseline 0.003 -12"><span class='ocrx_word' id='word_1_222' title='bbox 98 1704 214 1737; x_wconf 79' lang='lat' dir='ltr'>intell.</span> <span class='ocrx_word' id='word_1_223' title='bbox 237 1702 380 1742; x_wconf 79' lang='grc' dir='ltr'><strong><em>ἑαυτόν,</em></strong></span> <span class='ocrx_word' id='word_1_224' title='bbox 414 1705 455 1738; x_wconf 89' lang='lat' dir='ltr'><strong><em>de</em></strong></span> <span class='ocrx_word' id='word_1_225' title='bbox 485 1716 553 1748; x_wconf 88' lang='lat' dir='ltr'><strong><em>quo</em></strong></span> <span class='ocrx_word' id='word_1_226' title='bbox 584 1706 748 1749; x_wconf 89' lang='lat' dir='ltr'>loquendi</span> 
     </span>
     <span class='ocr_line' id='line_1_26' title="bbox 104 1749 566 1806; baseline 0.004 -24"><span class='ocrx_word' id='word_1_227' title='bbox 104 1760 231 1806; x_wconf 78' lang='lat' dir='ltr'>genere</span> <span class='ocrx_word' id='word_1_228' title='bbox 251 1761 285 1782; x_wconf 83' lang='lat' dir='ltr'><strong><em>v.</em></strong></span> <span class='ocrx_word' id='word_1_229' title='bbox 308 1749 397 1793; x_wconf 75' lang='lat' dir='ltr'><strong><em>adp</em></strong></span> <span class='ocrx_word' id='word_1_230' title='bbox 401 1749 500 1784; x_wconf 82' lang='lat'>..475</span> <span class='ocrx_word' id='word_1_231' title='bbox 523 1752 566 1784; x_wconf 92' lang='lat' dir='ltr'><strong><em>D.</em></strong></span> 
     </span>
    </p>

    <p class='ocr_par' dir='ltr' id='par_1_8' title="bbox 103 1761 750 2563">
     <span class='ocr_line' id='line_1_27' title="bbox 151 1761 745 1840; baseline 0.002 -13"><span class='ocrx_word' id='word_1_232' title='bbox 151 1792 340 1837; x_wconf 86' lang='grc' dir='ltr'><strong><em>ὁπότερο</em></strong></span> <span class='ocrx_word' id='word_1_233' title='bbox 354 1808 373 1827; x_wconf 85' lang='grc' dir='ltr'><strong><em>ν</em></strong></span> <span class='ocrx_word' id='word_1_234' title='bbox 376 1761 468 1828; x_wconf 79' lang='grc' dir='ltr'><strong><em>Ρδεῖ</em></strong></span> <span class='ocrx_word' id='word_1_235' title='bbox 488 1795 745 1840; x_wconf 75' lang='grc' dir='ltr'><strong><em>αἱρεθῆναι]</em></strong></span> 
     </span>
     <span class='ocr_line' id='line_1_28' title="bbox 104 1841 745 1884; baseline 0.002 -11"><span class='ocrx_word' id='word_1_236' title='bbox 104 1841 207 1873; x_wconf 84' lang='lat' dir='ltr'>Recte</span> <span class='ocrx_word' id='word_1_237' title='bbox 231 1841 328 1873; x_wconf 77' lang='lat' dir='ltr'>Fici</span> <span class='ocrx_word' id='word_1_238' title='bbox 339 1851 437 1873; x_wconf 89' lang='lat' dir='ltr'>nus</span> <span class='ocrx_word' id='word_1_239' title='bbox 468 1845 568 1874; x_wconf 89' lang='lat' dir='ltr'>uter</span> <span class='ocrx_word' id='word_1_240' title='bbox 591 1842 649 1874; x_wconf 88' lang='lat' dir='ltr'>sit</span> <span class='ocrx_word' id='word_1_241' title='bbox 671 1852 745 1884; x_wconf 90' lang='lat' dir='ltr'><strong><em>pro</em></strong></span> 
     </span>
     <span class='ocr_line' id='line_1_29' title="bbox 105 1885 747 1930; baseline 0.002 -12"><span class='ocrx_word' id='word_1_242' title='bbox 105 1886 268 1919; x_wconf 85' lang='lat' dir='ltr'>medico</span> <span class='ocrx_word' id='word_1_243' title='bbox 293 1885 538 1930; x_wconf 84' lang='lat' dir='ltr'>eligendus.</span> <span class='ocrx_word' id='word_1_244' title='bbox 562 1888 747 1920; x_wconf 83' lang='lat' dir='ltr'>Asseverat</span> 
     </span>
     <span class='ocr_line' id='line_1_30' title="bbox 106 1931 747 1974; baseline 0.002 -11"><span class='ocrx_word' id='word_1_245' title='bbox 106 1932 198 1963; x_wconf 88' lang='lat' dir='ltr'>enim</span> <span class='ocrx_word' id='word_1_246' title='bbox 218 1931 372 1974; x_wconf 81' lang='lat' dir='ltr'><strong>sophista</strong></span> <span class='ocrx_word' id='word_1_247' title='bbox 386 1935 556 1965; x_wconf 82' lang='lat' dir='ltr'><strong><em>oratorem</em></strong></span> <span class='ocrx_word' id='word_1_248' title='bbox 579 1933 619 1965; x_wconf 90' lang='lat' dir='ltr'><strong><em>de</em></strong></span> <span class='ocrx_word' id='word_1_249' title='bbox 643 1931 747 1964; x_wconf 88' lang='lat' dir='ltr'>rebus</span> 
     </span>
     <span class='ocr_line' id='line_1_31' title="bbox 106 1976 748 2020; baseline 0.002 -11"><span class='ocrx_word' id='word_1_250' title='bbox 106 1976 150 2009; x_wconf 77' lang='lat' dir='ltr'><strong><em>ad</em></strong></span> <span class='ocrx_word' id='word_1_251' title='bbox 174 1980 280 2009; x_wconf 81' lang='lat' dir='ltr'>artem</span> <span class='ocrx_word' id='word_1_252' title='bbox 306 1976 474 2010; x_wconf 74' lang='lat' dir='ltr'>medicam</span> <span class='ocrx_word' id='word_1_253' title='bbox 496 1977 748 2020; x_wconf 84' lang='lat' dir='ltr'>pertinentibus</span> 
     </span>
     <span class='ocr_line' id='line_1_32' title="bbox 104 2021 748 2065; baseline 0.002 -11"><span class='ocrx_word' id='word_1_254' title='bbox 104 2022 179 2065; x_wconf 89' lang='lat' dir='ltr'>ipso</span> <span class='ocrx_word' id='word_1_255' title='bbox 192 2021 326 2054; x_wconf 87' lang='lat' dir='ltr'>medico</span> <span class='ocrx_word' id='word_1_256' title='bbox 338 2021 551 2065; x_wconf 81' lang='lat' dir='ltr'><strong>probabilius</strong></span> <span class='ocrx_word' id='word_1_257' title='bbox 559 2033 634 2056; x_wconf 88' lang='lat' dir='ltr'>esse</span> <span class='ocrx_word' id='word_1_258' title='bbox 643 2022 748 2055; x_wconf 80' lang='lat' dir='ltr'>verba.</span> 
     </span>
     <span class='ocr_line' id='line_1_33' title="bbox 103 2067 749 2110; baseline 0.003 -11"><span class='ocrx_word' id='word_1_259' title='bbox 103 2067 288 2108; x_wconf 82' lang='lat' dir='ltr'>facturum,</span> <span class='ocrx_word' id='word_1_260' title='bbox 315 2071 354 2099; x_wconf 84' lang='lat' dir='ltr'><strong><em>ut</em></strong></span> <span class='ocrx_word' id='word_1_261' title='bbox 376 2068 450 2110; x_wconf 87' lang='lat' dir='ltr'>ipse</span> <span class='ocrx_word' id='word_1_262' title='bbox 473 2068 574 2101; x_wconf 89' lang='lat' dir='ltr'>citius</span> <span class='ocrx_word' id='word_1_263' title='bbox 596 2068 749 2101; x_wconf 82' lang='lat' dir='ltr'>medicus</span> 
     </span>
     <span class='ocr_line' id='line_1_34' title="bbox 104 2111 750 2156; baseline 0.005 -12"><span class='ocrx_word' id='word_1_264' title='bbox 104 2111 266 2155; x_wconf 85' lang='lat' dir='ltr'>publicus</span> <span class='ocrx_word' id='word_1_265' title='bbox 289 2112 448 2156; x_wconf 73' lang='lat' dir='ltr'>eligatur,</span> <span class='ocrx_word' id='word_1_266' title='bbox 472 2124 574 2156; x_wconf 80' lang='lat' dir='ltr'>quam</span> <span class='ocrx_word' id='word_1_267' title='bbox 599 2114 658 2156; x_wconf 91' lang='lat' dir='ltr'>qui</span> <span class='ocrx_word' id='word_1_268' title='bbox 681 2124 750 2146; x_wconf 86' lang='lat' dir='ltr'><strong><em>me-</em></strong></span> 
     </span>
     <span class='ocr_line' id='line_1_35' title="bbox 105 2157 749 2201; baseline 0.002 -11"><span class='ocrx_word' id='word_1_269' title='bbox 105 2157 218 2190; x_wconf 79' lang='lat' dir='ltr'>dicam</span> <span class='ocrx_word' id='word_1_270' title='bbox 233 2162 341 2190; x_wconf 77' lang='lat' dir='ltr'>artem</span> <span class='ocrx_word' id='word_1_271' title='bbox 362 2159 538 2201; x_wconf 84' lang='lat' dir='ltr'>professus</span> <span class='ocrx_word' id='word_1_272' title='bbox 561 2159 614 2192; x_wconf 89' lang='lat' dir='ltr'>sit.</span> <span class='ocrx_word' id='word_1_273' title='bbox 651 2159 749 2200; x_wconf 82' lang='lat' dir='ltr'>Quae</span> 
     </span>
     <span class='ocr_line' id='line_1_36' title="bbox 104 2202 750 2245; baseline 0.003 -10"><span class='ocrx_word' id='word_1_274' title='bbox 104 2213 187 2236; x_wconf 79' lang='lat' dir='ltr'>sane</span> <span class='ocrx_word' id='word_1_275' title='bbox 218 2202 400 2245; x_wconf 86' lang='lat' dir='ltr'>splendida</span> <span class='ocrx_word' id='word_1_276' title='bbox 430 2205 575 2237; x_wconf 82' lang='lat' dir='ltr'><strong><em>oratoris</em></strong></span> <span class='ocrx_word' id='word_1_277' title='bbox 603 2204 750 2238; x_wconf 83' lang='lat' dir='ltr'>victoria</span> 
     </span>
     <span class='ocr_line' id='line_1_37' title="bbox 105 2246 747 2291; baseline 0.003 -11"><span class='ocrx_word' id='word_1_278' title='bbox 105 2252 168 2280; x_wconf 90' lang='lat' dir='ltr'>est.</span> <span class='ocrx_word' id='word_1_279' title='bbox 209 2248 404 2281; x_wconf 86' lang='lat' dir='ltr'>Dictionem</span> <span class='ocrx_word' id='word_1_280' title='bbox 441 2262 459 2282; x_wconf 91' lang='grc' dir='ltr'><strong><em>ο</em></strong></span> <span class='ocrx_word' id='word_1_281' title='bbox 469 2246 489 2282; x_wconf 80' lang='grc' dir='ltr'><em>ὖ</em></span> <span class='ocrx_word' id='word_1_282' title='bbox 500 2248 518 2281; x_wconf 85' lang='grc' dir='ltr'><strong><em>δ</em></strong></span> <span class='ocrx_word' id='word_1_283' title='bbox 528 2261 549 2282; x_wconf 79' lang='grc' dir='ltr'><strong><em>ιι</em></strong></span> <span class='ocrx_word' id='word_1_284' title='bbox 557 2261 579 2289; x_wconf 89' lang='grc' dir='ltr'>μ</span> <span class='ocrx_word' id='word_1_285' title='bbox 587 2262 606 2282; x_wconf 91' lang='grc' dir='ltr'><strong><em>ο</em></strong></span> <span class='ocrx_word' id='word_1_286' title='bbox 615 2253 636 2282; x_wconf 88' lang='grc' dir='ltr'>ῦ</span> <span class='ocrx_word' id='word_1_287' title='bbox 675 2262 700 2291; x_wconf 81' lang='grc' dir='ltr'><em>φ</em></span> <span class='ocrx_word' id='word_1_288' title='bbox 709 2262 747 2282; x_wconf 89' lang='grc' dir='ltr'><strong><em>α-</em></strong></span> 
     </span>
     <span class='ocr_line' id='line_1_38' title="bbox 106 2293 748 2336; baseline 0.006 -12"><span class='ocrx_word' id='word_1_289' title='bbox 106 2296 153 2336; x_wconf 87' lang='grc' dir='ltr'><strong><em>νῆ</em></strong></span> <span class='ocrx_word' id='word_1_290' title='bbox 165 2305 251 2332; x_wconf 83' lang='grc' dir='ltr'><strong><em>ναι,</em></strong></span> <span class='ocrx_word' id='word_1_291' title='bbox 301 2293 430 2326; x_wconf 90' lang='lat' dir='ltr'>nullo</span> <span class='ocrx_word' id='word_1_292' title='bbox 468 2294 567 2327; x_wconf 84' lang='lat' dir='ltr'>loeo</span> <span class='ocrx_word' id='word_1_293' title='bbox 606 2306 748 2328; x_wconf 85' lang='lat' dir='ltr'>nume-</span> 
     </span>
     <span class='ocr_line' id='line_1_39' title="bbox 103 2338 748 2381; baseline 0.003 -11"><span class='ocrx_word' id='word_1_294' title='bbox 103 2338 212 2378; x_wconf 79' lang='lat' dir='ltr'>rari,</span> <span class='ocrx_word' id='word_1_295' title='bbox 253 2342 331 2381; x_wconf 88' lang='lat' dir='ltr'><strong><em>post</em></strong></span> <span class='ocrx_word' id='word_1_296' title='bbox 368 2338 456 2371; x_wconf 78' lang='lat' dir='ltr'>alios</span> <span class='ocrx_word' id='word_1_297' title='bbox 497 2339 748 2373; x_wconf 78' lang='lat' dir='ltr'><strong>illustravimus</strong></span> 
     </span>
     <span class='ocr_line' id='line_1_40' title="bbox 105 2382 748 2428; baseline 0.005 -13"><span class='ocrx_word' id='word_1_298' title='bbox 105 2382 149 2415; x_wconf 81' lang='lat' dir='ltr'><strong><em>ad</em></strong></span> <span class='ocrx_word' id='word_1_299' title='bbox 173 2383 348 2416; x_wconf 81' lang='lat' dir='ltr'>Phaedon.</span> <span class='ocrx_word' id='word_1_300' title='bbox 371 2393 405 2425; x_wconf 89' lang='lat' dir='ltr'>p.</span> <span class='ocrx_word' id='word_1_301' title='bbox 420 2382 473 2417; x_wconf 91' lang='grc'><strong><em>72.</em></strong></span> <span class='ocrx_word' id='word_1_302' title='bbox 492 2384 531 2418; x_wconf 89' lang='lat' dir='ltr'><strong><em>C.</em></strong></span> <span class='ocrx_word' id='word_1_303' title='bbox 545 2395 622 2428; x_wconf 80' lang='lat' dir='ltr'>cap.</span> <span class='ocrx_word' id='word_1_304' title='bbox 637 2386 748 2418; x_wconf 89' lang='lat' dir='ltr'>XVII.</span> 
     </span>
     <span class='ocr_line' id='line_1_41' title="bbox 106 2427 748 2473; baseline 0.005 -13"><span class='ocrx_word' id='word_1_305' title='bbox 106 2427 221 2461; x_wconf 73' lang='lat' dir='ltr'>Verba</span> <span class='ocrx_word' id='word_1_306' title='bbox 252 2428 287 2461; x_wconf 78' lang='grc' dir='ltr'><strong><em>εἰ</em></strong></span> <span class='ocrx_word' id='word_1_307' title='bbox 308 2427 377 2470; x_wconf 79' lang='grc' dir='ltr'><strong><em>βοι’</em></strong></span> <span class='ocrx_word' id='word_1_308' title='bbox 371 2429 470 2461; x_wconf 83' lang='grc' dir='ltr'><strong><em>λοιτο</em></strong></span> <span class='ocrx_word' id='word_1_309' title='bbox 493 2429 669 2473; x_wconf 81' lang='lat' dir='ltr'>eleganter</span> <span class='ocrx_word' id='word_1_310' title='bbox 691 2430 748 2463; x_wconf 76' lang='lat' dir='ltr'><strong><em>ad-</em></strong></span> 
     </span>
     <span class='ocr_line' id='line_1_42' title="bbox 105 2472 748 2517; baseline 0.006 -12"><span class='ocrx_word' id='word_1_311' title='bbox 105 2472 243 2515; x_wconf 83' lang='lat' dir='ltr'>duntur,</span> <span class='ocrx_word' id='word_1_312' title='bbox 259 2483 326 2516; x_wconf 89' lang='lat' dir='ltr'><strong><em>quo</em></strong></span> <span class='ocrx_word' id='word_1_313' title='bbox 339 2474 480 2517; x_wconf 78' lang='lat' dir='ltr'>gravius</span> <span class='ocrx_word' id='word_1_314' title='bbox 491 2478 628 2508; x_wconf 84' lang='lat' dir='ltr'>notetur</span> <span class='ocrx_word' id='word_1_315' title='bbox 639 2476 748 2509; x_wconf 79' lang='lat' dir='ltr'>fastus</span> 
     </span>
     <span class='ocr_line' id='line_1_43' title="bbox 105 2519 541 2563; baseline 0.005 -12"><span class='ocrx_word' id='word_1_316' title='bbox 105 2522 139 2550; x_wconf 85' lang='lat' dir='ltr'><strong><em>et</em></strong></span> <span class='ocrx_word' id='word_1_317' title='bbox 160 2519 359 2563; x_wconf 73' lang='lat' dir='ltr'><strong>arrogantia</strong></span> <span class='ocrx_word' id='word_1_318' title='bbox 382 2519 541 2563; x_wconf 82' lang='lat' dir='ltr'>Gorgiae.</span> 
     </span>
    </p>
   </div>
   <div class='ocr_carea' id='block_1_5' title="bbox 105 2606 751 2788">
    <p class='ocr_par' dir='ltr' id='par_1_9' title="bbox 105 2606 750 2742">
     <span class='ocr_line' id='line_1_44' title="bbox 152 2606 748 2653; baseline 0.007 -14"><span class='ocrx_word' id='word_1_319' title='bbox 152 2607 191 2640; x_wconf 85' lang='lat' dir='ltr'><strong><em>O.</em></strong></span> <span class='ocrx_word' id='word_1_320' title='bbox 227 2606 274 2640; x_wconf 85' lang='grc' dir='ltr'><strong><em>ἐν</em></strong></span> <span class='ocrx_word' id='word_1_321' title='bbox 305 2606 482 2652; x_wconf 77' lang='grc' dir='ltr'><strong><em>πλήθει]</em></strong></span> <span class='ocrx_word' id='word_1_322' title='bbox 514 2619 654 2642; x_wconf 79' lang='lat' dir='ltr'>eoram</span> <span class='ocrx_word' id='word_1_323' title='bbox 683 2619 734 2653; x_wconf 92' lang='lat' dir='ltr'><strong><em>po</em></strong></span> <span class='ocrx_word' id='word_1_324' title='bbox 736 2628 748 2633; x_wconf 97' lang='lat'>-</span> 
     </span>
     <span class='ocr_line' id='line_1_45' title="bbox 106 2621 748 2697; baseline 0.005 -13"><span class='ocrx_word' id='word_1_325' title='bbox 106 2652 202 2695; x_wconf 91' lang='lat' dir='ltr'>puli</span> <span class='ocrx_word' id='word_1_326' title='bbox 230 2621 748 2697; x_wconf 72' lang='lat' dir='ltr'>turba⁷⁷1nfrap.459.A:</span> 
     </span>
     <span class='ocr_line' id='line_1_46' title="bbox 105 2695 750 2742; baseline 0.006 -13"><span class='ocrx_word' id='word_1_327' title='bbox 105 2698 147 2729; x_wconf 79' lang='grc' dir='ltr'><strong><em>ἔν</em></strong></span> <span class='ocrx_word' id='word_1_328' title='bbox 167 2708 207 2741; x_wconf 80' lang='grc' dir='ltr'><strong><em>γε</em></strong></span> <span class='ocrx_word' id='word_1_329' title='bbox 229 2695 326 2741; x_wconf 76' lang='grc' dir='ltr'><strong>ὄχλῳ.</strong></span> <span class='ocrx_word' id='word_1_330' title='bbox 373 2699 415 2731; x_wconf 88' lang='grc' dir='ltr'><strong><em>Ιιι</em></strong></span> <span class='ocrx_word' id='word_1_331' title='bbox 445 2699 679 2742; x_wconf 82' lang='lat' dir='ltr'>superioribus</span> <span class='ocrx_word' id='word_1_332' title='bbox 705 2710 750 2733; x_wconf 86' lang='lat' dir='ltr'><strong><em>ne</em></strong></span> 
     </span>
    </p>

    <p class='ocr_par' dir='ltr' id='par_1_10' title="bbox 106 2743 751 2788">
     <span class='ocr_line' id='line_1_47' title="bbox 106 2743 751 2788; baseline 0.005 -13"><span class='ocrx_word' id='word_1_333' title='bbox 106 2743 184 2784; x_wconf 85' lang='lat' dir='ltr'>quis</span> <span class='ocrx_word' id='word_1_334' title='bbox 201 2743 282 2786; x_wconf 72' lang='grc' dir='ltr'><strong><em>εἴπῃ</em></strong></span> <span class='ocrx_word' id='word_1_335' title='bbox 298 2743 519 2777; x_wconf 79' lang='lat' dir='ltr'>scribendum</span> <span class='ocrx_word' id='word_1_336' title='bbox 542 2748 650 2788; x_wconf 85' lang='lat' dir='ltr'>putet,</span> <span class='ocrx_word' id='word_1_337' title='bbox 674 2755 751 2778; x_wconf 88' lang='lat' dir='ltr'>sen-</span> 
     </span>
    </p>
   </div>
   <div class='ocr_carea' id='block_1_6' title="bbox 170 2811 613 2844">
    <p class='ocr_par' dir='ltr' id='par_1_11' title="bbox 170 2811 613 2844">
     <span class='ocr_line' id='line_1_48' title="bbox 170 2811 613 2844; baseline 0.005 -8"><span class='ocrx_word' id='word_1_338' title='bbox 170 2811 246 2837; x_wconf 70' lang='lat' dir='ltr'>Pizt.</span> <span class='ocrx_word' id='word_1_339' title='bbox 265 2811 338 2844; x_wconf 85' lang='lat' dir='ltr'>opp.</span> <span class='ocrx_word' id='word_1_340' title='bbox 356 2812 420 2839; x_wconf 86' lang='lat' dir='ltr'>Vol.</span> <span class='ocrx_word' id='word_1_341' title='bbox 439 2813 476 2838; x_wconf 92' lang='lat'><strong><em>11.</em></strong></span> <span class='ocrx_word' id='word_1_342' title='bbox 496 2811 570 2838; x_wconf 85' lang='lat' dir='ltr'>Sect.</span> <span class='ocrx_word' id='word_1_343' title='bbox 589 2813 613 2839; x_wconf 90' lang='grc' dir='ltr'><strong><em>Ι.</em></strong></span> 
     </span>
    </p>
   </div>
   <div class='ocr_carea' id='block_1_7' title="bbox 814 1660 1465 2473">
    <p class='ocr_par' dir='ltr' id='par_1_12' title="bbox 814 1660 1465 2473">
     <span class='ocr_line' id='line_1_49' title="bbox 817 1660 1462 1704; baseline 0.006 -12"><span class='ocrx_word' id='word_1_344' title='bbox 817 1661 925 1693; x_wconf 81' lang='lat' dir='ltr'>tentia</span> <span class='ocrx_word' id='word_1_345' title='bbox 957 1661 1042 1693; x_wconf 80' lang='lat' dir='ltr'>haee</span> <span class='ocrx_word' id='word_1_346' title='bbox 1073 1666 1141 1693; x_wconf 83' lang='lat' dir='ltr'>est:</span> <span class='ocrx_word' id='word_1_347' title='bbox 1183 1660 1232 1694; x_wconf 90' lang='lat' dir='ltr'><strong><em>de</em></strong></span> <span class='ocrx_word' id='word_1_348' title='bbox 1266 1672 1346 1704; x_wconf 92' lang='lat' dir='ltr'><strong><em>quo</em></strong></span> <span class='ocrx_word' id='word_1_349' title='bbox 1379 1673 1462 1696; x_wconf 88' lang='lat' dir='ltr'>non</span> 
     </span>
     <span class='ocr_line' id='line_1_50' title="bbox 815 1706 1395 1749; baseline 0.003 -11"><span class='ocrx_word' id='word_1_350' title='bbox 815 1706 961 1749; x_wconf 84' lang='lat' dir='ltr'>possit</span> <span class='ocrx_word' id='word_1_351' title='bbox 985 1706 1207 1739; x_wconf 82' lang='lat' dir='ltr'>disertius</span> <span class='ocrx_word' id='word_1_352' title='bbox 1231 1707 1395 1740; x_wconf 86' lang='lat' dir='ltr'>dicere.</span> 
     </span>
     <span class='ocr_line' id='line_1_51' title="bbox 860 1749 1461 1796; baseline 0.002 -13"><span class='ocrx_word' id='word_1_353' title='bbox 860 1752 905 1784; x_wconf 91' lang='lat' dir='ltr'><strong><em>D.</em></strong></span> <span class='ocrx_word' id='word_1_354' title='bbox 941 1749 1002 1783; x_wconf 85' lang='grc' dir='ltr'><strong><em>ὅτι</em></strong></span> <span class='ocrx_word' id='word_1_355' title='bbox 1034 1752 1175 1791; x_wconf 77' lang='grc' dir='ltr'><strong><em>ἔμαθε</em></strong></span> <span class='ocrx_word' id='word_1_356' title='bbox 1210 1751 1461 1796; x_wconf 78' lang='grc' dir='ltr'><strong><em>πυκτεύειν]</em></strong></span> 
     </span>
     <span class='ocr_line' id='line_1_52' title="bbox 815 1797 1462 1841; baseline 0.003 -13"><span class='ocrx_word' id='word_1_357' title='bbox 815 1797 893 1829; x_wconf 86' lang='grc' dir='ltr'><strong><em>Νοιι</em></strong></span> <span class='ocrx_word' id='word_1_358' title='bbox 929 1807 1015 1839; x_wconf 87' lang='lat' dir='ltr'><strong><em>opus</em></strong></span> <span class='ocrx_word' id='word_1_359' title='bbox 1047 1801 1098 1830; x_wconf 85' lang='lat' dir='ltr'><strong><em>est</em></strong></span> <span class='ocrx_word' id='word_1_360' title='bbox 1129 1808 1193 1835; x_wconf 85' lang='grc' dir='ltr'><strong><em>τις,</em></strong></span> <span class='ocrx_word' id='word_1_361' title='bbox 1235 1798 1327 1840; x_wconf 88' lang='lat' dir='ltr'><strong><em>quod</em></strong></span> <span class='ocrx_word' id='word_1_362' title='bbox 1356 1798 1462 1841; x_wconf 84' lang='lat' dir='ltr'>vulgo</span> 
     </span>
     <span class='ocr_line' id='line_1_53' title="bbox 814 1841 1464 1886; baseline 0.002 -12"><span class='ocrx_word' id='word_1_363' title='bbox 814 1841 968 1874; x_wconf 81' lang='lat' dir='ltr'>additum</span> <span class='ocrx_word' id='word_1_364' title='bbox 1007 1842 1196 1886; x_wconf 84' lang='lat' dir='ltr'>legebatur.</span> <span class='ocrx_word' id='word_1_365' title='bbox 1244 1843 1339 1875; x_wconf 87' lang='lat' dir='ltr'>Solet</span> <span class='ocrx_word' id='word_1_366' title='bbox 1370 1844 1464 1876; x_wconf 89' lang='lat' dir='ltr'>enim</span> 
     </span>
     <span class='ocr_line' id='line_1_54' title="bbox 815 1888 1462 1931; baseline 0.002 -11"><span class='ocrx_word' id='word_1_367' title='bbox 815 1888 915 1920; x_wconf 84' lang='lat' dir='ltr'>tertia</span> <span class='ocrx_word' id='word_1_368' title='bbox 937 1898 1085 1930; x_wconf 81' lang='lat' dir='ltr'>persona</span> <span class='ocrx_word' id='word_1_369' title='bbox 1105 1888 1288 1920; x_wconf 87' lang='lat' dir='ltr'>verborum</span> <span class='ocrx_word' id='word_1_370' title='bbox 1311 1893 1389 1931; x_wconf 88' lang='lat' dir='ltr'><strong><em>post</em></strong></span> <span class='ocrx_word' id='word_1_371' title='bbox 1411 1889 1462 1921; x_wconf 85' lang='lat' dir='ltr'><strong><em>in-</em></strong></span> 
     </span>
     <span class='ocr_line' id='line_1_55' title="bbox 814 1932 1465 1976; baseline 0.003 -12"><span class='ocrx_word' id='word_1_372' title='bbox 814 1932 987 1965; x_wconf 85' lang='lat' dir='ltr'>finitivum</span> <span class='ocrx_word' id='word_1_373' title='bbox 1016 1933 1155 1965; x_wconf 79' lang='lat' dir='ltr'>aliunde</span> <span class='ocrx_word' id='word_1_374' title='bbox 1185 1933 1391 1976; x_wconf 86' lang='lat' dir='ltr'>pendentem</span> <span class='ocrx_word' id='word_1_375' title='bbox 1414 1935 1465 1966; x_wconf 86' lang='lat' dir='ltr'>ita</span> 
     </span>
     <span class='ocr_line' id='line_1_56' title="bbox 815 1978 1464 2021; baseline 0.003 -12"><span class='ocrx_word' id='word_1_376' title='bbox 815 1978 992 2021; x_wconf 83' lang='lat' dir='ltr'>usurpari,</span> <span class='ocrx_word' id='word_1_377' title='bbox 1026 1983 1066 2011; x_wconf 88' lang='lat' dir='ltr'><strong><em>ut</em></strong></span> <span class='ocrx_word' id='word_1_378' title='bbox 1095 1989 1284 2021; x_wconf 90' lang='lat' dir='ltr'>pronomen</span> <span class='ocrx_word' id='word_1_379' title='bbox 1307 1979 1464 2012; x_wconf 86' lang='lat' dir='ltr'>indefini-</span> 
     </span>
     <span class='ocr_line' id='line_1_57' title="bbox 815 2024 1463 2067; baseline 0.005 -12"><span class='ocrx_word' id='word_1_380' title='bbox 815 2026 899 2064; x_wconf 86' lang='lat' dir='ltr'>tum,</span> <span class='ocrx_word' id='word_1_381' title='bbox 921 2024 1046 2066; x_wconf 89' lang='lat' dir='ltr'>quippe</span> <span class='ocrx_word' id='word_1_382' title='bbox 1063 2025 1160 2056; x_wconf 82' lang='lat' dir='ltr'>euius</span> <span class='ocrx_word' id='word_1_383' title='bbox 1173 2025 1267 2057; x_wconf 85' lang='lat' dir='ltr'>notio</span> <span class='ocrx_word' id='word_1_384' title='bbox 1283 2025 1353 2057; x_wconf 81' lang='lat' dir='ltr'>iam</span> <span class='ocrx_word' id='word_1_385' title='bbox 1366 2035 1463 2067; x_wconf 85' lang='lat' dir='ltr'>prae-</span> 
     </span>
     <span class='ocr_line' id='line_1_58' title="bbox 817 2068 1462 2110; baseline 0.003 -10"><span class='ocrx_word' id='word_1_386' title='bbox 817 2068 1020 2101; x_wconf 83' lang='lat' dir='ltr'>cedentibus</span> <span class='ocrx_word' id='word_1_387' title='bbox 1033 2070 1260 2110; x_wconf 83' lang='lat' dir='ltr'>contineatur,</span> <span class='ocrx_word' id='word_1_388' title='bbox 1275 2071 1462 2103; x_wconf 83' lang='lat' dir='ltr'>omittatur.</span> 
     </span>
     <span class='ocr_line' id='line_1_59' title="bbox 818 2113 1462 2159; baseline 0.005 -14"><span class='ocrx_word' id='word_1_389' title='bbox 818 2114 874 2146; x_wconf 85' lang='lat' dir='ltr'>Sic</span> <span class='ocrx_word' id='word_1_390' title='bbox 894 2114 1030 2156; x_wconf 80' lang='lat' dir='ltr'>infrap.</span> <span class='ocrx_word' id='word_1_391' title='bbox 1042 2113 1120 2148; x_wconf 88' lang='grc'><strong>464.</strong></span> <span class='ocrx_word' id='word_1_392' title='bbox 1138 2116 1180 2147; x_wconf 86' lang='grc' dir='ltr'><strong><em>Α.</em></strong></span> <span class='ocrx_word' id='word_1_393' title='bbox 1213 2115 1341 2148; x_wconf 86' lang='lat' dir='ltr'>Criton.</span> <span class='ocrx_word' id='word_1_394' title='bbox 1361 2127 1393 2159; x_wconf 90' lang='lat' dir='ltr'><strong><em>p.</em></strong></span> <span class='ocrx_word' id='word_1_395' title='bbox 1407 2114 1462 2148; x_wconf 88' lang='grc'><strong>49.</strong></span> 
     </span>
     <span class='ocr_line' id='line_1_60' title="bbox 818 2157 1463 2200; baseline 0.003 -9"><span class='ocrx_word' id='word_1_396' title='bbox 818 2159 864 2192; x_wconf 90' lang='lat' dir='ltr'><strong><em>C:</em></strong></span> <span class='ocrx_word' id='word_1_397' title='bbox 891 2157 970 2191; x_wconf 86' lang='grc' dir='ltr'><strong><em>οὔτε</em></strong></span> <span class='ocrx_word' id='word_1_398' title='bbox 994 2158 1062 2200; x_wconf 77' lang='grc' dir='ltr'><strong><em>ἄρα</em></strong></span> <span class='ocrx_word' id='word_1_399' title='bbox 1080 2172 1126 2192; x_wconf 82' lang='grc' dir='ltr'><strong><em>αι</em></strong></span> <span class='ocrx_word' id='word_1_400' title='bbox 1118 2159 1283 2193; x_wconf 83' lang='grc' dir='ltr'><strong><em>ταδικειν</em></strong></span> <span class='ocrx_word' id='word_1_401' title='bbox 1306 2160 1365 2193; x_wconf 85' lang='grc' dir='ltr'><strong><em>δεῖ</em></strong></span> <span class='ocrx_word' id='word_1_402' title='bbox 1384 2158 1463 2193; x_wconf 81' lang='grc' dir='ltr'><strong><em>οὔτε</em></strong></span> 
     </span>
     <span class='ocr_line' id='line_1_61' title="bbox 818 2203 1461 2261; baseline 0 -24"><span class='ocrx_word' id='word_1_403' title='bbox 818 2208 930 2239; x_wconf 75' lang='grc' dir='ltr'><strong><em>κακῶς</em></strong></span> <span class='ocrx_word' id='word_1_404' title='bbox 954 2209 1067 2237; x_wconf 70' lang='grc' dir='ltr'><strong><em>ποιεῖ]</em></strong></span> <span class='ocrx_word' id='word_1_405' title='bbox 1090 2203 1221 2238; x_wconf 82' lang='grc' dir='ltr'><strong><em>οὐδέια</em></strong></span> <span class='ocrx_word' id='word_1_406' title='bbox 1240 2203 1461 2261; x_wconf 76' lang='grc' dir='ltr'><strong><em>ἀνθρώπωι,</em></strong></span> 
     </span>
     <span class='ocr_line' id='line_1_62' title="bbox 817 2247 1463 2293; baseline 0.002 -11"><span class='ocrx_word' id='word_1_407' title='bbox 817 2248 892 2282; x_wconf 82' lang='grc' dir='ltr'><strong><em>οὐδ’</em></strong></span> <span class='ocrx_word' id='word_1_408' title='bbox 917 2247 962 2282; x_wconf 79' lang='grc' dir='ltr'><strong><em>ἂν</em></strong></span> <span class='ocrx_word' id='word_1_409' title='bbox 983 2247 1103 2283; x_wconf 82' lang='grc' dir='ltr'><strong><em>ὁτιοῦν</em></strong></span> <span class='ocrx_word' id='word_1_410' title='bbox 1126 2248 1236 2293; x_wconf 79' lang='grc' dir='ltr'><strong><em>πάσχῃ</em></strong></span> <span class='ocrx_word' id='word_1_411' title='bbox 1262 2248 1317 2283; x_wconf 84' lang='grc' dir='ltr'><strong><em>ὑπ’</em></strong></span> <span class='ocrx_word' id='word_1_412' title='bbox 1337 2248 1463 2284; x_wconf 80' lang='grc' dir='ltr'><strong><em>αυτιῦν.</em></strong></span> 
     </span>
     <span class='ocr_line' id='line_1_63' title="bbox 817 2293 1464 2338; baseline 0.003 -11"><span class='ocrx_word' id='word_1_413' title='bbox 817 2296 911 2327; x_wconf 88' lang='lat' dir='ltr'>Men.</span> <span class='ocrx_word' id='word_1_414' title='bbox 931 2305 964 2337; x_wconf 93' lang='lat' dir='ltr'><strong><em>p.</em></strong></span> <span class='ocrx_word' id='word_1_415' title='bbox 980 2293 1034 2328; x_wconf 87' lang='grc'><strong><em>79.</em></strong></span> <span class='ocrx_word' id='word_1_416' title='bbox 1050 2297 1098 2327; x_wconf 88' lang='grc' dir='ltr'><strong><em>Β·</em></strong></span> <span class='ocrx_word' id='word_1_417' title='bbox 1125 2294 1258 2328; x_wconf 84' lang='grc' dir='ltr'><strong><em>οὐκοῦν</em></strong></span> <span class='ocrx_word' id='word_1_418' title='bbox 1279 2297 1464 2338; x_wconf 85' lang='grc' dir='ltr'><strong><em>συμβαίνει</em></strong></span> 
     </span>
     <span class='ocr_line' id='line_1_64' title="bbox 818 2334 1462 2394; baseline 0.005 -22"><span class='ocrx_word' id='word_1_419' title='bbox 818 2339 856 2381; x_wconf 80' lang='grc' dir='ltr'><strong><em>ἐξ</em></strong></span> <span class='ocrx_word' id='word_1_420' title='bbox 887 2334 938 2372; x_wconf 81' lang='grc' dir='ltr'><strong><em>ὧι</em></strong></span> <span class='ocrx_word' id='word_1_421' title='bbox 964 2338 1007 2372; x_wconf 85' lang='grc' dir='ltr'><strong><em>σὺ</em></strong></span> <span class='ocrx_word' id='word_1_422' title='bbox 1031 2337 1210 2394; x_wconf 77' lang='grc' dir='ltr'><strong><em>ὁμολογεῖς</em></strong></span> <span class='ocrx_word' id='word_1_423' title='bbox 1236 2339 1272 2374; x_wconf 84' lang='grc' dir='ltr'><strong><em>τὸ</em></strong></span> <span class='ocrx_word' id='word_1_424' title='bbox 1295 2339 1377 2381; x_wconf 84' lang='grc' dir='ltr'><strong><em>μετὰ</em></strong></span> <span class='ocrx_word' id='word_1_425' title='bbox 1401 2353 1462 2382; x_wconf 89' lang='grc' dir='ltr'><strong><em>ιιο-</em></strong></span> 
     </span>
     <span class='ocr_line' id='line_1_65' title="bbox 820 2382 1464 2428; baseline 0.003 -11"><span class='ocrx_word' id='word_1_426' title='bbox 820 2396 898 2426; x_wconf 56' lang='lat' dir='ltr'><strong><em>(nov</em></strong></span> <span class='ocrx_word' id='word_1_427' title='bbox 932 2382 1057 2428; x_wconf 78' lang='grc' dir='ltr'><strong><em>ἀρετῆς</em></strong></span> <span class='ocrx_word' id='word_1_428' title='bbox 1090 2384 1270 2426; x_wconf 75' lang='grc' dir='ltr'><strong><em>πράττειν,</em></strong></span> <span class='ocrx_word' id='word_1_429' title='bbox 1309 2385 1329 2419; x_wconf 88' lang='lat'><strong><em>5</em></strong></span> <span class='ocrx_word' id='word_1_430' title='bbox 1363 2399 1390 2419; x_wconf 85' lang='grc' dir='ltr'><strong><em>τι</em></strong></span> <span class='ocrx_word' id='word_1_431' title='bbox 1421 2385 1464 2419; x_wconf 80' lang='grc' dir='ltr'><strong><em>ἄν</em></strong></span> 
     </span>
     <span class='ocr_line' id='line_1_66' title="bbox 817 2427 1463 2473; baseline 0.003 -11"><span class='ocrx_word' id='word_1_432' title='bbox 817 2428 957 2472; x_wconf 78' lang='grc' dir='ltr'><strong><em>πράττῃ,</em></strong></span> <span class='ocrx_word' id='word_1_433' title='bbox 982 2434 1082 2463; x_wconf 87' lang='grc' dir='ltr'><strong><em>τοῦτο</em></strong></span> <span class='ocrx_word' id='word_1_434' title='bbox 1100 2428 1230 2473; x_wconf 82' lang='grc' dir='ltr'><strong><em>α’ρετὴν</em></strong></span> <span class='ocrx_word' id='word_1_435' title='bbox 1242 2427 1344 2464; x_wconf 86' lang='grc' dir='ltr'><strong><em>εἶναι.</em></strong></span> <span class='ocrx_word' id='word_1_436' title='bbox 1375 2432 1463 2465; x_wconf 88' lang='lat' dir='ltr'>Ibid.</span> 
     </span>
    </p>
   </div>
   <div class='ocr_carea' id='block_1_8' title="bbox 816 2471 1464 2791">
    <p class='ocr_par' dir='ltr' id='par_1_13' title="bbox 816 2471 1464 2791">
     <span class='ocr_line' id='line_1_67' title="bbox 816 2471 1463 2519; baseline 0.003 -11"><span class='ocrx_word' id='word_1_437' title='bbox 816 2473 975 2518; x_wconf 88' lang='grc' dir='ltr'><strong>Ρ...97Α</strong></span> <span class='ocrx_word' id='word_1_438' title='bbox 1007 2471 1463 2519; x_wconf 80' lang='lat' dir='ltr'>DeRep.1X.p..5.91A</span> 
     </span>
     <span class='ocr_line' id='line_1_68' title="bbox 818 2487 1463 2561; baseline 0.005 -9"><span class='ocrx_word' id='word_1_439' title='bbox 818 2520 870 2553; x_wconf 87' lang='lat' dir='ltr'><strong><em>Cf.</em></strong></span> <span class='ocrx_word' id='word_1_440' title='bbox 901 2521 1058 2554; x_wconf 87' lang='lat' dir='ltr'>Buttm.</span> <span class='ocrx_word' id='word_1_441' title='bbox 1091 2522 1122 2561; x_wconf 59' lang='grc' dir='ltr'><strong><em>ᾖ.</em></strong></span> <span class='ocrx_word' id='word_1_442' title='bbox 1147 2520 1223 2555; x_wconf 88' lang='grc'><strong>116.</strong></span> <span class='ocrx_word' id='word_1_443' title='bbox 1256 2487 1339 2555; x_wconf 77' lang='lat' dir='ltr'>Opbs.</span> <span class='ocrx_word' id='word_1_444' title='bbox 1363 2522 1395 2555; x_wconf 88' lang='lat'><strong><em>6.</em></strong></span> <span class='ocrx_word' id='word_1_445' title='bbox 1419 2541 1463 2547; x_wconf 89' lang='lat'>—</span> 
     </span>
     <span class='ocr_line' id='line_1_69' title="bbox 818 2564 1464 2608; baseline 0.005 -11"><span class='ocrx_word' id='word_1_446' title='bbox 818 2564 866 2597; x_wconf 80' lang='grc' dir='ltr'><strong><em>ἐν</em></strong></span> <span class='ocrx_word' id='word_1_447' title='bbox 889 2564 1044 2600; x_wconf 79' lang='grc' dir='ltr'><strong><em>ὅπλοις</em></strong></span> <span class='ocrx_word' id='word_1_448' title='bbox 1068 2564 1283 2608; x_wconf 80' lang='grc' dir='ltr'><strong><em>μάχεσθαι</em></strong></span> <span class='ocrx_word' id='word_1_449' title='bbox 1304 2567 1464 2600; x_wconf 82' lang='lat' dir='ltr'>dicuntur</span> 
     </span>
     <span class='ocr_line' id='line_1_70' title="bbox 818 2610 1462 2653; baseline 0.005 -11"><span class='ocrx_word' id='word_1_450' title='bbox 818 2610 879 2652; x_wconf 89' lang='lat' dir='ltr'>qui</span> <span class='ocrx_word' id='word_1_451' title='bbox 900 2611 1026 2653; x_wconf 80' lang='lat' dir='ltr'>gravi</span> <span class='ocrx_word' id='word_1_452' title='bbox 1049 2615 1269 2644; x_wconf 78' lang='lat' dir='ltr'>armatura</span> <span class='ocrx_word' id='word_1_453' title='bbox 1293 2617 1462 2645; x_wconf 80' lang='lat' dir='ltr'>certare</span> 
     </span>
     <span class='ocr_line' id='line_1_71' title="bbox 819 2656 1462 2701; baseline 0.005 -14"><span class='ocrx_word' id='word_1_454' title='bbox 819 2656 1015 2688; x_wconf 81' lang='lat' dir='ltr'>discunt:</span> <span class='ocrx_word' id='word_1_455' title='bbox 1048 2667 1128 2688; x_wconf 80' lang='lat' dir='ltr'>nam</span> <span class='ocrx_word' id='word_1_456' title='bbox 1160 2657 1266 2701; x_wconf 86' lang='lat' dir='ltr'>vulgo</span> <span class='ocrx_word' id='word_1_457' title='bbox 1299 2658 1462 2690; x_wconf 86' lang='lat' dir='ltr'>iuventus</span> 
     </span>
     <span class='ocr_line' id='line_1_72' title="bbox 817 2701 1462 2744; baseline 0.003 -12"><span class='ocrx_word' id='word_1_458' title='bbox 817 2711 888 2733; x_wconf 91' lang='lat' dir='ltr'>non</span> <span class='ocrx_word' id='word_1_459' title='bbox 930 2701 1022 2734; x_wconf 85' lang='lat' dir='ltr'>veris</span> <span class='ocrx_word' id='word_1_460' title='bbox 1061 2702 1164 2735; x_wconf 78' lang='lat' dir='ltr'>armis</span> <span class='ocrx_word' id='word_1_461' title='bbox 1201 2713 1239 2735; x_wconf 86' lang='lat' dir='ltr'><strong><em>se</em></strong></span> <span class='ocrx_word' id='word_1_462' title='bbox 1270 2702 1462 2744; x_wconf 73' lang='lat' dir='ltr'>exercebat,</span> 
     </span>
     <span class='ocr_line' id='line_1_73' title="bbox 819 2745 1463 2791; baseline 0.003 -13"><span class='ocrx_word' id='word_1_463' title='bbox 819 2745 879 2779; x_wconf 90' lang='lat' dir='ltr'><strong><em>sed</em></strong></span> <span class='ocrx_word' id='word_1_464' title='bbox 901 2745 1044 2780; x_wconf 83' lang='lat' dir='ltr'>rudibus</span> <span class='ocrx_word' id='word_1_465' title='bbox 1066 2751 1126 2780; x_wconf 81' lang='lat' dir='ltr'><strong><em>aut</em></strong></span> <span class='ocrx_word' id='word_1_466' title='bbox 1148 2747 1229 2791; x_wconf 90' lang='lat' dir='ltr'>pilis</span> <span class='ocrx_word' id='word_1_467' title='bbox 1251 2748 1463 2791; x_wconf 81' lang='lat' dir='ltr'>praepilatis,</span> 
     </span>
    </p>
   </div>
   <div class='ocr_carea' id='block_1_9' title="bbox 1171 2814 1193 2847">
    <p class='ocr_par' dir='ltr' id='par_1_14' title="bbox 1171 2814 1193 2847">
     <span class='ocr_line' id='line_1_74' title="bbox 1171 2814 1193 2847; baseline 0 0"><span class='ocrx_word' id='word_1_468' title='bbox 1171 2814 1193 2847; x_wconf 92' lang='lat'>8</span> 
     </span>
    </p>
   </div>
  </div>
 </body>
</html>
