1682 2944
467 123 542 160 AD
571 120 816 161 GORGIAM
844 119 1116 159 PLATOMS.
1425 120 1474 155 31

126 237 306 283 habeam,
343 235 383 273 id
413 247 564 285 semper
589 234 685 272 mihi
715 233 907 283 agendum
935 232 1123 280 iudicavi,
1162 235 1209 270 ut
1236 231 1286 269 ad
1313 230 1479 269 iudicem

122 293 277 333 veniam
306 292 433 330 animo
462 305 578 344 quam
597 291 799 329 sanissimo
828 290 1038 340 praeditus,
1069 302 1114 328 ac
1142 292 1181 328 te
1207 301 1362 340 quoque
1390 289 1479 326 hor-

125 354 203 397 tor,
243 354 288 388 ut
317 349 444 387 missis
471 348 587 387 rebus
615 347 796 386 inanibus
834 351 874 386 16
911 350 1062 385 castum
1088 359 1306 397 purumque
1335 358 1477 384 serves.

126 406 310 457 Alioquin
349 406 472 452 enim,
510 405 577 443 ubi
607 406 656 442 ad
686 404 832 442 iudices
861 404 1073 441 inferorum
1101 403 1272 450 veneris,
1313 402 1478 451 ringeris

122 464 285 501 fortasse
315 467 354 501 et
381 461 591 500 haesitabis
621 465 661 500 et
689 461 800 511 inops
838 461 988 498 consilii
1017 460 1092 498 cris
1131 464 1171 499 ct
1211 473 1361 499 summa
1390 473 1478 498 con-

124 520 284 558 tumelia
312 518 502 558 afficieris.
533 520 575 558 P.
610 521 702 556 526.
731 518 772 556 C.
802 539 858 544 -—
895 518 987 555 527.
1016 519 1065 556 A.

209 575 340 617 Quum
366 576 486 625 igitur
503 574 701 613 meliorem
720 574 879 614 vivendi
896 574 1096 621 rationem,
1126 587 1244 625 quam
1268 574 1364 612 haec
1393 587 1479 611 mea

124 637 195 679 est,
223 633 390 670 indicare
420 646 500 670 11011
528 631 732 682 potueritis
767 644 980 682 verumque
1010 644 1094 669 esse
1124 630 1348 681 apparuerit
1377 631 1478 682 quod

124 702 239 739 supra
267 689 448 736 dicebam,
480 690 692 727 cavendum
721 701 804 726 esse
833 688 955 736 magis
984 687 1167 726 iniuriam
1197 701 1247 725 ne
1279 687 1477 735 faciamus,

123 759 239 797 quam
267 759 316 783 ne
336 744 582 796 accipiamus,
613 745 775 797 ideoque
804 745 1021 783 rhetoricen
1042 758 1192 795 semper
1220 744 1315 783 iusti
1343 757 1478 782 caussa

122 803 379 841 adhibendam
408 816 490 841 esse
500 802 562 851 ἦ),
592 802 714 850 agite,
744 801 841 839 mihi
870 803 1131 852 obtemperate
1172 814 1311 852 meque
1350 801 1478 852 sequi-

122 859 218 896 mini
246 860 348 906 illuc,
378 872 454 910 quo
482 859 643 909 profecti
673 859 777 896 beati
807 858 926 905 eritis,
955 862 1037 897 tam
1066 858 1148 898 vivi
1177 871 1294 910 quam
1323 858 1476 896 mortui.

123 917 223 954 Nam
261 916 328 967 qui
365 916 523 955 virtutis
561 919 622 954 est
658 915 874 962 studiosus,
915 916 948 952 is
986 915 1084 953 nihil
1121 915 1271 964 indigni
1306 928 1478 966 unquam

122 972 308 1022 patietur,
347 973 498 1011 etiamsi
528 974 575 1011 ab
604 971 824 1010 hominibus
853 972 1037 1022 improbis
1066 985 1216 1011 summa
1246 971 1479 1010 contumelia

123 1029 324 1068 afficiatur.
378 1028 457 1068 Ubi
484 1043 576 1068 vero
604 1030 653 1067 ad
680 1029 957 1079 rempublicam
984 1029 1149 1068 velimus
1179 1030 1369 1076 accedere,
1400 1042 1478 1067 non

121 1085 229 1135 prius
255 1087 329 1124 hoc
356 1086 560 1134 faciemus,
601 1099 737 1137 quam,
777 1086 915 1137 ecquid
944 1086 1021 1123 iam
1050 1086 1091 1124 in
1119 1086 1267 1125 virtute
1307 1086 1476 1136 profece-

120 1142 252 1190 rimus,
282 1143 526 1193 exploratum
553 1144 775 1181 habeamus.
833 1143 962 1192 Turpe
1001 1147 1062 1181 est
1090 1143 1194 1183 enim
1228 1143 1475 1190 nescientem,

121 1199 214 1250 quid
241 1201 386 1238 bonum
413 1200 475 1248 sit,
505 1200 598 1252 quid
627 1199 724 1238 utile
738 1230 747 1247 ,
779 1199 872 1251 quid
902 1200 1120 1247 honestum,
1153 1199 1316 1238 aliorum
1345 1213 1407 1238 res
1438 1204 1478 1239 61

120 1256 277 1304 negotia
304 1262 448 1294 curare
466 1257 578 1296 velle.
636 1256 814 1307 Denique
842 1257 915 1294 hoc
944 1260 1164 1303 teneamus,
1204 1257 1389 1306 optimam
1418 1257 1476 1296 vi-

122 1313 237 1351 vendi
256 1313 447 1351 rationem
460 1313 502 1351 in
530 1327 574 1351 eo
603 1313 717 1360 cerni,
746 1317 791 1351 ut
810 1314 1098 1363 temperantiae,
1127 1313 1301 1352 iustitiae
1322 1314 1477 1352 ceteris-

121 1382 196 1420 que
215 1369 425 1408 virtutibus
442 1370 562 1408 dediti
582 1374 620 1409 et
639 1369 817 1408 vivamus
834 1374 874 1409 et
893 1371 1112 1409 moriamur.
1143 1371 1185 1408 P.
1201 1371 1292 1409 527.
1304 1373 1351 1409 A.
1369 1393 1415 1397 —-
1429 1372 1475 1409 E.

209 1551 274 1600 II.
322 1551 581 1619 Expositio
618 1554 858 1620 propositi
894 1562 942 1602 et
977 1553 1173 1603 consilii
1209 1554 1384 1621 operis.

203 1655 290 1693 Hoc
316 1655 436 1704 igitur
463 1657 551 1695 libri
581 1661 854 1706 argumentum
883 1662 961 1705 est3
993 1671 1070 1710 quo
1090 1663 1268 1698 enarrato
1287 1659 1474 1711 sequitur,

121 1716 176 1758 ut,
205 1712 298 1763 quid
314 1713 425 1751 Plato
454 1713 496 1751 in
523 1726 568 1751 eo
585 1714 784 1753 scribendo
805 1716 1049 1765 spectaverit,
1079 1716 1250 1755 breviter
1278 1717 1474 1766 explican-

121 1768 213 1805 dum
231 1769 292 1807 sit.
322 1769 381 1807 De
399 1783 477 1821 qua
485 1783 527 1808 re
547 1784 781 1823 quamquam
801 1774 849 1810 ab
869 1772 955 1810 aliis
966 1773 1079 1810 aliter
1095 1777 1155 1811 est
1174 1773 1387 1812 iudicatum
1395 1773 1474 1822 Ἠ),

120 1828 260 1872 tamen,
280 1825 348 1863 ubi
368 1826 535 1876 primum
555 1827 760 1877 diligenter
779 1829 1068 1876 attenderimus,
1086 1829 1180 1880 quid
1199 1831 1358 1868 tandem
1376 1830 1474 1868 illud

120 1881 181 1928 sit,
211 1882 258 1920 de
287 1895 363 1933 quo
393 1887 548 1932 agatur,
580 1898 625 1922 ac
651 1885 789 1923 deinde
820 1899 972 1923 omnem
1003 1886 1276 1935 disputationis
1304 1887 1386 1925 vim
1416 1891 1473 1925 at-

120 1950 195 1988 que
223 1939 371 1988 copiam
397 1941 538 1979 mentis
567 1941 798 1990 cogitatione
824 1943 934 1980 velut
961 1942 1003 1979 111
1031 1956 1153 1980 unum
1171 1943 1362 1993 complexi
1389 1944 1473 1982 fue-

119 1994 250 2041 rimus,
279 1995 364 2032 fieri
382 1999 484 2035 certe
502 1997 655 2046 poterit,
683 2002 738 2045 ut,
773 1999 864 2050 quid
893 1999 1121 2049 philosopho
1146 2003 1346 2051 tamquam
1371 2014 1473 2039 sum-

119 2063 225 2088 mum
253 2055 369 2103 atque
398 2053 596 2101 ultimum,
634 2055 682 2092 ad
710 2056 812 2106 quod
841 2069 972 2094 omnes
1002 2069 1046 2094 ac
1083 2056 1259 2105 singulae
1288 2057 1474 2096 sermonis

117 2111 246 2156 partes
273 2108 504 2158 referuntur,
532 2110 774 2161 propositum
801 2112 937 2160 fuerit,
977 2113 1225 2163 probabiliter
1253 2114 1471 2154 definiatur.

184 2267 219 2310 ³³)
243 2268 408 2301 Similiter
438 2269 476 2301 in
509 2269 668 2304 Phaedro
697 2270 886 2304 rhetoricae
916 2271 952 2305 id
982 2273 1195 2317 propositum
1224 2285 1299 2307 esse
1322 2274 1474 2308 docetur

119 2316 284 2355 oportere,
308 2317 346 2345 ut
368 2313 434 2346 diis
458 2316 549 2357 grati
572 2316 689 2357 simus,
712 2327 746 2359 p.
769 2315 846 2350 273.
869 2318 910 2350 Ε.
935 2328 1027 2360 seqq.

185 2358 239 2398 Η)
264 2358 411 2391 Mirifice
440 2360 507 2392 viri
538 2360 632 2393 docti
660 2366 731 2394 tam
763 2363 906 2405 antiqua
939 2367 1048 2396 aetate
1088 2375 1190 2406 quam
1221 2366 1471 2399 recentioribus

118 2402 329 2445 temporibus
353 2403 606 2447 dubitaverunt,
632 2407 716 2448 quid
738 2408 877 2440 tandem
891 2408 1098 2451 philosopho
1116 2410 1151 2442 in
1176 2421 1216 2442 eo
1233 2412 1471 2455 consignando

118 2452 293 2490 tamquam
315 2448 476 2482 ultimum
493 2454 594 2492 atque
612 2462 782 2485 summum
801 2454 905 2486 fuerit
926 2455 1149 2496 propositum.
1182 2456 1271 2489 Nam
1290 2456 1352 2489 ubi
1368 2467 1471 2500 quae-

118 2493 224 2525 rimus
247 2493 289 2526 de
311 2498 466 2527 veterum
489 2496 686 2530 criticorum
709 2498 775 2530 hac
798 2499 835 2530 in
859 2510 984 2531 caussa
1007 2499 1157 2541 iudiciis,
1181 2505 1392 2545 quantopere
1416 2503 1470 2535 illi

118 2548 159 2570 ea
183 2538 224 2571 de
247 2550 283 2571 re
305 2540 396 2572 inter
419 2550 455 2572 se
479 2540 769 2583 discordaverint,
798 2545 990 2576 certissime
1020 2549 1165 2578 testatur
1188 2547 1468 2589 Olympiodorus.

119 2583 152 2614 Is
189 2584 280 2616 enim
311 2585 347 2617 in
379 2586 549 2628 principio
582 2589 901 2622 commentariorum
937 2591 974 2621 in
1006 2591 1171 2633 Gorgiam
1202 2594 1470 2635 compositorum

118 2628 203 2660 haec
227 2630 395 2683 exposuit.
443 2627 488 2663 ‘O
512 2630 552 2664 δὲ
576 2630 722 2671 σκοπὸς,
747 2634 878 2676 inquit,
902 2632 1000 2668 ἄλλος
1023 2633 1133 2670 ἄλλοις
1159 2635 1283 2679 ἔδοξεν
1306 2634 1408 2671 εἶναι.
1433 2638 1470 2670 οἱ

117 2673 180 2712 μὲν
202 2685 269 2718 γαρ
297 2686 423 2715 φασιν,
456 2674 505 2708 ὅτι
531 2675 658 2712 σκοπὸς
688 2677 782 2723 αὐτῷ
813 2681 894 2722 περὶ
922 2678 1105 2725 ῥητορικῆς
1136 2681 1376 2727 διαλεχθῆναι,
1412 2684 1467 2716 καὶ
