1690 2912
231 115 281 149 64
697 112 1087 153 PROLEGOMENA

227 221 316 272 quio
345 222 384 259 in
420 222 560 271 primos
597 235 716 261 annos
752 224 842 261 belli
870 225 1178 275 Peloponnesiaci
1217 227 1352 265 collato
1388 229 1553 266 sermoni

226 290 408 327 perquam
436 278 650 327 importune
678 278 877 318 intertexti
903 293 985 318 esse
1014 281 1257 319 existimandi
1285 283 1420 322 forent.
1477 285 1551 321 Sed

226 333 298 370 hoc
324 333 448 382 ipsum
476 347 544 371 nos
572 334 760 381 admonet,
788 340 832 373 ut
859 335 974 374 etiam
991 337 1121 386 paucis
1147 337 1412 388 disquiramus,
1440 352 1552 390 quor-

226 401 310 425 sum
338 389 554 438 pertineant
581 401 678 439 quae
705 403 741 440 p.
773 393 862 428 519.
892 393 939 429 A.
968 397 1009 430 et
1035 406 1072 442 p.
1093 396 1183 430 481.
1202 393 1249 430 D.
1278 394 1326 430 de
1355 394 1552 432 Alcibiade

225 444 433 493 perscripta
478 445 668 492 leguntur.
742 447 910 484 Accusat
954 460 1046 486 vero
1083 448 1255 486 Socrates
1299 462 1335 498 p.
1374 452 1465 488 519.
1504 453 1551 488 A.

225 500 499 546 Athenienses,
546 501 646 551 quod
690 501 948 550 praesentium
984 502 1170 541 malorum
1207 516 1360 541 caussas
1397 517 1473 542 non
1511 505 1551 542 in

224 568 335 593 veros
361 555 515 593 illorum
542 559 735 602 auctores,
764 556 830 607 qui
859 558 1022 596 antehac
1047 558 1235 606 vixerint,
1263 560 1329 597 sed
1356 560 1484 609 potius
1512 561 1552 598 in

225 623 300 657 eos,
329 611 395 661 qui
423 623 526 649 nunc
551 611 677 661 ipsum
704 611 850 659 vivant,
878 614 1048 651 conferre
1075 614 1234 661 soleant,
1263 616 1363 653 unde
1391 628 1456 653 eos
1485 629 1552 653 au-

224 670 384 714 guratur
421 667 537 705 etiam
574 667 766 705 Calliclem
804 672 919 719 atque
967 669 1130 708 amicum
1167 683 1279 708 suum
1315 671 1551 709 Alcibiadem

224 723 476 770 prehensuros
504 735 598 769 esse,
626 724 777 773 quando
795 724 959 772 pristina
977 737 1127 776 quoque
1155 739 1234 762 una
1260 738 1346 763 eum
1364 726 1422 773 iis,
1451 740 1550 777 quae

225 778 348 815 adhuc
377 777 668 829 acquisiverint,
696 778 880 828 perdituri
908 779 997 818 sint.
1034 781 1077 818 P.
1099 784 1190 819 481.
1211 781 1258 818 D.
1288 794 1392 832 seqq.
1421 787 1550 820 autem

223 833 417 871 Calliclem
454 833 578 883 lepide
617 834 838 880 cavillatur,
876 836 978 885 quod
1015 848 1083 885 per
1110 836 1236 873 omnia
1264 837 1444 875 concedat
1470 841 1551 875 tam

223 891 283 941 τῷ
311 886 427 942 δήμῳ
446 888 742 927 Atheniensium
759 902 875 940 quam
893 887 1039 943 Δήμῳ,
1066 891 1294 941 Pyrilampis
1312 892 1403 939 filio,
1430 906 1549 944 quum

222 944 304 994 ipse
340 958 457 982 unam
492 944 767 994 philosophiam
815 945 856 983 in
894 946 1039 984 deliciis
1074 947 1234 993 habeat,
1282 960 1380 999 quae
1416 949 1548 986 eadem

223 1013 371 1050 semper
398 1001 557 1039 suadeat
583 1003 624 1038 et
651 1000 783 1039 alteris
801 1000 946 1039 deliciis
964 1002 1055 1048 suis,
1083 1001 1292 1050 Alcibiade,
1323 1003 1445 1041 multo
1463 1016 1550 1042 con-

223 1056 386 1094 stantior
421 1055 491 1102 sit,
535 1055 677 1106 quippe
714 1069 834 1107 quum
870 1056 1015 1095 Cliniae
1050 1057 1154 1095 filius
1191 1058 1275 1096 aliis
1311 1063 1427 1109 atque
1465 1059 1550 1098 aliis

222 1115 355 1151 utatur
391 1111 635 1149 orationibus.
709 1112 817 1150 Haec
854 1111 974 1160 igitur
1017 1113 1144 1151 omnia
1179 1113 1256 1151 iam
1292 1115 1550 1165 quaerendum

222 1171 282 1205 est
307 1181 400 1205 num
427 1180 504 1218 qua
532 1170 572 1206 et
597 1166 681 1216 ipsa
706 1166 747 1205 in
766 1167 915 1217 Olymp.
935 1171 999 1214 93,
1029 1171 1065 1205 4.
1087 1169 1325 1208 conveniant.
1363 1170 1552 1208 Videntur

222 1227 351 1261 autem
379 1236 426 1261 ea
451 1222 629 1260 facillime
657 1222 827 1272 expediri
853 1235 982 1272 posse,
1021 1223 1223 1262 dummodo
1250 1237 1299 1263 ne
1326 1226 1374 1263 ad
1401 1226 1549 1265 iuveni-

224 1279 299 1316 lem
326 1278 535 1316 Alcibiadis
562 1281 747 1324 aetatem,
777 1279 843 1316 sed
870 1279 918 1316 ad
945 1279 1170 1317 maturiores
1197 1279 1279 1318 eius
1306 1293 1424 1319 annos
1452 1282 1549 1319 refe-

222 1338 367 1373 rantur.
424 1333 575 1383 Quippe
601 1333 821 1383 respicitur,
859 1334 1011 1383 opinor,
1051 1335 1098 1372 ad
1126 1335 1319 1373 fortunam
1355 1341 1396 1375 et
1422 1337 1549 1374 condi-

222 1389 387 1437 tionem,
416 1402 494 1440 qua
522 1389 671 1440 Olymp.
702 1392 767 1435 93,
799 1392 835 1426 3.
864 1389 945 1428 sive
974 1402 1074 1428 anno
1102 1395 1191 1428 ante
1216 1391 1338 1429 habiti
1366 1393 1549 1431 sermonis

222 1450 373 1496 tempus
400 1445 570 1495 proxime
595 1443 786 1494 superiore
814 1457 906 1482 usus
933 1448 1003 1492 est,
1030 1458 1211 1496 quorsum
1237 1447 1407 1496 respexit
1433 1448 1549 1486 etiam

222 1501 498 1551 Aristophanes
515 1501 638 1538 Rann.
667 1500 708 1538 in
735 1500 909 1549 parabasi
936 1513 1034 1539 vers.
1064 1504 1143 1539 693
1172 1515 1277 1553 seqq.
1314 1502 1412 1540 Tum
1446 1503 1548 1541 enim

206 1556 438 1595 ‚Alcibiades
475 1559 563 1606 post
598 1556 741 1605 praelia
776 1557 962 1606 quaedam
990 1557 1173 1603 secunda,
1212 1570 1310 1608 quae
1343 1558 1426 1608 ipso
1452 1559 1548 1596 duce

221 1617 332 1651 erant
359 1612 564 1658 commissa,
593 1615 747 1661 propter
765 1611 945 1649 Antiochi
973 1612 1079 1649 ducis
1106 1612 1399 1662 imprudentiam
1427 1627 1547 1664 quan-

221 1669 309 1705 dam
337 1681 380 1706 ac
407 1667 661 1706 temeritatem
697 1667 887 1705 exercitus
925 1667 1102 1717 imperi0‚
1140 1668 1286 1719 aliquot
1321 1669 1431 1707 annis
1458 1674 1548 1708 ante

222 1728 385 1773 accepto,
413 1737 545 1762 rursus
573 1726 783 1761 summotus
811 1726 879 1761 est.
938 1724 1189 1774 Posteaquam
1227 1724 1329 1762 enim
1355 1725 1455 1774 apud
1484 1725 1547 1763 Ti-

221 1780 456 1829 saphernem,
485 1778 585 1827 regis
603 1779 806 1816 Persarum
823 1779 1068 1828 praefectum,
1096 1778 1241 1818 diutius
1267 1784 1350 1818 erat
1367 1785 1547 1828 moratus,

222 1836 462 1874 Athenarum
498 1834 654 1874 civitate
691 1834 838 1872 interea
865 1834 1040 1872 civilibus
1067 1835 1234 1883 partium
1269 1836 1405 1874 studiis
1432 1837 1547 1875 vehe-

221 1895 369 1929 menter
396 1894 647 1941 conquassata
673 1890 817 1928 factum
844 1894 922 1936 est,
959 1894 1004 1928 ut
1031 1890 1180 1940 Olymp.
1210 1894 1280 1937 92,
1318 1894 1354 1928 2.
1384 1905 1437 1925 =
1466 1895 1542 1929 411

221 1959 255 1984 a.
284 1947 370 1985 Chr.
409 1946 647 1997 Thrasybulo
684 1949 837 1983 auctore
881 1946 960 1983 dux
997 1945 1178 1984 maritimi
1213 1946 1403 1985 exercitus
1446 1959 1547 1984 crea-

219 2006 327 2041 retur
354 2006 393 2041 et
420 2002 462 2039 in
489 2001 652 2051 patriam
679 2004 930 2039 revocaretur.
997 1999 1082 2041 Quo
1107 2001 1208 2039 facto
1235 2002 1548 2050 splendidissimis

220 2058 390 2096 victoriis
418 2058 465 2095 de
492 2056 875 2095 Lacedaemoniorum
912 2056 1031 2094 classe
1064 2056 1266 2105 reportatis
1292 2056 1348 2095 ita
1373 2058 1548 2096 Athenas

220 2114 398 2160 revertit,
435 2117 480 2152 ut
507 2113 560 2151 ibi
589 2112 705 2151 etiam
732 2110 909 2150 maximis
946 2111 1152 2149 honoribus
1189 2116 1396 2151 ornaretur.
1452 2113 1547 2151 Mox

220 2174 349 2207 tamen
378 2169 585 2215 Antiocho,
614 2167 744 2206 classis
771 2168 1043 2216 gubernatore,
1073 2179 1096 2204 a
1121 2167 1319 2217 Lysandro
1346 2169 1394 2206 ad
1421 2168 1547 2218 Ephe-

220 2238 305 2263 sum
332 2225 482 2264 devicto
517 2223 667 2262 mobilis
702 2224 838 2262 turbae
872 2223 1022 2261 decreto
1057 2235 1204 2260 summa
1239 2222 1387 2273 imperii
1415 2236 1547 2262 rursus

219 2281 393 2330 privatus
422 2283 499 2327 est,
535 2281 687 2318 Conone
715 2278 755 2316 in
782 2277 903 2328 ipsius
928 2277 1054 2316 locum
1080 2278 1258 2325 suffecto,
1297 2279 1336 2317 id
1363 2279 1465 2330 quod
1492 2279 1547 2318 ita

220 2336 356 2375 accidit
383 2336 533 2387 Olymp.
563 2338 626 2381 93,
658 2337 694 2373 2.
722 2334 785 2373 vel
815 2337 850 2371 3.
881 2347 934 2368 =
965 2337 1043 2372 406
1073 2346 1106 2372 a.
1135 2334 1222 2372 Chr.
1258 2347 1294 2373 v.
1324 2334 1544 2383 Xenoph.

219 2391 371 2430 Hellen.
391 2392 424 2438 Ι,
445 2396 481 2438 4,
507 2394 566 2428 18.
596 2389 678 2428 coll.
697 2390 731 2436 I,
754 2392 787 2435 1,
821 2392 838 2427 1
862 2401 967 2440 seqq.
995 2388 1191 2427 Diodor.
1211 2389 1328 2436 XIII,
1350 2392 1413 2428 88.
1433 2390 1544 2439 Nep.

219 2447 297 2486 vit.
325 2447 448 2485 Alcib.
477 2446 692 2496 Thucyd.
720 2445 832 2491 VIII,
863 2447 926 2481 38.
955 2444 1208 2482 Plutarch.
1247 2444 1370 2483 Alcib.
1400 2448 1463 2483 35.
1494 2446 1542 2483 al.

219 2503 318 2540 Illuc
343 2502 471 2551 igitur,
499 2501 566 2539 ubi
585 2499 815 2551 colloquium
834 2499 982 2550 Olymp.
1003 2502 1067 2545 93,
1088 2503 1123 2537 4.
1144 2499 1393 2548 assignamus,
1419 2500 1543 2538 locum

219 2558 328 2595 illum
354 2571 390 2608 p.
421 2561 512 2595 519.
541 2558 588 2594 A.
615 2557 824 2594 referamus
851 2567 1004 2594 necesse
1042 2559 1112 2593 est.
1167 2555 1248 2594 Nec
1273 2568 1364 2595 vero
1400 2555 1542 2593 intelli-

219 2613 355 2661 gimus,
382 2626 448 2651 cur
466 2612 505 2650 id
524 2612 607 2650 fieri
634 2624 711 2650 non
738 2623 846 2661 posse
871 2610 1143 2650 existimemus.
1180 2611 1279 2649 Nam
1297 2611 1541 2649 maturiorem
