<?xml version="1.0" encoding="UTF-8"?>
<!DOCTYPE html PUBLIC "-//W3C//DTD XHTML 1.0 Transitional//EN"
    "http://www.w3.org/TR/xhtml1/DTD/xhtml1-transitional.dtd">
<html xmlns="http://www.w3.org/1999/xhtml" xml:lang="en" lang="en">
 <head>
  <title>
</title>
<meta http-equiv="Content-Type" content="text/html;charset=utf-8" />
  <meta name='ocr-system' content='tesseract 3.04.00' />
  <meta name='ocr-capabilities' content='ocr_page ocr_carea ocr_par ocr_line ocrx_word'/>
</head>
<body>
  <div class='ocr_page' id='page_1' title='image "./operaomniarecens02platuoft/operaomniarecens02platuoft_0474.png"; bbox 0 0 1722 2964; ppageno 0'>
   <div class='ocr_carea' id='block_1_1' title="bbox 169 125 253 168">
    <p class='ocr_par' dir='ltr' id='par_1_1' title="bbox 169 125 253 168">
     <span class='ocr_line' id='line_1_1' title="bbox 169 125 253 168; baseline 0 -1"><span class='ocrx_word' id='word_1_1' title='bbox 169 125 253 168; x_wconf 87' lang='lat'><strong><em>114</em></strong></span> 
     </span>
    </p>
   </div>
   <div class='ocr_carea' id='block_1_2' title="bbox 852 0 1196 69">
    <p class='ocr_par' dir='ltr' id='par_1_2' title="bbox 852 0 1196 69">
     <span class='ocr_line' id='line_1_2' title="bbox 852 0 1196 69; baseline 0 2895"><span class='ocrx_word' id='word_1_2' title='bbox 852 0 1196 69; x_wconf 95' lang='lat' dir='ltr'><strong><em> </em></strong></span> 
     </span>
    </p>
   </div>
   <div class='ocr_carea' id='block_1_3' title="bbox 713 129 1015 167">
    <p class='ocr_par' dir='ltr' id='par_1_3' title="bbox 713 129 1015 167">
     <span class='ocr_line' id='line_1_3' title="bbox 713 129 1015 167; baseline 0.003 -2"><span class='ocrx_word' id='word_1_3' title='bbox 713 129 1015 167; x_wconf 76' lang='lat' dir='ltr'><strong>PLA&#39;role</strong></span> 
     </span>
    </p>
   </div>
   <div class='ocr_carea' id='block_1_4' title="bbox 98 239 1571 634">
    <p class='ocr_par' dir='ltr' id='par_1_4' title="bbox 98 239 1571 634">
     <span class='ocr_line' id='line_1_4' title="bbox 165 239 1571 301; baseline 0.004 -14"><span class='ocrx_word' id='word_1_4' title='bbox 165 239 271 287; x_wconf 85' lang='grc' dir='ltr'><strong><em>αὐτὸ</em></strong></span> <span class='ocrx_word' id='word_1_5' title='bbox 294 239 343 286; x_wconf 84' lang='grc' dir='ltr'><strong><em>τὸ</em></strong></span> <span class='ocrx_word' id='word_1_6' title='bbox 365 251 633 301; x_wconf 80' lang='grc' dir='ltr'><strong><em>πρυτανεῖον</em></strong></span> <span class='ocrx_word' id='word_1_7' title='bbox 654 244 731 299; x_wconf 86' lang='grc' dir='ltr'><strong><em>τῆς</em></strong></span> <span class='ocrx_word' id='word_1_8' title='bbox 763 245 921 300; x_wconf 78' lang='grc' dir='ltr'><em>σοφίας</em></span> <span class='ocrx_word' id='word_1_9' title='bbox 952 243 1025 287; x_wconf 83' lang='grc' dir='ltr'><strong><em>καὶ</em></strong></span> <span class='ocrx_word' id='word_1_10' title='bbox 1049 240 1184 300; x_wconf 83' lang='grc' dir='ltr'><strong><em>αὐτῆς</em></strong></span> <span class='ocrx_word' id='word_1_11' title='bbox 1206 245 1282 301; x_wconf 81' lang='grc' dir='ltr'><strong><em>τῆς</em></strong></span> <span class='ocrx_word' id='word_1_12' title='bbox 1304 242 1469 300; x_wconf 74' lang='grc' dir='ltr'><strong><em>πόλεως</em></strong></span> <span class='ocrx_word' id='word_1_13' title='bbox 1501 250 1571 299; x_wconf 79' lang='grc' dir='ltr'><strong><em>εἰς</em></strong></span> 
     </span>
     <span class='ocr_line' id='line_1_5' title="bbox 162 306 1569 368; baseline 0.004 -15"><span class='ocrx_word' id='word_1_14' title='bbox 162 306 239 354; x_wconf 88' lang='grc' dir='ltr'><strong><em>τὸν</em></strong></span> <span class='ocrx_word' id='word_1_15' title='bbox 269 309 475 366; x_wconf 79' lang='grc' dir='ltr'><strong><em>μέγιστον</em></strong></span> <span class='ocrx_word' id='word_1_16' title='bbox 506 309 580 353; x_wconf 87' lang='grc' dir='ltr'><strong><em>καὶ</em></strong></span> <span class='ocrx_word' id='word_1_17' title='bbox 610 306 877 365; x_wconf 69' lang='grc' dir='ltr'><strong><em>ὀλβιώτατον</em></strong></span> <span class='ocrx_word' id='word_1_18' title='bbox 915 307 1038 355; x_wconf 81' lang='grc' dir='ltr'><strong><em>οἷκον</em></strong></span> <span class='ocrx_word' id='word_1_19' title='bbox 1068 307 1217 366; x_wconf 84' lang='grc' dir='ltr'><strong><em>τόνδε,</em></strong></span> <span class='ocrx_word' id='word_1_20' title='bbox 1241 309 1380 368; x_wconf 71' lang='grc' dir='ltr'><strong><em>μηδὲν</em></strong></span> <span class='ocrx_word' id='word_1_21' title='bbox 1407 309 1569 358; x_wconf 82' lang='grc' dir='ltr'><strong><em>τούτου</em></strong></span> 
     </span>
     <span class='ocr_line' id='line_1_6' title="bbox 162 371 1566 434; baseline 0.001 -13"><span class='ocrx_word' id='word_1_22' title='bbox 162 375 242 421; x_wconf 80' lang='grc' dir='ltr'><strong><em>τοῦ</em></strong></span> <span class='ocrx_word' id='word_1_23' title='bbox 264 371 505 432; x_wconf 73' lang='grc' dir='ltr'><strong><em>ἀξιώματος</em></strong></span> <span class='ocrx_word' id='word_1_24' title='bbox 529 372 652 428; x_wconf 79' lang='grc' dir='ltr'><strong><em>ἄξιον</em></strong></span> <span class='ocrx_word' id='word_1_25' title='bbox 675 372 1006 433; x_wconf 76' lang='grc' dir='ltr'><strong><em>ἀποφήνασθαι,</em></strong></span> <span class='ocrx_word' id='word_1_26' title='bbox 1030 373 1125 420; x_wconf 79' lang='grc' dir='ltr'><strong><em>ἀλλ’</em></strong></span> <span class='ocrx_word' id='word_1_27' title='bbox 1155 374 1300 434; x_wconf 73' lang='grc' dir='ltr'><strong><em>ὥσπερ</em></strong></span> <span class='ocrx_word' id='word_1_28' title='bbox 1324 375 1425 430; x_wconf 88' lang='grc' dir='ltr'><strong><em>τούς</em></strong></span> <span class='ocrx_word' id='word_1_29' title='bbox 1447 395 1566 434; x_wconf 89' lang='grc' dir='ltr'><strong><em>φαυ-</em></strong></span> 
     </span>
     <span class='ocr_line' id='line_1_7' title="bbox 98 438 1569 501; baseline 0.001 -13"><span class='ocrx_word' id='word_1_30' title='bbox 98 455 128 488; x_wconf 85' lang='grc' dir='ltr'><strong>Ε</strong></span> <span class='ocrx_word' id='word_1_31' title='bbox 163 438 369 494; x_wconf 84' lang='grc' dir='ltr'><strong><em>λοτάτους</em></strong></span> <span class='ocrx_word' id='word_1_32' title='bbox 392 443 481 487; x_wconf 78' lang='grc' dir='ltr'><strong><em>τῶν</em></strong></span> <span class='ocrx_word' id='word_1_33' title='bbox 504 439 759 499; x_wconf 74' lang='grc' dir='ltr'><strong><em>ἀνθρώπων</em></strong></span> <span class='ocrx_word' id='word_1_34' title='bbox 782 443 1074 501; x_wconf 81' lang='grc' dir='ltr'><strong><em>διαφέρεσθαι</em></strong></span> <span class='ocrx_word' id='word_1_35' title='bbox 1103 440 1316 500; x_wconf 84' lang='grc' dir='ltr'><strong><em>ἀλλήλοις.</em></strong></span> <span class='ocrx_word' id='word_1_36' title='bbox 1374 441 1460 500; x_wconf 69' lang='grc' dir='ltr'><strong><em>ἐγώ</em></strong></span> <span class='ocrx_word' id='word_1_37' title='bbox 1483 444 1569 501; x_wconf 73' lang='grc' dir='ltr'><strong><em>μὲν</em></strong></span> 
     </span>
     <span class='ocr_line' id='line_1_8' title="bbox 161 501 1565 567; baseline 0.002 -15"><span class='ocrx_word' id='word_1_38' title='bbox 161 501 243 552; x_wconf 87' lang='grc' dir='ltr'><strong><em>οὖν</em></strong></span> <span class='ocrx_word' id='word_1_39' title='bbox 266 508 340 552; x_wconf 82' lang='grc' dir='ltr'><strong><em>καὶ</em></strong></span> <span class='ocrx_word' id='word_1_40' title='bbox 364 508 516 566; x_wconf 86' lang='grc' dir='ltr'><strong><em>δέομαι</em></strong></span> <span class='ocrx_word' id='word_1_41' title='bbox 540 509 614 553; x_wconf 86' lang='grc' dir='ltr'><strong><em>καὶ</em></strong></span> <span class='ocrx_word' id='word_1_42' title='bbox 632 507 935 565; x_wconf 79' lang='grc' dir='ltr'><em>συμβουλεύω,</em></span> <span class='ocrx_word' id='word_1_43' title='bbox 955 503 989 554; x_wconf 79' lang='grc' dir='ltr'><strong><em>ὦ</em></strong></span> <span class='ocrx_word' id='word_1_44' title='bbox 1008 508 1280 567; x_wconf 83' lang='grc' dir='ltr'><strong><em>Πρωταγόρα</em></strong></span> <span class='ocrx_word' id='word_1_45' title='bbox 1303 527 1350 555; x_wconf 86' lang='grc' dir='ltr'><strong><em>τε</em></strong></span> <span class='ocrx_word' id='word_1_46' title='bbox 1367 511 1442 555; x_wconf 84' lang='grc' dir='ltr'><strong><em>καὶ</em></strong></span> <span class='ocrx_word' id='word_1_47' title='bbox 1459 509 1565 556; x_wconf 74' lang='grc' dir='ltr'><strong><em>Στό-</em></strong></span> 
     </span>
     <span class='ocr_line' id='line_1_9' title="bbox 160 572 1566 634; baseline 0.001 -15"><span class='ocrx_word' id='word_1_48' title='bbox 160 591 329 632; x_wconf 82' lang='grc' dir='ltr'><strong><em>κρατες,</em></strong></span> <span class='ocrx_word' id='word_1_49' title='bbox 354 577 576 632; x_wconf 86' lang='grc' dir='ltr'><strong><em>συμβῆναι</em></strong></span> <span class='ocrx_word' id='word_1_50' title='bbox 598 573 711 632; x_wconf 79' lang='grc' dir='ltr'><strong><em>ὑμᾶς</em></strong></span> <span class='ocrx_word' id='word_1_51' title='bbox 735 572 880 632; x_wconf 77' lang='grc' dir='ltr'><strong><em>ὥσπερ</em></strong></span> <span class='ocrx_word' id='word_1_52' title='bbox 904 573 991 620; x_wconf 78' lang='grc' dir='ltr'><strong><em>ὑπὸ</em></strong></span> <span class='ocrx_word' id='word_1_53' title='bbox 1010 577 1244 633; x_wconf 72' lang='grc' dir='ltr'><strong><em>διαιτητῶν</em></strong></span> <span class='ocrx_word' id='word_1_54' title='bbox 1261 574 1386 634; x_wconf 71' lang='grc' dir='ltr'><strong><em>ἡμῶν</em></strong></span> <span class='ocrx_word' id='word_1_55' title='bbox 1403 581 1566 633; x_wconf 79' lang='grc' dir='ltr'><strong><em>συμβι-</em></strong></span> 
     </span>
    </p>
   </div>
   <div class='ocr_carea' id='block_1_5' title="bbox 82 638 1567 700">
    <p class='ocr_par' dir='ltr' id='par_1_5' title="bbox 82 638 1567 700">
     <span class='ocr_line' id='line_1_10' title="bbox 82 638 1567 700; baseline -0.001 -11"><span class='ocrx_word' id='word_1_56' title='bbox 82 655 147 689; x_wconf 77' lang='lat'><strong><em>338</em></strong></span> <span class='ocrx_word' id='word_1_57' title='bbox 159 638 380 698; x_wconf 80' lang='grc' dir='ltr'><strong><em>βαζόντων</em></strong></span> <span class='ocrx_word' id='word_1_58' title='bbox 404 645 466 694; x_wconf 82' lang='grc' dir='ltr'><strong><em>εἰς</em></strong></span> <span class='ocrx_word' id='word_1_59' title='bbox 489 639 537 686; x_wconf 84' lang='grc' dir='ltr'><strong><em>τὸ</em></strong></span> <span class='ocrx_word' id='word_1_60' title='bbox 559 642 709 699; x_wconf 82' lang='grc' dir='ltr'><strong><em>μέσον,</em></strong></span> <span class='ocrx_word' id='word_1_61' title='bbox 733 642 806 686; x_wconf 81' lang='grc' dir='ltr'><strong><em>καὶ</em></strong></span> <span class='ocrx_word' id='word_1_62' title='bbox 829 641 936 700; x_wconf 88' lang='grc' dir='ltr'><strong><em>μήτε</em></strong></span> <span class='ocrx_word' id='word_1_63' title='bbox 961 641 1010 686; x_wconf 73' lang='grc' dir='ltr'><strong><em>σὲ</em></strong></span> <span class='ocrx_word' id='word_1_64' title='bbox 1025 640 1073 686; x_wconf 90' lang='grc' dir='ltr'><strong><em>τὸ</em></strong></span> <span class='ocrx_word' id='word_1_65' title='bbox 1097 639 1273 700; x_wconf 76' lang='grc' dir='ltr'><strong><em>ἀκριβὲς</em></strong></span> <span class='ocrx_word' id='word_1_66' title='bbox 1295 645 1422 688; x_wconf 86' lang='grc' dir='ltr'><strong><em>τοῦτο</em></strong></span> <span class='ocrx_word' id='word_1_67' title='bbox 1447 642 1567 695; x_wconf 82' lang='grc' dir='ltr'><strong><em>εἶδος</em></strong></span> 
     </span>
    </p>
   </div>
   <div class='ocr_carea' id='block_1_6' title="bbox 159 705 1565 767">
    <p class='ocr_par' dir='ltr' id='par_1_6' title="bbox 159 705 1565 767">
     <span class='ocr_line' id='line_1_11' title="bbox 159 705 1565 767; baseline 0.001 -15"><span class='ocrx_word' id='word_1_68' title='bbox 159 709 247 753; x_wconf 79' lang='grc' dir='ltr'><strong><em>τῶν</em></strong></span> <span class='ocrx_word' id='word_1_69' title='bbox 264 705 483 765; x_wconf 78' lang='grc' dir='ltr'><strong><em>διαλόγων</em></strong></span> <span class='ocrx_word' id='word_1_70' title='bbox 498 713 640 766; x_wconf 78' lang='grc' dir='ltr'><strong><em>ζητεῖν</em></strong></span> <span class='ocrx_word' id='word_1_71' title='bbox 654 706 700 753; x_wconf 82' lang='grc' dir='ltr'><strong><em>τὸ</em></strong></span> <span class='ocrx_word' id='word_1_72' title='bbox 718 706 826 753; x_wconf 82' lang='grc' dir='ltr'><strong><em>κατὰ</em></strong></span> <span class='ocrx_word' id='word_1_73' title='bbox 844 707 986 767; x_wconf 79' lang='grc' dir='ltr'><strong><em>βραχὺ</em></strong></span> <span class='ocrx_word' id='word_1_74' title='bbox 1001 713 1117 765; x_wconf 85' lang='grc' dir='ltr'><strong><em>λίαν,</em></strong></span> <span class='ocrx_word' id='word_1_75' title='bbox 1144 707 1256 767; x_wconf 79' lang='grc' dir='ltr'><strong><em>εἰμὴ</em></strong></span> <span class='ocrx_word' id='word_1_76' title='bbox 1275 707 1360 767; x_wconf 83' lang='grc' dir='ltr'><strong><em>ἡδὺ</em></strong></span> <span class='ocrx_word' id='word_1_77' title='bbox 1376 716 1565 766; x_wconf 81' lang='grc' dir='ltr'><strong><em>Πρωτα-</em></strong></span> 
     </span>
    </p>
   </div>
   <div class='ocr_carea' id='block_1_7' title="bbox 246 855 1569 912">
    <p class='ocr_par' dir='ltr' id='par_1_7' title="bbox 246 855 1569 912">
     <span class='ocr_line' id='line_1_12' title="bbox 246 855 1569 912; baseline 0.001 -19"><span class='ocrx_word' id='word_1_78' title='bbox 246 860 292 892; x_wconf 89' lang='lat' dir='ltr'><strong><em>D.</em></strong></span> <span class='ocrx_word' id='word_1_79' title='bbox 316 859 393 893; x_wconf 74' lang='grc' dir='ltr'><strong><em>καὶ</em></strong></span> <span class='ocrx_word' id='word_1_80' title='bbox 417 856 536 912; x_wconf 68' lang='grc' dir='ltr'><strong><em>α’ᾇτῆ</em></strong></span> <span class='ocrx_word' id='word_1_81' title='bbox 550 871 568 899; x_wconf 90' lang='grc' dir='ltr'><strong><em>ς</em></strong></span> <span class='ocrx_word' id='word_1_82' title='bbox 590 859 669 912; x_wconf 76' lang='grc' dir='ltr'><strong><em>τῇς</em></strong></span> <span class='ocrx_word' id='word_1_83' title='bbox 690 855 882 903; x_wconf 85' lang='grc' dir='ltr'><strong><em>πόλεως]</em></strong></span> <span class='ocrx_word' id='word_1_84' title='bbox 909 860 1102 894; x_wconf 81' lang='lat' dir='ltr'><strong>Bekkerus</strong></span> <span class='ocrx_word' id='word_1_85' title='bbox 1120 864 1157 893; x_wconf 89' lang='lat' dir='ltr'><strong><em>et</em></strong></span> <span class='ocrx_word' id='word_1_86' title='bbox 1172 860 1298 893; x_wconf 71' lang='lat' dir='ltr'><strong>Aetius</strong></span> <span class='ocrx_word' id='word_1_87' title='bbox 1315 861 1442 894; x_wconf 74' lang='lat' dir='ltr'><strong>invitis</strong></span> <span class='ocrx_word' id='word_1_88' title='bbox 1459 861 1569 894; x_wconf 62' lang='lat' dir='ltr'><strong>libris</strong></span> 
     </span>
    </p>
   </div>
   <div class='ocr_carea' id='block_1_8' title="bbox 158 903 725 948">
    <p class='ocr_par' dir='ltr' id='par_1_8' title="bbox 158 903 725 948">
     <span class='ocr_line' id='line_1_13' title="bbox 158 903 725 948; baseline 0 -10"><span class='ocrx_word' id='word_1_89' title='bbox 158 905 322 938; x_wconf 86' lang='lat' dir='ltr'><strong>omnibus</strong></span> <span class='ocrx_word' id='word_1_90' title='bbox 338 903 404 938; x_wconf 79' lang='grc' dir='ltr'><strong><em>καὶ</em></strong></span> <span class='ocrx_word' id='word_1_91' title='bbox 421 916 471 938; x_wconf 76' lang='lat' dir='ltr'><strong><em>av</em></strong></span> <span class='ocrx_word' id='word_1_92' title='bbox 487 905 555 948; x_wconf 83' lang='grc' dir='ltr'><strong><em>τῆς</em></strong></span> <span class='ocrx_word' id='word_1_93' title='bbox 571 907 725 943; x_wconf 78' lang='grc' dir='ltr'><strong><em>πολέως.</em></strong></span> 
     </span>
    </p>
   </div>
   <div class='ocr_carea' id='block_1_9' title="bbox 147 1029 828 2853">
    <p class='ocr_par' dir='ltr' id='par_1_9' title="bbox 147 1029 828 1536">
     <span class='ocr_line' id='line_1_14' title="bbox 147 1029 826 1080; baseline -0.001 -10"><span class='ocrx_word' id='word_1_94' title='bbox 147 1033 330 1076; x_wconf 77' lang='grc' dir='ltr'><strong><em>Ἑλλάδος</em></strong></span> <span class='ocrx_word' id='word_1_95' title='bbox 345 1038 535 1080; x_wconf 83' lang='grc' dir='ltr'><strong><em>μουσεῖον,</em></strong></span> <span class='ocrx_word' id='word_1_96' title='bbox 554 1029 602 1079; x_wconf 84' lang='grc' dir='ltr'><strong><em>ἣν</em></strong></span> <span class='ocrx_word' id='word_1_97' title='bbox 619 1031 638 1069; x_wconf 85' lang='grc' dir='ltr'>ὁ</span> <span class='ocrx_word' id='word_1_98' title='bbox 655 1033 826 1079; x_wconf 76' lang='grc' dir='ltr'><strong><em>μὲνΠίν-</em></strong></span> 
     </span>
     <span class='ocr_line' id='line_1_15' title="bbox 156 1076 826 1134; baseline -0.003 -19"><span class='ocrx_word' id='word_1_99' title='bbox 156 1081 271 1124; x_wconf 85' lang='grc' dir='ltr'><strong><em>δαρος</em></strong></span> <span class='ocrx_word' id='word_1_100' title='bbox 281 1076 460 1120; x_wconf 78' lang='grc' dir='ltr'><strong><em>Ἑλλάδος</em></strong></span> <span class='ocrx_word' id='word_1_101' title='bbox 470 1078 621 1122; x_wconf 73' lang='grc' dir='ltr'><strong><em>ἔρεισμα</em></strong></span> <span class='ocrx_word' id='word_1_102' title='bbox 632 1078 719 1134; x_wconf 80' lang='grc' dir='ltr'><strong><em>ἔφη,</em></strong></span> <span class='ocrx_word' id='word_1_103' title='bbox 729 1080 826 1114; x_wconf 81' lang='grc' dir='ltr'><strong><em>Θου-</em></strong></span> 
     </span>
     <span class='ocr_line' id='line_1_16' title="bbox 154 1112 828 1180; baseline -0.001 -21"><span class='ocrx_word' id='word_1_104' title='bbox 154 1124 317 1180; x_wconf 76' lang='grc' dir='ltr'><strong><em>κυδίδης</em></strong></span> <span class='ocrx_word' id='word_1_105' title='bbox 338 1120 378 1159; x_wconf 87' lang='grc' dir='ltr'><strong><em>δ’</em></strong></span> <span class='ocrx_word' id='word_1_106' title='bbox 403 1121 443 1159; x_wconf 78' lang='grc' dir='ltr'><strong><em>ἓν</em></strong></span> <span class='ocrx_word' id='word_1_107' title='bbox 466 1126 515 1158; x_wconf 85' lang='grc' dir='ltr'><strong><em>τῶ</em></strong></span> <span class='ocrx_word' id='word_1_108' title='bbox 540 1112 594 1163; x_wconf 74' lang='grc' dir='ltr'><strong><em>είς</em></strong></span> <span class='ocrx_word' id='word_1_109' title='bbox 610 1124 828 1168; x_wconf 80' lang='grc' dir='ltr'><strong><em>Ευριπίδην</em></strong></span> 
     </span>
     <span class='ocr_line' id='line_1_17' title="bbox 154 1159 826 1214; baseline -0.003 -10"><span class='ocrx_word' id='word_1_110' title='bbox 154 1166 408 1214; x_wconf 76' lang='grc' dir='ltr'><strong><em>ἔπιγραμματι</em></strong></span> <span class='ocrx_word' id='word_1_111' title='bbox 439 1159 619 1208; x_wconf 75' lang='grc' dir='ltr'><strong><em>Ἑλλάδος</em></strong></span> <span class='ocrx_word' id='word_1_112' title='bbox 648 1164 826 1211; x_wconf 87' lang='grc' dir='ltr'><strong><em>Ἑλλάδα,</em></strong></span> 
     </span>
     <span class='ocr_line' id='line_1_18' title="bbox 155 1209 826 1256; baseline -0.004 -7"><span class='ocrx_word' id='word_1_113' title='bbox 155 1210 175 1249; x_wconf 84' lang='grc' dir='ltr'><em>ὃ</em></span> <span class='ocrx_word' id='word_1_114' title='bbox 203 1212 246 1249; x_wconf 81' lang='grc' dir='ltr'><strong><em>δὲ</em></strong></span> <span class='ocrx_word' id='word_1_115' title='bbox 271 1210 424 1252; x_wconf 74' lang='grc' dir='ltr'><strong><em>Πύθιος</em></strong></span> <span class='ocrx_word' id='word_1_116' title='bbox 453 1209 581 1247; x_wconf 73' lang='grc' dir='ltr'><strong><em>ἑστίαν</em></strong></span> <span class='ocrx_word' id='word_1_117' title='bbox 603 1212 668 1246; x_wconf 81' lang='grc' dir='ltr'><strong><em>καὶ</em></strong></span> <span class='ocrx_word' id='word_1_118' title='bbox 684 1224 826 1256; x_wconf 86' lang='grc' dir='ltr'><strong><em>πρυτα-</em></strong></span> 
     </span>
     <span class='ocr_line' id='line_1_19' title="bbox 156 1253 824 1301; baseline -0.001 -8"><span class='ocrx_word' id='word_1_119' title='bbox 156 1262 259 1293; x_wconf 82' lang='grc' dir='ltr'><strong><em>νεῖον</em></strong></span> <span class='ocrx_word' id='word_1_120' title='bbox 284 1258 359 1292; x_wconf 86' lang='grc' dir='ltr'><strong><em>τῶν</em></strong></span> <span class='ocrx_word' id='word_1_121' title='bbox 380 1253 581 1301; x_wconf 79' lang='grc' dir='ltr'><strong><em>Ἑλλήνων.</em></strong></span> <span class='ocrx_word' id='word_1_122' title='bbox 610 1259 657 1291; x_wconf 82' lang='lat' dir='ltr'><strong><em>ef.</em></strong></span> <span class='ocrx_word' id='word_1_123' title='bbox 679 1258 774 1290; x_wconf 89' lang='lat' dir='ltr'><strong>idem</strong></span> <span class='ocrx_word' id='word_1_124' title='bbox 789 1269 824 1300; x_wconf 89' lang='lat' dir='ltr'><strong><em>p.</em></strong></span> 
     </span>
     <span class='ocr_line' id='line_1_20' title="bbox 154 1302 824 1338; baseline -0.004 -1"><span class='ocrx_word' id='word_1_125' title='bbox 154 1305 219 1337; x_wconf 79' lang='grc'><strong><em>254</em></strong></span> <span class='ocrx_word' id='word_1_126' title='bbox 235 1304 276 1338; x_wconf 90' lang='grc' dir='ltr'><strong><em>Β.</em></strong></span> <span class='ocrx_word' id='word_1_127' title='bbox 292 1303 435 1338; x_wconf 82' lang='lat' dir='ltr'><strong>Aelian.</strong></span> <span class='ocrx_word' id='word_1_128' title='bbox 453 1304 496 1336; x_wconf 87' lang='lat' dir='ltr'><strong><em>V.</em></strong></span> <span class='ocrx_word' id='word_1_129' title='bbox 513 1303 559 1337; x_wconf 87' lang='grc' dir='ltr'><strong><em>Η.</em></strong></span> <span class='ocrx_word' id='word_1_130' title='bbox 583 1303 644 1335; x_wconf 88' lang='lat' dir='ltr'><strong><em>IV.</em></strong></span> <span class='ocrx_word' id='word_1_131' title='bbox 663 1304 695 1335; x_wconf 85' lang='grc'><strong><em>6.</em></strong></span> <span class='ocrx_word' id='word_1_132' title='bbox 711 1302 824 1335; x_wconf 82' lang='lat' dir='ltr'><strong>Thue.</strong></span> 
     </span>
     <span class='ocr_line' id='line_1_21' title="bbox 153 1347 826 1391; baseline -0.004 -9"><span class='ocrx_word' id='word_1_133' title='bbox 153 1349 201 1382; x_wconf 90' lang='lat'><strong><em>11.</em></strong></span> <span class='ocrx_word' id='word_1_134' title='bbox 214 1350 270 1381; x_wconf 85' lang='lat'><strong><em>41.</em></strong></span> <span class='ocrx_word' id='word_1_135' title='bbox 302 1348 429 1391; x_wconf 82' lang='lat' dir='ltr'><strong>Magni</strong></span> <span class='ocrx_word' id='word_1_136' title='bbox 447 1350 567 1379; x_wconf 85' lang='lat' dir='ltr'><strong>autem</strong></span> <span class='ocrx_word' id='word_1_137' title='bbox 583 1347 826 1379; x_wconf 80' lang='lat' dir='ltr'><strong>Athenienses</strong></span> 
     </span>
     <span class='ocr_line' id='line_1_22' title="bbox 153 1392 825 1430; baseline -0.004 -4"><span class='ocrx_word' id='word_1_138' title='bbox 153 1393 249 1426; x_wconf 80' lang='lat' dir='ltr'><strong>tales</strong></span> <span class='ocrx_word' id='word_1_139' title='bbox 266 1392 394 1426; x_wconf 76' lang='lat' dir='ltr'><strong>laudea</strong></span> <span class='ocrx_word' id='word_1_140' title='bbox 417 1392 596 1430; x_wconf 85' lang='lat' dir='ltr'><strong>fecerunt,</strong></span> <span class='ocrx_word' id='word_1_141' title='bbox 619 1401 655 1426; x_wconf 85' lang='lat' dir='ltr'><strong><em>v.</em></strong></span> <span class='ocrx_word' id='word_1_142' title='bbox 672 1392 825 1424; x_wconf 82' lang='lat' dir='ltr'><strong>Isocrat.</strong></span> 
     </span>
     <span class='ocr_line' id='line_1_23' title="bbox 156 1430 827 1486; baseline -0.003 -16"><span class='ocrx_word' id='word_1_143' title='bbox 156 1439 210 1478; x_wconf 82' lang='lat'><strong><em>15,</em></strong></span> <span class='ocrx_word' id='word_1_144' title='bbox 236 1438 318 1470; x_wconf 83' lang='lat'>156:</span> <span class='ocrx_word' id='word_1_145' title='bbox 351 1435 550 1478; x_wconf 87' lang='grc' dir='ltr'><strong><em>Πίνδαρον</em></strong></span> <span class='ocrx_word' id='word_1_146' title='bbox 573 1430 641 1469; x_wconf 87' lang='grc' dir='ltr'><strong><em>τὸν</em></strong></span> <span class='ocrx_word' id='word_1_147' title='bbox 663 1430 827 1486; x_wconf 74' lang='grc' dir='ltr'><strong><em>ποιητὴν</em></strong></span> 
     </span>
     <span class='ocr_line' id='line_1_24' title="bbox 153 1473 827 1536; baseline -0.004 -22"><span class='ocrx_word' id='word_1_148' title='bbox 153 1476 276 1531; x_wconf 42' lang='grc' dir='ltr'><strong><em>οἰζπρό</em></strong></span> <span class='ocrx_word' id='word_1_149' title='bbox 294 1476 401 1536; x_wconf 62' lang='grc' dir='ltr'><strong><em>ἡμῶν</em></strong></span> <span class='ocrx_word' id='word_1_150' title='bbox 417 1475 612 1531; x_wconf 56' lang='grc' dir='ltr'><strong><em>γεγονότες</em></strong></span> <span class='ocrx_word' id='word_1_151' title='bbox 631 1475 726 1531; x_wconf 54' lang='grc' dir='ltr'><strong><em>Ιιῖζπὲρ</em></strong></span> <span class='ocrx_word' id='word_1_152' title='bbox 743 1473 827 1530; x_wconf 61' lang='lat' dir='ltr'><strong><em>{voc</em></strong></span> 
     </span>
    </p>

    <p class='ocr_par' dir='ltr' id='par_1_10' title="bbox 153 1524 828 1752">
     <span class='ocr_line' id='line_1_25' title="bbox 181 1524 828 1568; baseline -0.005 -9"><span class='ocrx_word' id='word_1_153' title='bbox 181 1535 271 1559; x_wconf 88' lang='grc' dir='ltr'><strong><em>ονον</em></strong></span> <span class='ocrx_word' id='word_1_154' title='bbox 301 1534 487 1568; x_wconf 82' lang='grc' dir='ltr'><strong><em>ρηματος,</em></strong></span> <span class='ocrx_word' id='word_1_155' title='bbox 522 1534 584 1557; x_wconf 84' lang='grc' dir='ltr'><strong><em>οτι</em></strong></span> <span class='ocrx_word' id='word_1_156' title='bbox 615 1534 685 1566; x_wconf 86' lang='grc' dir='ltr'><strong><em>την</em></strong></span> <span class='ocrx_word' id='word_1_157' title='bbox 715 1524 828 1556; x_wconf 84' lang='grc' dir='ltr'><strong><em>πολιν</em></strong></span> 
     </span>
     <span class='ocr_line' id='line_1_26' title="bbox 153 1537 822 1621; baseline -0.006 -18"><span class='ocrx_word' id='word_1_158' title='bbox 153 1537 306 1621; x_wconf 46' lang='grc' dir='ltr'><strong><em>ἕρνεισμα</em></strong></span> <span class='ocrx_word' id='word_1_159' title='bbox 329 1568 395 1612; x_wconf 85' lang='grc' dir='ltr'><strong><em>τῆς</em></strong></span> <span class='ocrx_word' id='word_1_160' title='bbox 413 1563 593 1607; x_wconf 78' lang='grc' dir='ltr'><strong><em>Ἑλλάδος</em></strong></span> <span class='ocrx_word' id='word_1_161' title='bbox 616 1562 822 1610; x_wconf 79' lang='grc' dir='ltr'><strong><em>ὠνόμασεν,</em></strong></span> 
     </span>
     <span class='ocr_line' id='line_1_27' title="bbox 154 1606 825 1656; baseline -0.004 -9"><span class='ocrx_word' id='word_1_162' title='bbox 154 1624 274 1653; x_wconf 86' lang='grc' dir='ltr'><strong><em>ουτως</em></strong></span> <span class='ocrx_word' id='word_1_163' title='bbox 290 1608 472 1656; x_wconf 76' lang='grc' dir='ltr'><strong><em>ἐτίμησαν</em></strong></span> <span class='ocrx_word' id='word_1_164' title='bbox 491 1606 584 1646; x_wconf 70' lang='grc' dir='ltr'><strong><em>ὥστε</em></strong></span> <span class='ocrx_word' id='word_1_165' title='bbox 606 1610 671 1645; x_wconf 77' lang='grc' dir='ltr'><strong><em>καὶ</em></strong></span> <span class='ocrx_word' id='word_1_166' title='bbox 692 1607 825 1654; x_wconf 82' lang='grc' dir='ltr'><strong><em>πρόξε-</em></strong></span> 
     </span>
     <span class='ocr_line' id='line_1_28' title="bbox 154 1651 824 1700; baseline -0.006 -8"><span class='ocrx_word' id='word_1_167' title='bbox 154 1669 221 1692; x_wconf 87' lang='grc' dir='ltr'><strong><em>νον</em></strong></span> <span class='ocrx_word' id='word_1_168' title='bbox 237 1653 475 1700; x_wconf 80' lang='grc' dir='ltr'><strong><em>ποιήσασθαι</em></strong></span> <span class='ocrx_word' id='word_1_169' title='bbox 497 1654 563 1690; x_wconf 72' lang='grc' dir='ltr'><strong><em>καὶ</em></strong></span> <span class='ocrx_word' id='word_1_170' title='bbox 586 1651 734 1698; x_wconf 79' lang='grc' dir='ltr'><strong><em>δωρεὰν</em></strong></span> <span class='ocrx_word' id='word_1_171' title='bbox 756 1667 824 1699; x_wconf 90' lang='grc' dir='ltr'><strong><em>μυ-</em></strong></span> 
     </span>
     <span class='ocr_line' id='line_1_29' title="bbox 153 1695 716 1752; baseline -0.005 -16"><span class='ocrx_word' id='word_1_172' title='bbox 153 1702 238 1746; x_wconf 88' lang='grc' dir='ltr'><strong><em>ρίας</em></strong></span> <span class='ocrx_word' id='word_1_173' title='bbox 255 1696 359 1747; x_wconf 71' lang='grc' dir='ltr'><strong><em>αὐτῷ</em></strong></span> <span class='ocrx_word' id='word_1_174' title='bbox 376 1700 515 1735; x_wconf 81' lang='grc' dir='ltr'><strong><em>δοῦναι</em></strong></span> <span class='ocrx_word' id='word_1_175' title='bbox 533 1695 716 1752; x_wconf 45' lang='grc' dir='ltr'><strong><em>δραχμάς.</em></strong></span> 
     </span>
    </p>

    <p class='ocr_par' dir='ltr' id='par_1_11' title="bbox 151 1741 826 2110">
     <span class='ocr_line' id='line_1_30' title="bbox 197 1741 826 1789; baseline -0.003 -10"><span class='ocrx_word' id='word_1_176' title='bbox 197 1748 240 1782; x_wconf 83' lang='grc' dir='ltr'><strong><em>Ε.</em></strong></span> <span class='ocrx_word' id='word_1_177' title='bbox 281 1755 366 1789; x_wconf 88' lang='grc' dir='ltr'><strong><em>συμ</em></strong></span> <span class='ocrx_word' id='word_1_178' title='bbox 404 1745 515 1789; x_wconf 87' lang='grc' dir='ltr'><strong><em>ῆναι</em></strong></span> <span class='ocrx_word' id='word_1_179' title='bbox 547 1741 663 1788; x_wconf 80' lang='grc' dir='ltr'><strong><em>ὑμας</em></strong></span> <span class='ocrx_word' id='word_1_180' title='bbox 683 1761 728 1767; x_wconf 89' lang='grc'>-</span> <span class='ocrx_word' id='word_1_181' title='bbox 760 1741 826 1782; x_wconf 78' lang='grc' dir='ltr'><strong><em>εἰς</em></strong></span> 
     </span>
     <span class='ocr_line' id='line_1_31' title="bbox 152 1786 826 1833; baseline -0.004 -9"><span class='ocrx_word' id='word_1_182' title='bbox 152 1786 199 1824; x_wconf 86' lang='grc' dir='ltr'><strong><em>τὸ</em></strong></span> <span class='ocrx_word' id='word_1_183' title='bbox 231 1788 372 1833; x_wconf 82' lang='grc' dir='ltr'><strong><em>μέσον</em></strong></span> <span class='ocrx_word' id='word_1_184' title='bbox 422 1790 464 1822; x_wconf 89' lang='lat' dir='ltr'><strong><em>In</em></strong></span> <span class='ocrx_word' id='word_1_185' title='bbox 485 1790 543 1823; x_wconf 84' lang='lat' dir='ltr'><strong><em>his</em></strong></span> <span class='ocrx_word' id='word_1_186' title='bbox 565 1787 755 1832; x_wconf 86' lang='grc' dir='ltr'><strong><em>συμβῆναι</em></strong></span> <span class='ocrx_word' id='word_1_187' title='bbox 774 1786 826 1827; x_wconf 83' lang='grc' dir='ltr'><strong><em>εἰς</em></strong></span> 
     </span>
     <span class='ocr_line' id='line_1_32' title="bbox 153 1830 825 1878; baseline -0.006 -9"><span class='ocrx_word' id='word_1_188' title='bbox 153 1830 195 1869; x_wconf 81' lang='grc' dir='ltr'><strong><em>τὸ</em></strong></span> <span class='ocrx_word' id='word_1_189' title='bbox 234 1833 349 1878; x_wconf 82' lang='grc' dir='ltr'><strong><em>μέσον</em></strong></span> <span class='ocrx_word' id='word_1_190' title='bbox 385 1834 481 1867; x_wconf 86' lang='lat' dir='ltr'><strong>idem</strong></span> <span class='ocrx_word' id='word_1_191' title='bbox 519 1838 576 1867; x_wconf 86' lang='lat' dir='ltr'><strong><em>est</em></strong></span> <span class='ocrx_word' id='word_1_192' title='bbox 614 1833 707 1876; x_wconf 85' lang='lat' dir='ltr'><strong>quod</strong></span> <span class='ocrx_word' id='word_1_193' title='bbox 744 1843 825 1865; x_wconf 87' lang='lat' dir='ltr'><strong><em>mox</em></strong></span> 
     </span>
     <span class='ocr_line' id='line_1_33' title="bbox 153 1872 825 1922; baseline -0.003 -10"><span class='ocrx_word' id='word_1_194' title='bbox 153 1880 287 1912; x_wconf 85' lang='lat' dir='ltr'><strong>dieitur</strong></span> <span class='ocrx_word' id='word_1_195' title='bbox 306 1877 422 1922; x_wconf 83' lang='grc' dir='ltr'><strong><em>μέσον</em></strong></span> <span class='ocrx_word' id='word_1_196' title='bbox 444 1890 480 1911; x_wconf 86' lang='grc' dir='ltr'><strong><em>τι</em></strong></span> <span class='ocrx_word' id='word_1_197' title='bbox 508 1872 746 1922; x_wconf 76' lang='grc' dir='ltr'><strong><em>ἀμφοτέρους</em></strong></span> <span class='ocrx_word' id='word_1_198' title='bbox 768 1887 825 1910; x_wconf 85' lang='grc' dir='ltr'><strong><em>τε-</em></strong></span> 
     </span>
     <span class='ocr_line' id='line_1_34' title="bbox 151 1922 825 1967; baseline -0.006 -10"><span class='ocrx_word' id='word_1_199' title='bbox 151 1925 249 1967; x_wconf 83' lang='grc' dir='ltr'><strong><em>μεῖν.</em></strong></span> <span class='ocrx_word' id='word_1_200' title='bbox 297 1923 385 1957; x_wconf 86' lang='lat' dir='ltr'><strong>Vult</strong></span> <span class='ocrx_word' id='word_1_201' title='bbox 413 1924 509 1956; x_wconf 89' lang='lat' dir='ltr'><strong>enim</strong></span> <span class='ocrx_word' id='word_1_202' title='bbox 536 1933 597 1956; x_wconf 80' lang='lat' dir='ltr'><strong><em>eos</em></strong></span> <span class='ocrx_word' id='word_1_203' title='bbox 624 1923 679 1955; x_wconf 85' lang='lat' dir='ltr'><strong><em>ita</em></strong></span> <span class='ocrx_word' id='word_1_204' title='bbox 704 1922 825 1954; x_wconf 83' lang='lat' dir='ltr'><strong>conei-</strong></span> 
     </span>
     <span class='ocr_line' id='line_1_35' title="bbox 153 1966 825 2009; baseline -0.003 -9"><span class='ocrx_word' id='word_1_205' title='bbox 153 1968 259 2007; x_wconf 83' lang='lat' dir='ltr'><strong>liare,</strong></span> <span class='ocrx_word' id='word_1_206' title='bbox 284 1972 324 2000; x_wconf 84' lang='lat' dir='ltr'><strong>ut</strong></span> <span class='ocrx_word' id='word_1_207' title='bbox 347 1967 443 2001; x_wconf 84' lang='lat' dir='ltr'><strong>alter</strong></span> <span class='ocrx_word' id='word_1_208' title='bbox 459 1968 569 2000; x_wconf 84' lang='lat' dir='ltr'><strong>alteri</strong></span> <span class='ocrx_word' id='word_1_209' title='bbox 586 1966 723 2009; x_wconf 76' lang='lat' dir='ltr'><strong>aliquid</strong></span> <span class='ocrx_word' id='word_1_210' title='bbox 742 1976 825 1999; x_wconf 87' lang='lat' dir='ltr'><strong>eon-</strong></span> 
     </span>
     <span class='ocr_line' id='line_1_36' title="bbox 155 2011 826 2054; baseline -0.006 -8"><span class='ocrx_word' id='word_1_211' title='bbox 155 2012 262 2046; x_wconf 79' lang='lat' dir='ltr'><strong>cedat</strong></span> <span class='ocrx_word' id='word_1_212' title='bbox 289 2015 326 2045; x_wconf 86' lang='lat' dir='ltr'><strong><em>et</em></strong></span> <span class='ocrx_word' id='word_1_213' title='bbox 353 2013 474 2044; x_wconf 88' lang='lat' dir='ltr'><strong>media</strong></span> <span class='ocrx_word' id='word_1_214' title='bbox 499 2011 678 2054; x_wconf 77' lang='lat' dir='ltr'><strong>quaedam</strong></span> <span class='ocrx_word' id='word_1_215' title='bbox 708 2012 771 2045; x_wconf 89' lang='lat' dir='ltr'><strong>via</strong></span> <span class='ocrx_word' id='word_1_216' title='bbox 788 2011 826 2042; x_wconf 85' lang='lat' dir='ltr'><strong><em>in</em></strong></span> 
     </span>
     <span class='ocr_line' id='line_1_37' title="bbox 153 2055 692 2110; baseline -0.004 -21"><span class='ocrx_word' id='word_1_217' title='bbox 153 2056 370 2110; x_wconf 55' lang='lat' dir='ltr'><strong>disputando</strong></span> <span class='ocrx_word' id='word_1_218' title='bbox 386 2057 545 2089; x_wconf 82' lang='lat' dir='ltr'><strong>ineatur.</strong></span> <span class='ocrx_word' id='word_1_219' title='bbox 573 2055 692 2088; x_wconf 80' lang='lat' dir='ltr'><strong>Stallb.</strong></span> 
     </span>
    </p>

    <p class='ocr_par' dir='ltr' id='par_1_12' title="bbox 151 2094 827 2853">
     <span class='ocr_line' id='line_1_38' title="bbox 199 2094 824 2144; baseline -0.003 -10"><span class='ocrx_word' id='word_1_220' title='bbox 199 2110 349 2144; x_wconf 86' lang='grc' dir='ltr'><strong><em>ωσπερ</em></strong></span> <span class='ocrx_word' id='word_1_221' title='bbox 381 2095 468 2134; x_wconf 80' lang='grc' dir='ltr'><strong><em>ὑπὸ</em></strong></span> <span class='ocrx_word' id='word_1_222' title='bbox 501 2099 758 2142; x_wconf 80' lang='grc' dir='ltr'><strong><em>διαιτητῶν</em></strong></span> <span class='ocrx_word' id='word_1_223' title='bbox 781 2094 824 2142; x_wconf 84' lang='grc' dir='ltr'><strong><em>ἡ·</em></strong></span> 
     </span>
     <span class='ocr_line' id='line_1_39' title="bbox 153 2137 823 2189; baseline -0.006 -10"><span class='ocrx_word' id='word_1_224' title='bbox 153 2143 262 2189; x_wconf 81' lang='grc' dir='ltr'><strong><em>μῶν]</em></strong></span> <span class='ocrx_word' id='word_1_225' title='bbox 280 2145 326 2178; x_wconf 87' lang='grc' dir='ltr'><strong><em>Η.</em></strong></span> <span class='ocrx_word' id='word_1_226' title='bbox 346 2155 376 2179; x_wconf 93' lang='lat' dir='ltr'><strong><em>e.</em></strong></span> <span class='ocrx_word' id='word_1_227' title='bbox 395 2138 467 2186; x_wconf 76' lang='grc' dir='ltr'><strong><em>ὑφ’</em></strong></span> <span class='ocrx_word' id='word_1_228' title='bbox 485 2139 592 2187; x_wconf 84' lang='grc' dir='ltr'><strong><em>ἡμῶν</em></strong></span> <span class='ocrx_word' id='word_1_229' title='bbox 608 2137 731 2185; x_wconf 72' lang='grc' dir='ltr'><strong><em>ὥσπερ</em></strong></span> <span class='ocrx_word' id='word_1_230' title='bbox 750 2138 823 2176; x_wconf 83' lang='grc' dir='ltr'><strong><em>ὑπὸ</em></strong></span> 
     </span>
     <span class='ocr_line' id='line_1_40' title="bbox 152 2183 824 2232; baseline -0.004 -10"><span class='ocrx_word' id='word_1_231' title='bbox 152 2189 361 2232; x_wconf 79' lang='grc' dir='ltr'><strong><em>διαιτητῶν</em></strong></span> <span class='ocrx_word' id='word_1_232' title='bbox 402 2183 721 2231; x_wconf 81' lang='grc' dir='ltr'><strong><em>συμβιβαζόντων.</em></strong></span> <span class='ocrx_word' id='word_1_233' title='bbox 769 2189 824 2219; x_wconf 86' lang='lat' dir='ltr'><strong><em>De</em></strong></span> 
     </span>
     <span class='ocr_line' id='line_1_41' title="bbox 152 2229 825 2275; baseline -0.006 -8"><span class='ocrx_word' id='word_1_234' title='bbox 152 2229 230 2267; x_wconf 77' lang='grc' dir='ltr'><strong><em>ὑπὸ</em></strong></span> <span class='ocrx_word' id='word_1_235' title='bbox 255 2243 334 2266; x_wconf 90' lang='lat' dir='ltr'><strong><em>cum</em></strong></span> <span class='ocrx_word' id='word_1_236' title='bbox 354 2234 467 2266; x_wconf 87' lang='lat' dir='ltr'><strong>verbo</strong></span> <span class='ocrx_word' id='word_1_237' title='bbox 491 2231 714 2275; x_wconf 83' lang='grc' dir='ltr'><strong><em>συμβαίνειν</em></strong></span> <span class='ocrx_word' id='word_1_238' title='bbox 742 2242 825 2264; x_wconf 87' lang='lat' dir='ltr'><strong>con-</strong></span> 
     </span>
     <span class='ocr_line' id='line_1_42' title="bbox 151 2277 827 2320; baseline -0.004 -9"><span class='ocrx_word' id='word_1_239' title='bbox 151 2278 276 2311; x_wconf 84' lang='lat' dir='ltr'><strong>iuncto</strong></span> <span class='ocrx_word' id='word_1_240' title='bbox 300 2288 336 2311; x_wconf 84' lang='lat' dir='ltr'><strong><em>v.</em></strong></span> <span class='ocrx_word' id='word_1_241' title='bbox 366 2278 509 2320; x_wconf 79' lang='lat' dir='ltr'><strong>Kriiger</strong></span> <span class='ocrx_word' id='word_1_242' title='bbox 536 2277 598 2310; x_wconf 87' lang='lat' dir='ltr'><strong><em>Gr.</em></strong></span> <span class='ocrx_word' id='word_1_243' title='bbox 616 2278 669 2309; x_wconf 83' lang='lat'><strong><em>52.</em></strong></span> <span class='ocrx_word' id='word_1_244' title='bbox 688 2279 722 2317; x_wconf 85' lang='lat'><strong><em>3,</em></strong></span> <span class='ocrx_word' id='word_1_245' title='bbox 742 2278 772 2317; x_wconf 88' lang='lat'><strong><em>1,</em></strong></span> <span class='ocrx_word' id='word_1_246' title='bbox 792 2279 827 2308; x_wconf 83' lang='lat' dir='ltr'><strong><em>et</em></strong></span> 
     </span>
     <span class='ocr_line' id='line_1_43' title="bbox 153 2321 826 2363; baseline -0.006 -8"><span class='ocrx_word' id='word_1_247' title='bbox 153 2322 244 2355; x_wconf 83' lang='lat' dir='ltr'><strong>haec</strong></span> <span class='ocrx_word' id='word_1_248' title='bbox 261 2323 453 2355; x_wconf 79' lang='lat' dir='ltr'><strong>verborum</strong></span> <span class='ocrx_word' id='word_1_249' title='bbox 474 2321 647 2354; x_wconf 84' lang='lat' dir='ltr'><strong>traiectio</strong></span> <span class='ocrx_word' id='word_1_250' title='bbox 665 2331 772 2363; x_wconf 89' lang='lat' dir='ltr'><strong>quum</strong></span> <span class='ocrx_word' id='word_1_251' title='bbox 790 2322 826 2352; x_wconf 89' lang='lat' dir='ltr'><strong><em>in</em></strong></span> 
     </span>
     <span class='ocr_line' id='line_1_44' title="bbox 154 2364 826 2409; baseline -0.004 -10"><span class='ocrx_word' id='word_1_252' title='bbox 154 2367 491 2409; x_wconf 80' lang='lat' dir='ltr'><strong>comparationibus</strong></span> <span class='ocrx_word' id='word_1_253' title='bbox 522 2364 614 2408; x_wconf 88' lang='lat' dir='ltr'><strong>apud</strong></span> <span class='ocrx_word' id='word_1_254' title='bbox 636 2365 826 2397; x_wconf 82' lang='lat' dir='ltr'><strong>Platonem</strong></span> 
     </span>
     <span class='ocr_line' id='line_1_45' title="bbox 152 2409 825 2453; baseline -0.004 -10"><span class='ocrx_word' id='word_1_255' title='bbox 152 2411 325 2453; x_wconf 81' lang='lat' dir='ltr'><strong>frequens</strong></span> <span class='ocrx_word' id='word_1_256' title='bbox 342 2411 405 2448; x_wconf 81' lang='lat' dir='ltr'><strong>sit,</strong></span> <span class='ocrx_word' id='word_1_257' title='bbox 430 2413 505 2443; x_wconf 88' lang='lat' dir='ltr'><strong>tum</strong></span> <span class='ocrx_word' id='word_1_258' title='bbox 528 2420 639 2453; x_wconf 86' lang='lat' dir='ltr'><strong>prope</strong></span> <span class='ocrx_word' id='word_1_259' title='bbox 663 2413 720 2442; x_wconf 76' lang='lat' dir='ltr'><strong><em>est</em></strong></span> <span class='ocrx_word' id='word_1_260' title='bbox 736 2409 825 2451; x_wconf 83' lang='lat' dir='ltr'><strong>legi—</strong></span> 
     </span>
     <span class='ocr_line' id='line_1_46' title="bbox 152 2455 825 2497; baseline -0.004 -9"><span class='ocrx_word' id='word_1_261' title='bbox 152 2455 259 2497; x_wconf 80' lang='lat' dir='ltr'><strong>tima,</strong></span> <span class='ocrx_word' id='word_1_262' title='bbox 311 2463 395 2487; x_wconf 88' lang='lat' dir='ltr'><strong><em>uum</em></strong></span> <span class='ocrx_word' id='word_1_263' title='bbox 416 2464 612 2497; x_wconf 85' lang='lat' dir='ltr'><strong>pronomen</strong></span> <span class='ocrx_word' id='word_1_264' title='bbox 640 2463 825 2496; x_wconf 78' lang='lat' dir='ltr'><strong>eompara-</strong></span> 
     </span>
     <span class='ocr_line' id='line_1_47' title="bbox 152 2497 825 2532; baseline -0.003 0"><span class='ocrx_word' id='word_1_265' title='bbox 152 2500 255 2532; x_wconf 85' lang='lat' dir='ltr'><strong>tione</strong></span> <span class='ocrx_word' id='word_1_266' title='bbox 292 2499 300 2507; x_wconf 84' lang='grc'><strong>“</strong></span> <span class='ocrx_word' id='word_1_267' title='bbox 331 2502 504 2532; x_wconf 81' lang='lat' dir='ltr'><strong>nstratur.</strong></span> <span class='ocrx_word' id='word_1_268' title='bbox 567 2498 693 2531; x_wconf 83' lang='lat' dir='ltr'><strong>Pauca</strong></span> <span class='ocrx_word' id='word_1_269' title='bbox 731 2497 825 2531; x_wconf 88' lang='lat' dir='ltr'><strong>enim</strong></span> 
     </span>
     <span class='ocr_line' id='line_1_48' title="bbox 151 2541 823 2595; baseline -0.004 -18"><span class='ocrx_word' id='word_1_270' title='bbox 151 2543 337 2577; x_wconf 71' lang='lat' dir='ltr'><strong>inveneris</strong></span> <span class='ocrx_word' id='word_1_271' title='bbox 365 2543 547 2585; x_wconf 82' lang='lat' dir='ltr'><strong>exempla,</strong></span> <span class='ocrx_word' id='word_1_272' title='bbox 578 2543 686 2595; x_wconf 66' lang='lat' dir='ltr'><strong>quale</strong></span> <span class='ocrx_word' id='word_1_273' title='bbox 711 2545 766 2575; x_wconf 77' lang='lat' dir='ltr'><strong><em>est</em></strong></span> <span class='ocrx_word' id='word_1_274' title='bbox 780 2541 823 2574; x_wconf 84' lang='lat' dir='ltr'><strong><em>de</em></strong></span> 
     </span>
     <span class='ocr_line' id='line_1_49' title="bbox 152 2582 823 2631; baseline -0.001 -11"><span class='ocrx_word' id='word_1_275' title='bbox 152 2588 243 2631; x_wconf 85' lang='lat' dir='ltr'><strong>Rep.</strong></span> <span class='ocrx_word' id='word_1_276' title='bbox 261 2599 295 2631; x_wconf 87' lang='lat' dir='ltr'><strong><em>p.</em></strong></span> <span class='ocrx_word' id='word_1_277' title='bbox 312 2588 378 2621; x_wconf 75' lang='lat'><strong><em>328</em></strong></span> <span class='ocrx_word' id='word_1_278' title='bbox 393 2588 445 2620; x_wconf 88' lang='lat' dir='ltr'><strong><em>D:</em></strong></span> <span class='ocrx_word' id='word_1_279' title='bbox 474 2582 567 2629; x_wconf 84' lang='grc' dir='ltr'><strong><em>παρ’</em></strong></span> <span class='ocrx_word' id='word_1_280' title='bbox 587 2586 687 2630; x_wconf 85' lang='grc' dir='ltr'><strong><em>ημᾶς</em></strong></span> <span class='ocrx_word' id='word_1_281' title='bbox 708 2585 823 2629; x_wconf 81' lang='grc' dir='ltr'><strong><em>φοίτα</em></strong></span> 
     </span>
     <span class='ocr_line' id='line_1_50' title="bbox 152 2626 822 2675; baseline -0.003 -10"><span class='ocrx_word' id='word_1_282' title='bbox 152 2627 201 2671; x_wconf 77' lang='grc' dir='ltr'><strong><em>ὥς</em></strong></span> <span class='ocrx_word' id='word_1_283' title='bbox 218 2626 320 2674; x_wconf 79' lang='grc' dir='ltr'><strong><em>παρὰ</em></strong></span> <span class='ocrx_word' id='word_1_284' title='bbox 338 2631 492 2675; x_wconf 83' lang='grc' dir='ltr'><strong><em>φίλους,</em></strong></span> <span class='ocrx_word' id='word_1_285' title='bbox 514 2632 725 2673; x_wconf 85' lang='lat' dir='ltr'><strong>plerumque</strong></span> <span class='ocrx_word' id='word_1_286' title='bbox 741 2640 822 2674; x_wconf 91' lang='lat' dir='ltr'><strong>pro·</strong></span> 
     </span>
     <span class='ocr_line' id='line_1_51' title="bbox 152 2675 822 2718; baseline -0.003 -9"><span class='ocrx_word' id='word_1_287' title='bbox 152 2686 283 2710; x_wconf 86' lang='lat' dir='ltr'><strong>nomen</strong></span> <span class='ocrx_word' id='word_1_288' title='bbox 297 2676 431 2717; x_wconf 76' lang='lat' dir='ltr'><strong>verbis,</strong></span> <span class='ocrx_word' id='word_1_289' title='bbox 456 2676 583 2718; x_wconf 81' lang='lat' dir='ltr'><strong>quibus</strong></span> <span class='ocrx_word' id='word_1_290' title='bbox 600 2675 822 2718; x_wconf 84' lang='lat' dir='ltr'><strong>comparatio</strong></span> 
     </span>
     <span class='ocr_line' id='line_1_52' title="bbox 154 2721 823 2763; baseline -0.001 -10"><span class='ocrx_word' id='word_1_291' title='bbox 154 2722 376 2762; x_wconf 82' lang='lat' dir='ltr'><strong>continetur,</strong></span> <span class='ocrx_word' id='word_1_292' title='bbox 410 2724 473 2752; x_wconf 89' lang='lat' dir='ltr'><strong><em>aut</em></strong></span> <span class='ocrx_word' id='word_1_293' title='bbox 502 2721 728 2763; x_wconf 78' lang='lat' dir='ltr'><strong>postponitur</strong></span> <span class='ocrx_word' id='word_1_294' title='bbox 759 2721 823 2752; x_wconf 83' lang='lat' dir='ltr'><strong><em>aut</em></strong></span> 
     </span>
     <span class='ocr_line' id='line_1_53' title="bbox 152 2757 820 2808; baseline 0 -11"><span class='ocrx_word' id='word_1_295' title='bbox 152 2765 412 2808; x_wconf 82' lang='lat' dir='ltr'><strong>interponitur,</strong></span> <span class='ocrx_word' id='word_1_296' title='bbox 442 2766 483 2797; x_wconf 81' lang='lat' dir='ltr'><strong><em>nt</em></strong></span> <span class='ocrx_word' id='word_1_297' title='bbox 509 2775 543 2807; x_wconf 88' lang='lat' dir='ltr'><strong><em>p.</em></strong></span> <span class='ocrx_word' id='word_1_298' title='bbox 574 2766 639 2798; x_wconf 77' lang='lat'><strong><em>352</em></strong></span> <span class='ocrx_word' id='word_1_299' title='bbox 662 2764 690 2796; x_wconf 91' lang='lat' dir='ltr'><strong>B</strong></span> <span class='ocrx_word' id='word_1_300' title='bbox 730 2757 820 2797; x_wconf 70' lang='grc' dir='ltr'><strong><em>οὐδὲ</em></strong></span> 
     </span>
     <span class='ocr_line' id='line_1_54' title="bbox 152 2802 821 2853; baseline -0.003 -10"><span class='ocrx_word' id='word_1_301' title='bbox 152 2805 202 2848; x_wconf 78' lang='grc' dir='ltr'><strong><em>ὥς</em></strong></span> <span class='ocrx_word' id='word_1_302' title='bbox 234 2808 320 2853; x_wconf 74' lang='grc' dir='ltr'><strong><em>περὶ</em></strong></span> <span class='ocrx_word' id='word_1_303' title='bbox 352 2804 526 2843; x_wconf 76' lang='grc' dir='ltr'><strong><em>τοιούτου</em></strong></span> <span class='ocrx_word' id='word_1_304' title='bbox 558 2803 678 2842; x_wconf 78' lang='grc' dir='ltr'><strong><em>αὐτοῦ</em></strong></span> <span class='ocrx_word' id='word_1_305' title='bbox 711 2802 821 2847; x_wconf 80' lang='grc' dir='ltr'><strong><em>ὄντος</em></strong></span> 
     </span>
    </p>
   </div>
   <div class='ocr_carea' id='block_1_10' title="bbox 888 1031 1580 2848">
    <p class='ocr_par' dir='ltr' id='par_1_13' title="bbox 892 1031 1580 1921">
     <span class='ocr_line' id='line_1_55' title="bbox 894 1031 1564 1080; baseline 0.001 -11"><span class='ocrx_word' id='word_1_306' title='bbox 894 1036 1028 1069; x_wconf 79' lang='lat' dir='ltr'><strong>dietum</strong></span> <span class='ocrx_word' id='word_1_307' title='bbox 1057 1040 1112 1069; x_wconf 76' lang='lat' dir='ltr'><strong><em>est</em></strong></span> <span class='ocrx_word' id='word_1_308' title='bbox 1138 1047 1200 1080; x_wconf 90' lang='lat' dir='ltr'><strong><em>pro</em></strong></span> <span class='ocrx_word' id='word_1_309' title='bbox 1232 1032 1323 1072; x_wconf 76' lang='grc' dir='ltr'><strong><em>οὐδὲ</em></strong></span> <span class='ocrx_word' id='word_1_310' title='bbox 1339 1036 1425 1080; x_wconf 82' lang='grc' dir='ltr'><strong><em>περὶ</em></strong></span> <span class='ocrx_word' id='word_1_311' title='bbox 1442 1031 1564 1070; x_wconf 75' lang='grc' dir='ltr'><strong><em>αὐτοῦ</em></strong></span> 
     </span>
     <span class='ocr_line' id='line_1_56' title="bbox 894 1075 1561 1124; baseline -0.001 -10"><span class='ocrx_word' id='word_1_312' title='bbox 894 1076 943 1119; x_wconf 77' lang='grc' dir='ltr'><strong><em>ὥς</em></strong></span> <span class='ocrx_word' id='word_1_313' title='bbox 960 1075 1068 1119; x_wconf 85' lang='grc' dir='ltr'><strong><em>ὄντος</em></strong></span> <span class='ocrx_word' id='word_1_314' title='bbox 1091 1075 1277 1116; x_wconf 78' lang='grc' dir='ltr'><strong><em>τοιούτου.</em></strong></span> <span class='ocrx_word' id='word_1_315' title='bbox 1309 1082 1452 1116; x_wconf 80' lang='lat' dir='ltr'><strong>Phileb.</strong></span> <span class='ocrx_word' id='word_1_316' title='bbox 1467 1093 1501 1124; x_wconf 91' lang='lat' dir='ltr'><strong><em>p.</em></strong></span> <span class='ocrx_word' id='word_1_317' title='bbox 1520 1083 1561 1113; x_wconf 82' lang='lat'><strong><em>61</em></strong></span> 
     </span>
     <span class='ocr_line' id='line_1_57' title="bbox 895 1120 1571 1169; baseline 0 -11"><span class='ocrx_word' id='word_1_318' title='bbox 895 1125 943 1158; x_wconf 84' lang='lat' dir='ltr'><strong><em>C:</em></strong></span> <span class='ocrx_word' id='word_1_319' title='bbox 967 1120 1145 1167; x_wconf 77' lang='grc' dir='ltr'><strong><em>καθάπερ</em></strong></span> <span class='ocrx_word' id='word_1_320' title='bbox 1170 1120 1262 1168; x_wconf 82' lang='grc' dir='ltr'><strong><em>ἡμῖν</em></strong></span> <span class='ocrx_word' id='word_1_321' title='bbox 1284 1121 1469 1169; x_wconf 81' lang='grc' dir='ltr'><strong><em>οἰνοχόοις</em></strong></span> <span class='ocrx_word' id='word_1_322' title='bbox 1487 1125 1571 1159; x_wconf 83' lang='grc' dir='ltr'><strong><em>τισί</em></strong></span> 
     </span>
     <span class='ocr_line' id='line_1_58' title="bbox 894 1165 1564 1213; baseline 0.001 -11"><span class='ocrx_word' id='word_1_323' title='bbox 894 1180 958 1213; x_wconf 90' lang='lat' dir='ltr'><strong><em>pro</em></strong></span> <span class='ocrx_word' id='word_1_324' title='bbox 974 1165 1068 1213; x_wconf 83' lang='grc' dir='ltr'><strong><em>ἡμῖν</em></strong></span> <span class='ocrx_word' id='word_1_325' title='bbox 1083 1170 1175 1203; x_wconf 77' lang='grc' dir='ltr'><strong><em>καθ.</em></strong></span> <span class='ocrx_word' id='word_1_326' title='bbox 1199 1167 1271 1203; x_wconf 77' lang='grc' dir='ltr'><strong><em>οἶν.</em></strong></span> <span class='ocrx_word' id='word_1_327' title='bbox 1290 1182 1320 1203; x_wconf 91' lang='grc' dir='ltr'><strong><em>τ.</em></strong></span> <span class='ocrx_word' id='word_1_328' title='bbox 1353 1170 1446 1202; x_wconf 80' lang='lat' dir='ltr'><strong>lbid.</strong></span> <span class='ocrx_word' id='word_1_329' title='bbox 1495 1193 1504 1202; x_wconf 87' lang='lat'><strong>.</strong></span> <span class='ocrx_word' id='word_1_330' title='bbox 1521 1171 1564 1203; x_wconf 78' lang='lat'><strong><em>59</em></strong></span> 
     </span>
     <span class='ocr_line' id='line_1_59' title="bbox 893 1212 1562 1266; baseline 0.001 -20"><span class='ocrx_word' id='word_1_331' title='bbox 893 1214 944 1246; x_wconf 87' lang='lat' dir='ltr'><strong><em>E:</em></strong></span> <span class='ocrx_word' id='word_1_332' title='bbox 968 1212 1181 1256; x_wconf 77' lang='grc' dir='ltr'><strong><em>καθαπερεὶ</em></strong></span> <span class='ocrx_word' id='word_1_333' title='bbox 1198 1213 1442 1257; x_wconf 74' lang='grc' dir='ltr'><strong><em>δημιουργοῖς</em></strong></span> <span class='ocrx_word' id='word_1_334' title='bbox 1483 1215 1562 1266; x_wconf 70' lang='grc' dir='ltr'><strong><em>μῖν.</em></strong></span> 
     </span>
     <span class='ocr_line' id='line_1_60' title="bbox 894 1258 1566 1310; baseline 0 -20"><span class='ocrx_word' id='word_1_335' title='bbox 894 1258 939 1291; x_wconf 84' lang='lat' dir='ltr'><strong><em>de</em></strong></span> <span class='ocrx_word' id='word_1_336' title='bbox 956 1259 1046 1310; x_wconf 43' lang='lat' dir='ltr'><strong>Igeg.</strong></span> <span class='ocrx_word' id='word_1_337' title='bbox 1064 1270 1100 1301; x_wconf 90' lang='lat' dir='ltr'><strong><em>p.</em></strong></span> <span class='ocrx_word' id='word_1_338' title='bbox 1118 1259 1183 1291; x_wconf 87' lang='grc'><strong><em>692</em></strong></span> <span class='ocrx_word' id='word_1_339' title='bbox 1200 1259 1246 1291; x_wconf 71' lang='lat' dir='ltr'><strong><em>Gt</em></strong></span> <span class='ocrx_word' id='word_1_340' title='bbox 1271 1267 1566 1301; x_wconf 84' lang='grc' dir='ltr'><strong><em>καταφρονησας</em></strong></span> 
     </span>
     <span class='ocr_line' id='line_1_61' title="bbox 893 1298 1563 1346; baseline -0.001 -10"><span class='ocrx_word' id='word_1_341' title='bbox 893 1298 943 1341; x_wconf 76' lang='grc' dir='ltr'><strong><em>ὥς</em></strong></span> <span class='ocrx_word' id='word_1_342' title='bbox 971 1314 1091 1337; x_wconf 89' lang='grc' dir='ltr'><strong><em>οντων</em></strong></span> <span class='ocrx_word' id='word_1_343' title='bbox 1118 1298 1222 1346; x_wconf 83' lang='grc' dir='ltr'><strong><em>ἡμῶν</em></strong></span> <span class='ocrx_word' id='word_1_344' title='bbox 1251 1300 1408 1346; x_wconf 79' lang='grc' dir='ltr'><strong><em>βραχέος</em></strong></span> <span class='ocrx_word' id='word_1_345' title='bbox 1434 1298 1563 1344; x_wconf 80' lang='grc' dir='ltr'><strong><em>ἀξίων.</em></strong></span> 
     </span>
     <span class='ocr_line' id='line_1_62' title="bbox 893 1348 1566 1390; baseline -0.001 -10"><span class='ocrx_word' id='word_1_346' title='bbox 893 1348 1122 1390; x_wconf 79' lang='lat' dir='ltr'><strong>Praepositio</strong></span> <span class='ocrx_word' id='word_1_347' title='bbox 1151 1348 1397 1389; x_wconf 78' lang='lat' dir='ltr'><strong>praecedente</strong></span> <span class='ocrx_word' id='word_1_348' title='bbox 1420 1357 1566 1389; x_wconf 83' lang='lat' dir='ltr'><strong>eompa-</strong></span> 
     </span>
     <span class='ocr_line' id='line_1_63' title="bbox 893 1386 1565 1434; baseline 0 -11"><span class='ocrx_word' id='word_1_349' title='bbox 893 1392 1037 1424; x_wconf 88' lang='lat' dir='ltr'><strong>ratione</strong></span> <span class='ocrx_word' id='word_1_350' title='bbox 1071 1402 1150 1423; x_wconf 84' lang='lat' dir='ltr'><strong><em>cum</em></strong></span> <span class='ocrx_word' id='word_1_351' title='bbox 1182 1391 1366 1434; x_wconf 79' lang='lat' dir='ltr'><strong>particula</strong></span> <span class='ocrx_word' id='word_1_352' title='bbox 1402 1386 1452 1429; x_wconf 78' lang='grc' dir='ltr'><strong><em>ὥς</em></strong></span> <span class='ocrx_word' id='word_1_353' title='bbox 1483 1400 1565 1423; x_wconf 77' lang='lat' dir='ltr'><strong>nus-</strong></span> 
     </span>
     <span class='ocr_line' id='line_1_64' title="bbox 895 1434 1566 1489; baseline -0.001 -21"><span class='ocrx_word' id='word_1_354' title='bbox 895 1446 1002 1489; x_wconf 60' lang='lat' dir='ltr'><strong>‹Luam</strong></span> <span class='ocrx_word' id='word_1_355' title='bbox 1040 1437 1195 1469; x_wconf 82' lang='lat' dir='ltr'><strong>iteratur</strong></span> <span class='ocrx_word' id='word_1_356' title='bbox 1208 1460 1216 1475; x_wconf 91' lang='lat'>‚</span> <span class='ocrx_word' id='word_1_357' title='bbox 1265 1446 1345 1468; x_wconf 91' lang='lat' dir='ltr'><strong><em>cum</em></strong></span> <span class='ocrx_word' id='word_1_358' title='bbox 1379 1434 1566 1478; x_wconf 83' lang='lat' dir='ltr'><strong>particula</strong></span> 
     </span>
     <span class='ocr_line' id='line_1_65' title="bbox 896 1474 1566 1523; baseline -0.003 -9"><span class='ocrx_word' id='word_1_359' title='bbox 896 1490 1018 1523; x_wconf 81' lang='grc' dir='ltr'><strong><em>ωσπερ</em></strong></span> <span class='ocrx_word' id='word_1_360' title='bbox 1049 1490 1145 1513; x_wconf 85' lang='lat' dir='ltr'><strong>raro.</strong></span> <span class='ocrx_word' id='word_1_361' title='bbox 1178 1480 1268 1512; x_wconf 84' lang='lat' dir='ltr'><strong>Tim.</strong></span> <span class='ocrx_word' id='word_1_362' title='bbox 1301 1491 1336 1523; x_wconf 89' lang='lat' dir='ltr'><strong><em>p.</em></strong></span> <span class='ocrx_word' id='word_1_363' title='bbox 1362 1481 1405 1512; x_wconf 82' lang='grc'><strong><em>27</em></strong></span> <span class='ocrx_word' id='word_1_364' title='bbox 1426 1479 1475 1512; x_wconf 88' lang='lat' dir='ltr'><strong><em>B:</em></strong></span> <span class='ocrx_word' id='word_1_365' title='bbox 1515 1474 1566 1517; x_wconf 75' lang='grc' dir='ltr'><strong><em>ὥς</em></strong></span> 
     </span>
     <span class='ocr_line' id='line_1_66' title="bbox 897 1519 1569 1566; baseline -0.003 -8"><span class='ocrx_word' id='word_1_366' title='bbox 897 1523 951 1563; x_wconf 81' lang='grc' dir='ltr'><strong><em>εἰς</em></strong></span> <span class='ocrx_word' id='word_1_367' title='bbox 968 1520 1151 1563; x_wconf 79' lang='grc' dir='ltr'><strong><em>δικαστάς</em></strong></span> <span class='ocrx_word' id='word_1_368' title='bbox 1166 1519 1278 1566; x_wconf 84' lang='grc' dir='ltr'><strong><em>ἡμᾶς.</em></strong></span> <span class='ocrx_word' id='word_1_369' title='bbox 1295 1524 1340 1556; x_wconf 90' lang='lat' dir='ltr'><strong><em>de</em></strong></span> <span class='ocrx_word' id='word_1_370' title='bbox 1357 1534 1433 1566; x_wconf 85' lang='lat' dir='ltr'><strong>rep.</strong></span> <span class='ocrx_word' id='word_1_371' title='bbox 1452 1535 1487 1566; x_wconf 89' lang='lat' dir='ltr'><strong><em>p.</em></strong></span> <span class='ocrx_word' id='word_1_372' title='bbox 1498 1524 1569 1556; x_wconf 75' lang='lat'><strong><em>545</em></strong></span> 
     </span>
     <span class='ocr_line' id='line_1_67' title="bbox 892 1563 1564 1610; baseline -0.003 -9"><span class='ocrx_word' id='word_1_373' title='bbox 892 1570 942 1601; x_wconf 82' lang='lat' dir='ltr'><strong><em>E:</em></strong></span> <span class='ocrx_word' id='word_1_374' title='bbox 981 1563 1029 1606; x_wconf 77' lang='grc' dir='ltr'><strong><em>ὥς</em></strong></span> <span class='ocrx_word' id='word_1_375' title='bbox 1060 1564 1153 1609; x_wconf 83' lang='grc' dir='ltr'><strong><em>πρὸς</em></strong></span> <span class='ocrx_word' id='word_1_376' title='bbox 1184 1567 1327 1606; x_wconf 85' lang='grc' dir='ltr'><strong><em>παῖδας</em></strong></span> <span class='ocrx_word' id='word_1_377' title='bbox 1358 1563 1459 1610; x_wconf 83' lang='grc' dir='ltr'><strong><em>ἡμᾶς</em></strong></span> <span class='ocrx_word' id='word_1_378' title='bbox 1475 1578 1564 1600; x_wconf 80' lang='grc' dir='ltr'><strong><em>παι-</em></strong></span> 
     </span>
     <span class='ocr_line' id='line_1_68' title="bbox 893 1605 1564 1691; baseline -0.004 -45"><span class='ocrx_word' id='word_1_379' title='bbox 893 1608 1041 1691; x_wconf 62' lang='grc' dir='ltr'><strong><em>Ξούσας.</em></strong></span> <span class='ocrx_word' id='word_1_380' title='bbox 1066 1612 1251 1647; x_wconf 78' lang='lat' dir='ltr'><strong>Phaedon.</strong></span> <span class='ocrx_word' id='word_1_381' title='bbox 1268 1623 1302 1654; x_wconf 88' lang='lat' dir='ltr'><strong><em>p.</em></strong></span> <span class='ocrx_word' id='word_1_382' title='bbox 1320 1613 1362 1644; x_wconf 83' lang='grc'><strong><em>67</em></strong></span> <span class='ocrx_word' id='word_1_383' title='bbox 1379 1611 1426 1644; x_wconf 78' lang='lat' dir='ltr'><strong><em>C:</em></strong></span> <span class='ocrx_word' id='word_1_384' title='bbox 1442 1605 1564 1652; x_wconf 68' lang='grc' dir='ltr'><strong><em>ὥσπερ</em></strong></span> 
     </span>
     <span class='ocr_line' id='line_1_69' title="bbox 912 1651 1564 1699; baseline -0.005 -9"><span class='ocrx_word' id='word_1_385' title='bbox 912 1669 933 1690; x_wconf 82' lang='grc' dir='ltr'><strong>κ</strong></span> <span class='ocrx_word' id='word_1_386' title='bbox 951 1656 1098 1699; x_wconf 84' lang='grc' dir='ltr'><strong><em>δεσμῶν</em></strong></span> <span class='ocrx_word' id='word_1_387' title='bbox 1115 1651 1155 1690; x_wconf 70' lang='grc' dir='ltr'><strong><em>ἔτι</em></strong></span> <span class='ocrx_word' id='word_1_388' title='bbox 1178 1655 1244 1690; x_wconf 81' lang='grc' dir='ltr'><strong><em>τοῦ</em></strong></span> <span class='ocrx_word' id='word_1_389' title='bbox 1270 1651 1449 1698; x_wconf 78' lang='grc' dir='ltr'><strong><em>σώματος.</em></strong></span> <span class='ocrx_word' id='word_1_390' title='bbox 1483 1655 1564 1688; x_wconf 84' lang='lat' dir='ltr'><strong>Sin·</strong></span> 
     </span>
     <span class='ocr_line' id='line_1_70' title="bbox 894 1693 1565 1751; baseline -0.003 -18"><span class='ocrx_word' id='word_1_391' title='bbox 894 1701 1021 1745; x_wconf 80' lang='lat' dir='ltr'><strong>gulare</strong></span> <span class='ocrx_word' id='word_1_392' title='bbox 1042 1704 1099 1733; x_wconf 81' lang='lat' dir='ltr'><strong><em>est</em></strong></span> <span class='ocrx_word' id='word_1_393' title='bbox 1121 1710 1232 1751; x_wconf 74' lang='lat' dir='ltr'><strong>snpra</strong></span> <span class='ocrx_word' id='word_1_394' title='bbox 1253 1711 1286 1743; x_wconf 89' lang='lat' dir='ltr'><strong><em>p.</em></strong></span> <span class='ocrx_word' id='word_1_395' title='bbox 1305 1701 1370 1750; x_wconf 64' lang='grc'><strong><em>326</em></strong></span> <span class='ocrx_word' id='word_1_396' title='bbox 1386 1701 1434 1732; x_wconf 88' lang='lat' dir='ltr'><strong><em>E:</em></strong></span> <span class='ocrx_word' id='word_1_397' title='bbox 1466 1693 1565 1732; x_wconf 73' lang='grc' dir='ltr'><strong><em>κατὰ</em></strong></span> 
     </span>
     <span class='ocr_line' id='line_1_71' title="bbox 895 1741 1566 1788; baseline -0.003 -10"><span class='ocrx_word' id='word_1_398' title='bbox 895 1741 1053 1784; x_wconf 80' lang='grc' dir='ltr'><strong><em>τούτους</em></strong></span> <span class='ocrx_word' id='word_1_399' title='bbox 1090 1756 1190 1778; x_wconf 81' lang='grc' dir='ltr'><strong><em>κατα</em></strong></span> <span class='ocrx_word' id='word_1_400' title='bbox 1227 1743 1482 1788; x_wconf 82' lang='grc' dir='ltr'><strong><em>παραδειγμα.</em></strong></span> <span class='ocrx_word' id='word_1_401' title='bbox 1519 1761 1566 1767; x_wconf 96' lang='lat'>—</span> 
     </span>
     <span class='ocr_line' id='line_1_72' title="bbox 895 1788 1580 1832; baseline -0.004 -9"><span class='ocrx_word' id='word_1_402' title='bbox 895 1790 950 1823; x_wconf 89' lang='lat' dir='ltr'><strong><em>De</em></strong></span> <span class='ocrx_word' id='word_1_403' title='bbox 990 1788 1207 1832; x_wconf 85' lang='grc' dir='ltr'><strong><em>διαιτηταῖς</em></strong></span> <span class='ocrx_word' id='word_1_404' title='bbox 1245 1788 1580 1831; x_wconf 74' lang='lat' dir='ltr'><strong>‘disceptator-ibus.</strong></span> 
     </span>
     <span class='ocr_line' id='line_1_73' title="bbox 893 1833 1563 1867; baseline -0.001 0"><span class='ocrx_word' id='word_1_405' title='bbox 893 1838 930 1867; x_wconf 85' lang='lat' dir='ltr'><strong><em>et</em></strong></span> <span class='ocrx_word' id='word_1_406' title='bbox 947 1833 1300 1867; x_wconf 77' lang='lat' dir='ltr'><strong>reconciliatoribus’</strong></span> <span class='ocrx_word' id='word_1_407' title='bbox 1318 1843 1352 1866; x_wconf 83' lang='lat' dir='ltr'><strong><em>v.</em></strong></span> <span class='ocrx_word' id='word_1_408' title='bbox 1365 1833 1563 1866; x_wconf 85' lang='lat' dir='ltr'><strong>Hermann.</strong></span> 
     </span>
     <span class='ocr_line' id='line_1_74' title="bbox 892 1877 1401 1921; baseline 0.002 -11"><span class='ocrx_word' id='word_1_409' title='bbox 892 1877 1111 1921; x_wconf 86' lang='lat' dir='ltr'><strong>Antiquitat.</strong></span> <span class='ocrx_word' id='word_1_410' title='bbox 1128 1878 1258 1912; x_wconf 81' lang='lat' dir='ltr'><strong>Graec.</strong></span> <span class='ocrx_word' id='word_1_411' title='bbox 1276 1879 1307 1917; x_wconf 70' lang='lat'><strong><em>§-</em></strong></span> <span class='ocrx_word' id='word_1_412' title='bbox 1327 1879 1401 1911; x_wconf 80' lang='lat'><strong>145.</strong></span> 
     </span>
    </p>

    <p class='ocr_par' dir='ltr' id='par_1_14' title="bbox 888 1914 1566 2848">
     <span class='ocr_line' id='line_1_75' title="bbox 938 1914 1563 1963; baseline -0.005 -7"><span class='ocrx_word' id='word_1_413' title='bbox 938 1923 979 1956; x_wconf 91' lang='lat' dir='ltr'><strong><em>P.</em></strong></span> <span class='ocrx_word' id='word_1_414' title='bbox 1013 1923 1089 1956; x_wconf 85' lang='lat'><strong>338.</strong></span> <span class='ocrx_word' id='word_1_415' title='bbox 1146 1922 1166 1963; x_wconf 78' lang='grc' dir='ltr'><strong><em>ζ</em></strong></span> <span class='ocrx_word' id='word_1_416' title='bbox 1206 1923 1305 1955; x_wconf 84' lang='grc' dir='ltr'><strong><em>τεῖν</em></strong></span> <span class='ocrx_word' id='word_1_417' title='bbox 1351 1916 1398 1955; x_wconf 84' lang='grc' dir='ltr'><strong><em>τὸ</em></strong></span> <span class='ocrx_word' id='word_1_418' title='bbox 1446 1914 1563 1954; x_wconf 78' lang='grc' dir='ltr'><strong><em>κατὰ</em></strong></span> 
     </span>
     <span class='ocr_line' id='line_1_76' title="bbox 895 1963 1564 2010; baseline -0.006 -10"><span class='ocrx_word' id='word_1_419' title='bbox 895 1963 1040 2010; x_wconf 80' lang='grc' dir='ltr'><strong><em>βραχὺ</em></strong></span> <span class='ocrx_word' id='word_1_420' title='bbox 1073 1965 1176 2000; x_wconf 82' lang='grc' dir='ltr'><strong><em>λίαν</em></strong></span> <span class='ocrx_word' id='word_1_421' title='bbox 1228 1966 1314 1999; x_wconf 88' lang='grc' dir='ltr'><strong><em>λίαν</em></strong></span> <span class='ocrx_word' id='word_1_422' title='bbox 1336 1965 1564 1999; x_wconf 81' lang='lat' dir='ltr'><strong>referendum</strong></span> 
     </span>
     <span class='ocr_line' id='line_1_77' title="bbox 896 2010 1566 2087; baseline -0.004 -43"><span class='ocrx_word' id='word_1_423' title='bbox 896 2022 974 2045; x_wconf 74' lang='lat' dir='ltr'><strong>esse</strong></span> <span class='ocrx_word' id='word_1_424' title='bbox 1002 2011 1048 2043; x_wconf 83' lang='lat' dir='ltr'><strong>ad</strong></span> <span class='ocrx_word' id='word_1_425' title='bbox 1080 2011 1206 2087; x_wconf 63' lang='grc' dir='ltr'><strong><em>ζητεῖν</em></strong></span> <span class='ocrx_word' id='word_1_426' title='bbox 1232 2010 1364 2043; x_wconf 88' lang='lat' dir='ltr'><strong>docent</strong></span> <span class='ocrx_word' id='word_1_427' title='bbox 1385 2010 1566 2061; x_wconf 50' lang='lat' dir='ltr'><strong>pro&#39;xima3</strong></span> 
     </span>
     <span class='ocr_line' id='line_1_78' title="bbox 894 2049 1565 2097; baseline -0.003 -9"><span class='ocrx_word' id='word_1_428' title='bbox 894 2056 959 2088; x_wconf 90' lang='lat' dir='ltr'><strong><em>ubi</em></strong></span> <span class='ocrx_word' id='word_1_429' title='bbox 981 2057 1068 2089; x_wconf 83' lang='lat' dir='ltr'><strong>item</strong></span> <span class='ocrx_word' id='word_1_430' title='bbox 1123 2066 1143 2088; x_wconf 89' lang='lat' dir='ltr'><strong><em>e</em></strong></span> <span class='ocrx_word' id='word_1_431' title='bbox 1165 2056 1386 2097; x_wconf 75' lang='lat' dir='ltr'><strong>Protagora:</strong></span> <span class='ocrx_word' id='word_1_432' title='bbox 1405 2049 1496 2097; x_wconf 79' lang='grc' dir='ltr'><strong><em>μητ’</em></strong></span> <span class='ocrx_word' id='word_1_433' title='bbox 1514 2065 1565 2086; x_wconf 77' lang='lat' dir='ltr'><strong><em>an</em></strong></span> 
     </span>
     <span class='ocr_line' id='line_1_79' title="bbox 894 2093 1565 2143; baseline -0.004 -10"><span class='ocrx_word' id='word_1_434' title='bbox 894 2094 1149 2143; x_wconf 79' lang='grc' dir='ltr'><strong><em>Πρωταγόραν</em></strong></span> <span class='ocrx_word' id='word_1_435' title='bbox 1207 2094 1356 2132; x_wconf 82' lang='grc' dir='ltr'><strong><em>πάντα</em></strong></span> <span class='ocrx_word' id='word_1_436' title='bbox 1415 2093 1565 2131; x_wconf 70' lang='grc' dir='ltr'><strong><em>κάλων</em></strong></span> 
     </span>
     <span class='ocr_line' id='line_1_80' title="bbox 894 2137 1564 2185; baseline -0.004 -8"><span class='ocrx_word' id='word_1_437' title='bbox 894 2139 1172 2178; x_wconf 73' lang='grc' dir='ltr'><strong><em>ἐκτείναντα</em></strong></span> <span class='ocrx_word' id='word_1_438' title='bbox 1212 2137 1286 2176; x_wconf 78' lang='grc' dir='ltr'><strong><em>κτὲ.</em></strong></span> <span class='ocrx_word' id='word_1_439' title='bbox 1350 2142 1564 2185; x_wconf 73' lang='lat' dir='ltr'><strong>Postposita</strong></span> 
     </span>
     <span class='ocr_line' id='line_1_81' title="bbox 893 2188 1562 2222; baseline -0.003 -1"><span class='ocrx_word' id='word_1_440' title='bbox 893 2192 950 2222; x_wconf 76' lang='lat' dir='ltr'><strong><em>eat</em></strong></span> <span class='ocrx_word' id='word_1_441' title='bbox 976 2188 1111 2221; x_wconf 83' lang='lat' dir='ltr'><strong>vocula</strong></span> <span class='ocrx_word' id='word_1_442' title='bbox 1141 2198 1221 2220; x_wconf 86' lang='lat' dir='ltr'><strong><em>eum</em></strong></span> <span class='ocrx_word' id='word_1_443' title='bbox 1252 2188 1289 2220; x_wconf 84' lang='lat' dir='ltr'><strong><em>vi</em></strong></span> <span class='ocrx_word' id='word_1_444' title='bbox 1314 2189 1351 2219; x_wconf 82' lang='lat' dir='ltr'><strong><em>et</em></strong></span> <span class='ocrx_word' id='word_1_445' title='bbox 1410 2188 1562 2219; x_wconf 77' lang='lat' dir='ltr'><strong>avitate.</strong></span> 
     </span>
     <span class='ocr_line' id='line_1_82' title="bbox 895 2227 1563 2280; baseline -0.001 -15"><span class='ocrx_word' id='word_1_446' title='bbox 895 2232 1101 2275; x_wconf 85' lang='lat' dir='ltr'><strong>Opponitur</strong></span> <span class='ocrx_word' id='word_1_447' title='bbox 1133 2235 1254 2280; x_wconf 70' lang='lat' dir='ltr'><strong>autem</strong></span> <span class='ocrx_word' id='word_1_448' title='bbox 1286 2227 1328 2264; x_wconf 82' lang='grc' dir='ltr'><strong><em>τὸ</em></strong></span> <span class='ocrx_word' id='word_1_449' title='bbox 1362 2241 1378 2264; x_wconf 82' lang='grc' dir='ltr'><em>ε</em></span> <span class='ocrx_word' id='word_1_450' title='bbox 1398 2229 1464 2269; x_wconf 68' lang='lat' dir='ltr'><strong><em>doc</em></strong></span> <span class='ocrx_word' id='word_1_451' title='bbox 1489 2230 1563 2264; x_wconf 76' lang='grc' dir='ltr'><strong><em>τῶν</em></strong></span> 
     </span>
     <span class='ocr_line' id='line_1_83' title="bbox 895 2270 1561 2319; baseline -0.005 -9"><span class='ocrx_word' id='word_1_452' title='bbox 895 2272 1086 2319; x_wconf 79' lang='grc' dir='ltr'><strong><em>διαλόγων</em></strong></span> <span class='ocrx_word' id='word_1_453' title='bbox 1118 2287 1158 2309; x_wconf 92' lang='grc' dir='ltr'><strong><em>το</em></strong></span> <span class='ocrx_word' id='word_1_454' title='bbox 1182 2270 1279 2309; x_wconf 74' lang='grc' dir='ltr'><strong><em>κατὰ</em></strong></span> <span class='ocrx_word' id='word_1_455' title='bbox 1311 2270 1432 2319; x_wconf 69' lang='grc' dir='ltr'><strong><em>βραχύ</em></strong></span> <span class='ocrx_word' id='word_1_456' title='bbox 1462 2274 1561 2308; x_wconf 80' lang='lat' dir='ltr'><strong>dein-</strong></span> 
     </span>
     <span class='ocr_line' id='line_1_84' title="bbox 895 2313 1562 2365; baseline -0.004 -11"><span class='ocrx_word' id='word_1_457' title='bbox 895 2331 982 2364; x_wconf 81' lang='lat' dir='ltr'><strong>ceps</strong></span> <span class='ocrx_word' id='word_1_458' title='bbox 999 2321 1048 2365; x_wconf 81' lang='grc' dir='ltr'><em>τῷ</em></span> <span class='ocrx_word' id='word_1_459' title='bbox 1066 2316 1218 2362; x_wconf 75' lang='grc' dir='ltr'><strong><em>ἐφεῖναι</em></strong></span> <span class='ocrx_word' id='word_1_460' title='bbox 1233 2318 1300 2353; x_wconf 72' lang='grc' dir='ltr'><strong><em>καὶ</em></strong></span> <span class='ocrx_word' id='word_1_461' title='bbox 1317 2314 1478 2363; x_wconf 74' lang='grc' dir='ltr'><strong><em>χαλάσαι</em></strong></span> <span class='ocrx_word' id='word_1_462' title='bbox 1495 2313 1562 2356; x_wconf 75' lang='grc' dir='ltr'><strong><em>τὰς</em></strong></span> 
     </span>
     <span class='ocr_line' id='line_1_85' title="bbox 898 2361 1561 2408; baseline -0.006 -10"><span class='ocrx_word' id='word_1_463' title='bbox 898 2361 1007 2408; x_wconf 83' lang='grc' dir='ltr'><strong><em>ἡνίας</em></strong></span> <span class='ocrx_word' id='word_1_464' title='bbox 1025 2368 1102 2403; x_wconf 82' lang='grc' dir='ltr'><strong><em>τοῖς</em></strong></span> <span class='ocrx_word' id='word_1_465' title='bbox 1119 2362 1244 2408; x_wconf 83' lang='grc' dir='ltr'><strong><em>λόγοις</em></strong></span> <span class='ocrx_word' id='word_1_466' title='bbox 1259 2376 1292 2397; x_wconf 79' lang='grc' dir='ltr'><strong><em>κ.</em></strong></span> <span class='ocrx_word' id='word_1_467' title='bbox 1313 2375 1343 2397; x_wconf 83' lang='grc' dir='ltr'><strong><em>τ.</em></strong></span> <span class='ocrx_word' id='word_1_468' title='bbox 1364 2365 1410 2405; x_wconf 84' lang='grc' dir='ltr'><strong><em>λ.,</em></strong></span> <span class='ocrx_word' id='word_1_469' title='bbox 1428 2365 1467 2396; x_wconf 84' lang='lat' dir='ltr'><strong><em>in</em></strong></span> <span class='ocrx_word' id='word_1_470' title='bbox 1482 2363 1561 2403; x_wconf 87' lang='lat' dir='ltr'><strong>qui-</strong></span> 
     </span>
     <span class='ocr_line' id='line_1_86' title="bbox 895 2407 1562 2443; baseline -0.007 0"><span class='ocrx_word' id='word_1_471' title='bbox 895 2410 963 2443; x_wconf 84' lang='lat' dir='ltr'><strong><em>bus</em></strong></span> <span class='ocrx_word' id='word_1_472' title='bbox 995 2410 1117 2443; x_wconf 82' lang='lat' dir='ltr'><strong>verbis</strong></span> <span class='ocrx_word' id='word_1_473' title='bbox 1148 2410 1356 2442; x_wconf 87' lang='lat' dir='ltr'><strong>habenae</strong></span> <span class='ocrx_word' id='word_1_474' title='bbox 1387 2407 1562 2440; x_wconf 76' lang='lat' dir='ltr'><strong>orationis</strong></span> 
     </span>
     <span class='ocr_line' id='line_1_87' title="bbox 895 2451 1561 2496; baseline -0.003 -10"><span class='ocrx_word' id='word_1_475' title='bbox 895 2455 1079 2496; x_wconf 78' lang='lat' dir='ltr'><strong>exquisita</strong></span> <span class='ocrx_word' id='word_1_476' title='bbox 1094 2453 1309 2496; x_wconf 78' lang='lat' dir='ltr'><strong>metaphora</strong></span> <span class='ocrx_word' id='word_1_477' title='bbox 1332 2451 1501 2484; x_wconf 75' lang='lat' dir='ltr'><strong>dicuntur</strong></span> <span class='ocrx_word' id='word_1_478' title='bbox 1518 2451 1561 2484; x_wconf 84' lang='lat' dir='ltr'><strong><em>de</em></strong></span> 
     </span>
     <span class='ocr_line' id='line_1_88' title="bbox 894 2495 1562 2531; baseline -0.006 0"><span class='ocrx_word' id='word_1_479' title='bbox 894 2498 997 2531; x_wconf 86' lang='lat' dir='ltr'><strong>modo</strong></span> <span class='ocrx_word' id='word_1_480' title='bbox 1035 2499 1237 2531; x_wconf 76' lang='lat' dir='ltr'><strong>orationem</strong></span> <span class='ocrx_word' id='word_1_481' title='bbox 1274 2495 1482 2529; x_wconf 75' lang='lat' dir='ltr'><strong>moderandi</strong></span> <span class='ocrx_word' id='word_1_482' title='bbox 1524 2499 1562 2528; x_wconf 87' lang='lat' dir='ltr'><strong><em>et</em></strong></span> 
     </span>
     <span class='ocr_line' id='line_1_89' title="bbox 893 2539 1561 2593; baseline -0.006 -18"><span class='ocrx_word' id='word_1_483' title='bbox 893 2542 1094 2592; x_wconf 76' lang='lat' dir='ltr'><strong>tractandi,</strong></span> <span class='ocrx_word' id='word_1_484' title='bbox 1128 2543 1175 2575; x_wconf 82' lang='lat' dir='ltr'><strong><em>ef.</em></strong></span> <span class='ocrx_word' id='word_1_485' title='bbox 1199 2542 1243 2575; x_wconf 83' lang='lat' dir='ltr'><strong><em>de</em></strong></span> <span class='ocrx_word' id='word_1_486' title='bbox 1265 2541 1354 2591; x_wconf 64' lang='lat' dir='ltr'><strong><em>Lpg.</em></strong></span> <span class='ocrx_word' id='word_1_487' title='bbox 1377 2550 1413 2593; x_wconf 77' lang='lat' dir='ltr'><strong><em>p.</em></strong></span> <span class='ocrx_word' id='word_1_488' title='bbox 1432 2541 1495 2592; x_wconf 55' lang='lat'><strong><em>703</em></strong></span> <span class='ocrx_word' id='word_1_489' title='bbox 1513 2539 1561 2590; x_wconf 70' lang='lat' dir='ltr'><strong><em>Q:</em></strong></span> 
     </span>
     <span class='ocr_line' id='line_1_90' title="bbox 892 2583 1561 2628; baseline -0.004 -9"><span class='ocrx_word' id='word_1_490' title='bbox 892 2586 955 2619; x_wconf 82' lang='grc' dir='ltr'><strong><em>δεῖ</em></strong></span> <span class='ocrx_word' id='word_1_491' title='bbox 970 2583 1124 2628; x_wconf 77' lang='grc' dir='ltr'><strong><em>οἷονπερ</em></strong></span> <span class='ocrx_word' id='word_1_492' title='bbox 1140 2585 1258 2620; x_wconf 70' lang='grc' dir='ltr'><strong><em>ἵππον</em></strong></span> <span class='ocrx_word' id='word_1_493' title='bbox 1269 2595 1336 2619; x_wconf 85' lang='grc' dir='ltr'><strong><em>τον</em></strong></span> <span class='ocrx_word' id='word_1_494' title='bbox 1349 2584 1459 2627; x_wconf 82' lang='grc' dir='ltr'><strong><em>λογον</em></strong></span> <span class='ocrx_word' id='word_1_495' title='bbox 1475 2594 1561 2617; x_wconf 76' lang='grc' dir='ltr'><strong><em>εκα-</em></strong></span> 
     </span>
     <span class='ocr_line' id='line_1_91' title="bbox 890 2624 1560 2673; baseline -0.006 -9"><span class='ocrx_word' id='word_1_496' title='bbox 890 2640 995 2664; x_wconf 89' lang='grc' dir='ltr'><strong><em>στοτε</em></strong></span> <span class='ocrx_word' id='word_1_497' title='bbox 1007 2625 1304 2673; x_wconf 75' lang='grc' dir='ltr'><strong><em>ἀναλαμβάνειν,</em></strong></span> <span class='ocrx_word' id='word_1_498' title='bbox 1317 2626 1383 2661; x_wconf 69' lang='grc' dir='ltr'><strong><em>καὶ</em></strong></span> <span class='ocrx_word' id='word_1_499' title='bbox 1396 2624 1447 2671; x_wconf 84' lang='grc' dir='ltr'><strong><em>μὴ</em></strong></span> <span class='ocrx_word' id='word_1_500' title='bbox 1461 2627 1560 2661; x_wconf 71' lang='grc' dir='ltr'><strong><em>καθ-</em></strong></span> 
     </span>
     <span class='ocr_line' id='line_1_92' title="bbox 889 2666 1560 2724; baseline -0.006 -16"><span class='ocrx_word' id='word_1_501' title='bbox 889 2670 984 2718; x_wconf 85' lang='grc' dir='ltr'><strong><em>άπερ</em></strong></span> <span class='ocrx_word' id='word_1_502' title='bbox 1029 2669 1054 2708; x_wconf 84' lang='grc' dir='ltr'><strong><em>ά</em></strong></span> <span class='ocrx_word' id='word_1_503' title='bbox 1079 2669 1211 2708; x_wconf 85' lang='grc' dir='ltr'><strong><em>άλινον</em></strong></span> <span class='ocrx_word' id='word_1_504' title='bbox 1253 2671 1481 2724; x_wconf 69' lang='grc' dir='ltr'><strong><em>κεκτημένον</em></strong></span> <span class='ocrx_word' id='word_1_505' title='bbox 1518 2666 1560 2704; x_wconf 78' lang='grc' dir='ltr'><strong><em>τὸ</em></strong></span> 
     </span>
     <span class='ocr_line' id='line_1_93' title="bbox 889 2686 1560 2771; baseline -0.004 -19"><span class='ocrx_word' id='word_1_506' title='bbox 889 2715 1021 2762; x_wconf 83' lang='grc' dir='ltr'><strong><em>στόμα,</em></strong></span> <span class='ocrx_word' id='word_1_507' title='bbox 1040 2686 1202 2771; x_wconf 28' lang='grc' dir='ltr'><strong><em>ὧᾳὶῦπῤ</em></strong></span> <span class='ocrx_word' id='word_1_508' title='bbox 1227 2717 1292 2751; x_wconf 79' lang='grc' dir='ltr'><strong><em>τοῦ</em></strong></span> <span class='ocrx_word' id='word_1_509' title='bbox 1318 2718 1431 2760; x_wconf 82' lang='grc' dir='ltr'><strong><em>λογον</em></strong></span> <span class='ocrx_word' id='word_1_510' title='bbox 1448 2711 1560 2769; x_wconf 58' lang='grc' dir='ltr'><strong><em>φερόῑ</em></strong></span> 
     </span>
     <span class='ocr_line' id='line_1_94' title="bbox 888 2761 1559 2807; baseline -0.006 -9"><span class='ocrx_word' id='word_1_511' title='bbox 888 2774 1004 2807; x_wconf 85' lang='grc' dir='ltr'><strong><em>μενον</em></strong></span> <span class='ocrx_word' id='word_1_512' title='bbox 1029 2773 1129 2797; x_wconf 73' lang='grc' dir='ltr'><strong><em>κατα</em></strong></span> <span class='ocrx_word' id='word_1_513' title='bbox 1158 2774 1228 2806; x_wconf 80' lang='grc' dir='ltr'><strong><em>την</em></strong></span> <span class='ocrx_word' id='word_1_514' title='bbox 1254 2761 1463 2805; x_wconf 79' lang='grc' dir='ltr'><strong><em>παροιμίαν</em></strong></span> <span class='ocrx_word' id='word_1_515' title='bbox 1484 2770 1559 2794; x_wconf 72' lang='lat' dir='ltr'><strong><em>uno</em></strong></span> 
     </span>
     <span class='ocr_line' id='line_1_95' title="bbox 890 2802 1258 2848; baseline -0.005 -6"><span class='ocrx_word' id='word_1_516' title='bbox 890 2819 992 2848; x_wconf 87' lang='grc' dir='ltr'><strong><em>τινος</em></strong></span> <span class='ocrx_word' id='word_1_517' title='bbox 1009 2802 1102 2843; x_wconf 84' lang='grc' dir='ltr'><strong><em>ὄνου</em></strong></span> <span class='ocrx_word' id='word_1_518' title='bbox 1118 2810 1258 2842; x_wconf 78' lang='grc' dir='ltr'><strong><em>πεσεῖν.</em></strong></span> 
     </span>
    </p>
   </div>
   <div class='ocr_carea' id='block_1_11' title="bbox 1385 0 1722 57">
    <p class='ocr_par' dir='ltr' id='par_1_15' title="bbox 1385 0 1722 57">
     <span class='ocr_line' id='line_1_96' title="bbox 1385 0 1722 57; baseline 0 2907"><span class='ocrx_word' id='word_1_519' title='bbox 1385 0 1722 57; x_wconf 95' lang='lat' dir='ltr'><strong><em> </em></strong></span> 
     </span>
    </p>
   </div>
  </div>
 </body>
</html>
