1702 2924
213 201 231 237 1
241 201 290 237 16
758 199 1016 239 PLATONIS

211 304 288 347 τὸν
325 305 467 357 ἕτερον
503 305 646 359 ὀρθῶς
683 303 818 358 λέγειν
854 306 880 360 ἢ
907 305 965 361 μὴ
992 308 1152 359 σαφῶς,
1180 305 1479 360 χαλεπαίνουσί
1505 319 1548 347 τε

214 370 285 412 καὶ
320 370 426 413 κατὰ
464 370 636 423 φθόνον
671 369 833 412 οἴονται
867 370 943 412 τὸν
980 369 1143 412 ἑαυτῶν
1169 368 1324 423 λέγειν,
1369 373 1549 424 φιλονει-

215 439 412 484 κοῦντας,
440 429 526 476 ἀλλ’
551 433 604 476 οὐ
632 435 862 487 ζητοῦντας
887 435 935 476 τὸ
963 435 1241 488 προκείμενον
1268 432 1315 476 ἐν
1341 437 1399 491 τῷ
1425 435 1549 490 λόγῳ.

215 499 287 541 καὶ
315 497 420 541 ἔνιοί
446 513 494 552 γε
522 501 792 547 τελευτῶντες
819 498 1008 552 αἴσχιστα
1034 499 1378 548 ἀπαλλάττονται,
1418 498 1552 540 λοιδο-

217 562 416 617 ρηθέντες
442 578 484 605 τε
512 561 583 604 καὶ
612 563 798 612 εἰπόντες
825 562 895 604 καὶ
921 564 1179 612 ἀκούσαντες
1206 562 1299 614 περὶ
1327 565 1450 615 σφῶν
1477 562 1551 604 av’-

216 630 301 668 τῶν
321 631 509 679 τοιαῦτα,
536 622 606 669 οἶα
626 627 693 668 καὶ
713 626 814 676 τοὺς
831 627 1043 679 παρόντας
1060 631 1269 682 ἄχθεσθαι
1294 626 1401 679 ὑπὲρ
1430 630 1553 681 σφῶν

151 693 188 734 Ε
218 688 373 741 αὐτῶν,
403 689 468 733 ὅτι
499 692 704 733 τοιούτων
736 692 978 744 ἀνθρώπων
1005 691 1187 746 ἠξίωσαν
1212 690 1416 744 ἀκροαταὶ
1442 690 1552 744 γενέ-

218 759 331 797 σθαι.
398 758 486 798 Τοῦ
521 755 573 810 δὴ
610 754 731 797 ἕνεκα
765 753 872 808 λέγω
907 762 1039 797 ταῦτα
1049 773 1060 806 3
1100 752 1164 797 ὅτι
1190 762 1272 797 νῦν
1299 753 1391 809 ἐμοὶ
1416 755 1555 804 δοκεῖς

218 820 272 861 σὺ
312 815 365 861 οὐ
404 821 520 862 πάνυ
561 821 781 863 ἀκόλουθα
818 818 973 872 λέγειν,
1018 815 1118 861 οὐδὲ
1157 820 1368 874 σύμφωνα
1406 815 1470 868 οἷς
1506 821 1554 861 τὸ

218 886 388 937 πρῶτον
430 882 564 938 ἔλεγες
601 884 695 938 περὶ
731 890 805 938 τῆς
842 884 1076 938 ῥητορικῆς.
1115 885 1334 938 φοβοῦμαι
1371 880 1450 926 οὖν
1476 884 1554 926 διε-

217 946 377 1002 λέγχειν
399 958 456 999 σε,
485 949 542 1003 μή
561 963 611 1001 με
639 948 857 1003 ὑπολάβῃς
883 946 937 990 οὐ
964 950 1070 1001 πρὸς
1095 950 1144 990 τὸ
1171 956 1347 1002 πρᾶγμα
1374 951 1553 1001 φιλονει-

219 1019 377 1054 κοῦντα
412 1013 548 1066 λέγειν
586 1017 665 1055 τοῦ
702 1012 941 1067 καταφανὲς
967 1011 1191 1067 γενέσθαι,
1229 1013 1334 1055 ἀλλὰ
1361 1014 1467 1065 πρὸς
1494 1013 1552 1054 σέ.

218 1132 295 1166 347.
318 1133 493 1167 Matthiae.
509 1134 567 1167 Gr.
587 1135 616 1174 5.
633 1132 710 1169 294.
735 1138 769 1167 et
791 1137 906 1168 nostra
929 1134 972 1167 ad
997 1134 1126 1177 Gratyl.
1149 1145 1182 1177 p.
1196 1132 1274 1168 387.
1288 1134 1337 1176 C„
1361 1144 1450 1177 quae
1473 1134 1553 1167 hinc

220 1179 374 1222 augebis,
397 1179 532 1221 infrap
535 1177 644 1211 ..478
668 1179 710 1211 A.

286 1224 324 1256 Ρ.
347 1221 423 1257 458.
471 1189 532 1256 εἴΡ
542 1235 575 1255 τι
599 1221 649 1266 μὴ
673 1221 837 1266 ἀληθὲς
861 1222 986 1266 λέγω]
1019 1223 1107 1256 Vett.
1131 1222 1225 1257 editt.
1248 1227 1283 1256 et
1305 1223 1478 1266 Hirschig.
1502 1222 1553 1256 λέ-

263 1334 308 1366 D.
354 1331 375 1375 ἢ
405 1331 456 1376 μὴ
489 1333 658 1378 σαφῶς]
696 1334 855 1377 Intellige

219 1389 263 1412 ex
286 1378 566 1411 antecedentibus
591 1382 656 1422 φῇ,
688 1383 726 1411 ιιι
755 1389 856 1421 saepe

219 1423 332 1456 solent
355 1433 373 1455 e
391 1424 505 1455 verbis
528 1423 733 1466 negantibus
756 1423 855 1456 intel-

220 1467 360 1510 ligenda
374 1467 522 1510 relinqui
535 1467 642 1500 Verba
659 1469 797 1500 aientia.
821 1479 854 1501 V.

220 1512 444 1545 Heindorf.
468 1512 511 1545 ad
533 1513 567 1545 h.
591 1512 614 1545 l.
638 1513 714 1546 coll.
739 1516 854 1545 annot.

222 1557 264 1590 ad
295 1557 451 1600 Sympos.
479 1568 513 1600 p.
538 1556 612 1590 192.
636 1558 675 1590 E.
721 1557 854 1591 Deinde

222 1602 290 1634 καὶ
334 1602 434 1634 κατὰ
470 1613 516 1643 φ
506 1600 644 1634 θάνον
679 1602 854 1635 οἴονται

221 1644 295 1678 τὸν
325 1646 491 1679 ἑαυτῶν
522 1646 661 1687 dicitur,
692 1647 854 1702 quoniam

221 1690 264 1724 ad
294 1691 426 1724 οἴονται
456 1696 568 1724 mente
591 1691 811 1734 cogitandum
834 1689 853 1723 ό

221 1735 338 1778 ἕτερος
365 1733 424 1768 τὸν
447 1736 578 1777 ἕτερον.
625 1736 723 1770 Unde
751 1738 854 1770 etiam

219 1780 481 1823 explicationem
510 1780 615 1813 habet
637 1782 854 1814 accusativus

160 1838 162 1840 ’
219 1827 507 1866 φιλονεικοῦντας,
524 1822 591 1858 ἇλλ
605 1823 648 1858 οὐ
659 1827 854 1869 ζητοῦντας

219 1880 319 1912 quem
358 1880 442 1902 cave
479 1881 558 1903 cum
593 1871 854 1914 Hirschigio

218 1914 256 1946 in
294 1915 541 1947 nominativum
578 1916 855 1955 φιλονεικοῦντες

219 1962 253 1991 et
276 1959 457 2002 ζητοῦντες
480 1960 677 1992 mutaveris.
718 1961 856 1993 Poterat

219 2004 310 2036 enim
345 2003 414 2036 dici
447 2004 512 2036 hoc
540 2003 659 2037 modo:
699 2005 804 2037 οἴεται
837 2002 855 2037 ὁ

219 2048 335 2090 ἕτερος
367 2045 426 2080 τὸν
455 2048 576 2090 ἕτερον
606 2046 686 2081 κατὰ
710 2048 855 2090 φθόνον

219 2090 280 2124 τὸν
303 2092 364 2125 έαι
358 2096 429 2126 τοῦ
450 2092 559 2136 λέγειν
582 2095 853 2133 φιλονεικοῦντα,

218 2134 286 2169 ἀλλ’
311 2134 353 2169 οὐ
377 2138 544 2190 ζητοῦντα
566 2135 601 2170 τὸ
626 2140 855 2180 προκείμενον

221 2180 261 2214 ἐν
291 2184 338 2225 τῷ
365 2180 464 2225 λόγῳ.
512 2182 638 2215 Verum
669 2182 755 2215 vidit
785 2183 853 2215 iam

220 2215 525 2259 Heindorfius.
571 2228 624 2259 De
648 2237 680 2259 V.
705 2228 853 2268 φ-ιλονει

219 2275 294 2303 κεῖν
329 2282 362 2303 V.
392 2271 565 2304 Phaedon.
595 2282 627 2314 p.
651 2238 730 2304 91?
738 2271 780 2305 A.
810 2290 854 2295 —

218 2314 588 2359 λοιδορηθέντες,
636 2316 853 2349 conviciis

217 2361 413 2400 onerati,
451 2364 679 2403 postquam
717 2371 762 2394 se
796 2361 854 2393 in-

217 2405 356 2437 vicem
380 2405 611 2438 conviciis
634 2405 853 2459 proscide-

217 2453 327 2482 runt.
358 2468 401 2473 -—
430 2461 501 2482 οια
525 2450 590 2482 καὶ
618 2462 642 2483 τ.
667 2462 699 2482 π.
725 2447 851 2492 ἄχθε-

219 2494 322 2526 σθαι
348 2491 409 2526 ὑπ.
437 2504 503 2534 σφ.
529 2492 632 2533 αι’τ.,
658 2499 702 2527 ιιι
725 2496 852 2528 etiam

215 2542 476 2581 praesentes
500 2549 574 2571 sua
597 2549 762 2572 caussa
791 2540 853 2572 in·

214 2582 467 2626 dignentur,
507 2583 617 2625 quod
652 2587 734 2625 etc„
773 2583 853 2616 dau

214 2628 302 2660 auch
333 2627 389 2660 die
412 2628 639 2661 Anweaende‘n
669 2639 727 2660 um
759 2627 853 2661 ihrer

212 2671 309 2705 solbat
331 2671 438 2705 wille‘n
460 2672 609 2705 dar-iiber
627 2673 852 2716 anzufrieden

922 1334 1009 1367 siml.
1039 1333 1322 1367 Coniunctionem
1336 1334 1433 1366 verbi
1455 1332 1556 1376 ἄχθε-

923 1380 1007 1411 σθαι
1023 1389 1100 1412 cum
1116 1379 1312 1412 accusativo
1335 1379 1384 1412 rei
1407 1379 1558 1412 illustra-

922 1424 1033 1456 vimus
1056 1423 1099 1456 ad
1122 1423 1338 1480 Phaedon.p
1342 1422 1418 1457 ..88
1433 1423 1472 1456 E.
1503 1424 1555 1456 De

921 1467 1090 1501 infinitivo
1124 1472 1201 1511 post
1230 1465 1288 1501 οἶα
1322 1468 1419 1502 illato
1447 1478 1480 1500 V.
1512 1468 1555 1501 ad

922 1513 1126 1555 Sympos.p
1167 1511 1244 1546 211.
1276 1513 1312 1545 Β.
1348 1512 1426 1546 coll.
1457 1513 1555 1545 Mat-

921 1557 1054 1590 thiae.
1092 1523 1150 1590 (ΞΥ.
1190 1558 1220 1597 5.
1255 1555 1332 1591 535.
1397 1557 1555 1610 Denique

921 1600 1093 1644 ἄχθεσθαι
1123 1598 1212 1643 ὑπὲρ
1237 1601 1362 1634 ἑαυτοῦ
1390 1603 1440 1634 sic
1470 1602 1557 1634 dixit

922 1647 1023 1679 etiam
1058 1646 1277 1702 Aristoph.
1309 1646 1489 1689 Lysistrat.
1525 1657 1555 1680 V.

922 1690 982 1725 10:
1007 1689 1097 1723 πόλλ’
1115 1688 1202 1733 νπὲρ
1228 1688 1323 1733 ἡμῶν
1346 1693 1414 1723 τῶν
1435 1703 1554 1735 γυναι-

923 1739 990 1768 κῶν
1013 1734 1178 1778 ἄχθομαι,
1209 1735 1253 1768 ab
1283 1735 1553 1769 Heindorfio

921 1784 1144 1823 comparatus.
1181 1780 1252 1813 Nec
1274 1781 1323 1812 ita
1346 1791 1442 1813 rarus
1466 1779 1556 1823 apud

921 1826 1033 1868 ipsum
1075 1825 1253 1858 Platonem
1295 1825 1353 1857 hic
1393 1825 1556 1858 formulae

922 1880 1004 1903 usus
1024 1874 1085 1902 est.
1105 1880 1137 1902 V.
1156 1869 1255 1912 Apol.
1273 1869 1367 1902 Socr.
1391 1881 1424 1912 p.
1443 1868 1496 1904 23.
1518 1869 1558 1902 E.

922 1914 1095 1947 Phaedon.
1116 1925 1150 1957 p.
1173 1913 1227 1947 61.
1251 1914 1289 1946 Ε.
1317 1913 1434 1956 ibique
1456 1925 1536 1947 ann.

967 1960 1007 1992 E.
1053 1962 1129 1992 τοῦ
1162 1957 1412 2000 καταφανὲς
1441 1958 1556 2002 γενέ-

926 2003 1047 2047 σθαι]
1104 2013 1152 2036 ne
1198 2004 1453 2046 suspiceris
1498 2014 1559 2036 me

922 2059 1006 2082 non
1023 2049 1086 2081 rei
1102 2057 1271 2081 caussa
1293 2047 1558 2081 contenden—

922 2098 1005 2125 tem
1036 2092 1206 2133 dicere,
1246 2095 1290 2125 ut
1318 2093 1558 2125 manifesta

923 2138 1023 2178 fiat,
1053 2136 1128 2169 sed
1152 2141 1226 2169 tua
1250 2146 1419 2170 caussa.
1465 2137 1558 2170 Infra

922 2192 953 2224 p.
977 2162 1053 2215 509.
1083 2182 1135 2214 D.
1171 2178 1249 2214 ἐὰν·
1270 2180 1415 2221 δύναμιν
1449 2193 1557 2223 παρα-

924 2225 1128 2268 σκευάσηιαι
1169 2229 1228 2259 τοῦ
1269 2224 1314 2268 μὴ
1347 2223 1558 2260 ἀδικεῖσθαι.

922 2271 1136 2304 Demosth.
1172 2271 1224 2303 De
1259 2270 1381 2304 Conon.
1417 2282 1448 2326 p.
1480 2269 1556 2304 262.

921 2315 972 2348 ed.
1004 2314 1138 2369 Reisk..
1168 2309 1239 2357 ἄρα’
1263 2326 1301 2356 γε
1312 2313 1449 2370 σμικρὰ
1473 2313 1557 2348 ἀνα-

921 2362 1024 2392 λῶσαι
1054 2357 1097 2391 ἂν
1128 2363 1187 2392 τοῦ
1217 2357 1259 2402 μὴ
1286 2357 1323 2392 τὰ
1347 2359 1461 2392 δίκαια
1485 2371 1557 2393 ποι-

921 2409 976 2437 εῖν
1007 2404 1043 2436 οἰ
1078 2402 1232 2437 πλουσιοι
1263 2402 1557 2448 (scil.don01301).

921 2460 953 2482 V.
976 2450 1088 2482 Rost.
1114 2451 1147 2489 5.
1170 2438 1385 2484 109.n0t.1.
1409 2449 1557 2482 Matth.

922 2495 952 2534 5.
975 2492 1052 2527 540.
1076 2497 1145 2525 not.

932 2562 933 2565 =
965 2537 1111 2577 εἰμὲν
1145 2537 1213 2570 καὶ
1240 2533 1357 2570 abac*
1378 2549 1403 2570 t.
1426 2534 1544 2579 ἀνθρ
1526 2549 1555 2579 ρ.

921 2577 1067 2624 ὦνπερ
1093 2584 1160 2615 καὶ
1187 2580 1288 2638 ἐγών]
1319 2581 1556 2624 Euthyphron.

919 2637 951 2669 p.
981 2626 1012 2660 6.
1045 2628 1093 2659 A:
1137 2632 1201 2659 ιῦν
1232 2621 1297 2660 οὖν
1330 2626 1365 2659 el
1398 2627 1466 2659 και
1502 2627 1555 2659 σο)

921 2674 1021 2705 rafim
1052 2671 1218 2713 ξυνδοκεῖ
1244 2690 1306 2709 -,
1336 2669 1469 2715 ἀνάγκη
1501 2669 1556 2714 δή,
