1676 2938
419 99 666 140 GORGIAS.
693 99 739 137 P.
770 101 864 136 509.
897 99 991 136 510.
1020 96 1080 135 ed.
1112 95 1168 135 St.
1404 93 1482 131 287

120 205 281 264 Ὀρᾷς,
323 203 358 250 ὦ
390 205 635 261 Σώκρατες,
676 207 734 256 ὡς
762 204 897 261 ἐγὼ”
873 206 1042 260 ετοιμός
1069 205 1153 259 εἰμι
1181 202 1390 252 ἐπαινεῖν,
1432 204 1487 242 ἄν
1517 202 1555 245 Β

128 290 166 317 τι
190 277 331 323 καλῶς
353 273 500 329 λέγῃςς
528 273 656 316 τοῦτό
682 289 756 327 μοι
784 272 923 320 δοκεῖς
951 272 1069 313 πάνυ
1097 272 1236 321 καλῶς
1264 264 1488 322 εἰοηκέναι.

217 341 326 400 Cap.
356 341 521 384 LXVI.
580 338 743 380 Σκόπει
782 337 835 391 δὴ
871 336 944 379 καὶ
970 337 1066 378 τόδε
1096 335 1172 377 ἐάν
1200 345 1269 377 σοι
1296 333 1412 374 δοκῶ
1441 327 1488 373 εὖ

131 406 280 462 λέγειν.
311 409 436 462 φίλος
456 423 530 461 μοι
558 407 678 449 δοκεῖ
702 405 880 454 ἕκαστος
907 403 1069 461 ἑκάστῳ
1098 400 1209 445 εἶναι
1237 403 1296 451 ὡς
1322 397 1419 443 οἷόν
1445 415 1489 442 τε

131 475 332 529 μάλιστα,
379 473 511 525 ὅνπερ
551 471 594 514 οἱ
628 471 802 513 παλαιοί
837 484 881 512 τε
921 469 994 512 καὶ
1034 469 1164 524 σοφοὶ
1202 467 1424 522 λέγουσιν,
1465 466 1490 508 ὁ

136 540 284 593 ὅμοιος
319 541 380 595 τῷ
418 538 567 592 ὁμοίῳ.
606 538 660 579 οὐ
694 537 766 579 καὶ
802 537 872 578 σοι’
883 554 894 586 ,·
955 537 1092 577 ΚΑΛ.
1134 531 1320 589 ’Ἐμοιγε.
1386 534 1490 574 ΣΩ.

139 606 315 647 Οὐκοῦν
351 604 464 645 ὅπου
500 603 714 657 τύραννός
750 601 865 644 ἐστιν
898 604 1043 655 ἄρχων
1082 603 1233 654 ἄγριος
1269 598 1341 641 καὶ
1369 598 1491 639 ἀπαί-

135 672 311 720 δευτος,
350 669 390 710 εἴ
424 685 486 719 τις
519 669 679 712 τούτου
719 666 766 709 ἐν
803 674 855 721 τῇ
896 667 1016 709 πόλει
1051 666 1164 708 πολὺ
1202 665 1380 718 βελτίων
1414 664 1491 719 εἴη,

138 737 321 790 φοβοῖτο
342 735 485 789 δήπου
507 734 562 775 ἂν
585 734 719 776 αὐτὸν
742 733 765 776 ὁ
786 734 1000 787 τύραννος
1019 732 1089 774 καὶ
1118 732 1258 787 τούτῳ
1288 729 1330 781 ἐξ
1359 729 1491 771 ἅπαν-

135 817 208 850 τος
257 805 337 843 τοῦ
381 807 464 843 νοῦ
515 801 596 843 οὐκ
645 802 702 842 ἄν
749 813 852 842 ποτε
888 799 1065 840 δύναιτο
1105 798 1232 851 φίλος
1269 794 1496 850 γενέσθαι;
1529 797 1565 841 C

144 869 279 908 KAA.
306 862 437 908 ’Ἐστι
463 872 610 908 ταῦτα.
667 867 766 907 ΣΩ.
820 863 933 906 Οὐδὲ
962 878 1008 919 γε
1037 864 1163 912 εἴτις
1190 851 1302 905 aiom)
1333 863 1494 915 φαυλό-

139 990 252 1032 spatia
284 989 483 1022 idemtidem
514 989 660 1043 repetita
689 989 835 1023 dicatur.
883 987 984 1028 Quod
1013 983 1128 1030 ipBum
1158 987 1226 1020 hoc
1248 987 1327 1019 loco
1350 987 1399 1019 ita
1421 986 1495 1018 fieri

138 1039 310 1078 putamus.
357 1035 447 1068 Nam
471 1033 566 1069 ὅπως
590 1032 634 1078 μὴ
659 1031 873 1078 ἅδικήσομει
896 1033 1125 1077 significaret:
1158 1038 1205 1065 ut
1235 1043 1287 1065 ne
1318 1031 1495 1075 quando

139 1081 308 1114 iniuste
338 1081 559 1114 faciamus
588 1080 646 1112 vel
677 1081 853 1113 omnino
885 1079 1050 1112 iniusti
1083 1079 1238 1119 simus,
1274 1079 1389 1110 futuro
1413 1082 1496 1109 tem-

139 1136 238 1169 pore,
262 1126 540 1169 quandocunque
565 1127 641 1160 erit.
687 1126 796 1168 Atqui
818 1125 855 1158 id
880 1126 923 1158 ab
947 1126 1024 1167 ipsa
1048 1126 1221 1157 sententia
1245 1123 1398 1156 alienum
1422 1134 1497 1156 esse

139 1175 253 1214 patet,
285 1182 372 1214 quae
395 1172 510 1214 potius
532 1171 600 1203 hoc
624 1171 785 1213 requirit.
819 1174 866 1203 ut
888 1181 940 1203 ne
964 1169 1219 1202 idemtidem
1242 1169 1419 1202 iniuste
1443 1170 1497 1201 fa-

141 1217 328 1258 ciamus,
353 1217 445 1259 quod
464 1216 503 1249 fit
526 1216 674 1259 singulis
698 1217 810 1259 iisque
833 1227 895 1259 pro
919 1227 1033 1248 rerum
1057 1215 1256 1248 conditione
1281 1219 1316 1247 et
1338 1219 1498 1258 opportu-

141 1263 249 1295 nitate
271 1273 382 1304 usque
405 1263 559 1305 repetitis
583 1262 723 1294 iniustis
746 1261 956 1295 actionibus.

211 1307 323 1361 ἢπερ
358 1307 473 1352 ἐμοί]
505 1308 547 1340 V.
578 1302 667 1350 ᾗπερ
702 1311 737 1340 et
767 1307 846 1340 dein
872 1303 944 1350 ῄᾞδε
991 1307 1098 1339 Recte
1122 1307 1199 1339 Par.
1223 1306 1318 1339 VW.
1350 1306 1441 1338 Flor.
1466 1317 1497 1338 8.

142 1354 175 1385 1).
199 1363 230 1388 e.
254 1353 277 1385 f.
302 1351 389 1396 ἥπερ
414 1357 448 1385 et
471 1353 574 1386 Vind.
578 1321 631 1386 ῃ.2
654 1352 686 1386 6.
718 1353 806 1385 Ven.
824 1352 866 1385 Σ.
872 1321 974 1385 7lPar.
998 1352 1066 1385 IV.
1091 1350 1163 1396 ἥδε.
1200 1352 1373 1394 Deinceps
1391 1351 1498 1394 vulgo

143 1397 207 1430 δεῖ.
253 1399 321 1430 Sed
350 1398 578 1438 infinitivum,
615 1403 780 1440 sequente
811 1394 904 1430 εἶπαι
934 1399 1004 1430 iam
1036 1408 1097 1440 per
1132 1408 1169 1430 se
1200 1398 1284 1429 satis
1315 1398 1498 1437 munitum,

142 1448 282 1476 tuentur
304 1444 381 1476 vat.
415 1444 520 1477 Coisl.
544 1423 631 1476 V’cn.
658 1443 741 1477 ΞΣ.
779 1443 884 1476 Vind.
907 1442 938 1477 2.
964 1442 995 1476 6.
1032 1444 1109 1475 Par.
1135 1443 1372 1475 GEFIVW.
1405 1443 1499 1475 Flor.

142 1500 173 1521 8,
197 1490 231 1521 b.
255 1500 283 1521 c.
306 1488 339 1522 d.
363 1490 387 1521 f.
410 1500 454 1524 m.
479 1500 510 1522 o.
534 1500 561 1522 s.
586 1490 675 1532 Aug.
699 1489 797 1522 Bodl.
846 1491 937 1522 Tum
966 1489 1022 1520 καὶ
1047 1492 1127 1521 ante
1153 1492 1359 1529 τυραννεῖν,
1391 1489 1498 1531 vulgo

145 1535 322 1575 omissum,
345 1545 423 1567 cum
449 1534 567 1569 Clark.
593 1535 670 1567 Vat.
695 1535 802 1568 Coisl.
827 1535 947 1578 optimi
971 1534 1099 1576 quique
1122 1534 1311 1566 firmarunt.

212 1579 395 1622 ἑταῖρον
419 1591 456 1612 ει
449 1575 562 1624 ναι]
588 1580 696 1613 Codd.
720 1581 874 1624 plerique
899 1580 1033 1622 ἕτερον,
1058 1579 1180 1613 crebra
1203 1579 1416 1612 confusione.

145 1704 478 1744 Bnttmannum,
526 1704 586 1746 qui
627 1707 667 1736 ut
708 1703 788 1747 τῇδε

144 1759 206 1791 pro
222 1744 286 1791 ᾐδε
301 1748 487 1792 legendum
504 1759 580 1782 esse
604 1750 787 1790 evinceret,

145 1793 206 1838 ἥδε
243 1799 424 1836 propterea
460 1794 543 1827 ferri
579 1805 650 1827 non
686 1805 787 1837 posse

857 1704 913 1736 καὶ
935 1708 1005 1738 τοῖς
1030 1707 1099 1736 τῶν
1125 1701 1392 1744 σοφωτάτων
1417 1713 1499 1758 συγ·

856 1747 1055 1791 γράμμασιν
1098 1746 1340 1803 ἐντετύχηκας,
1384 1746 1501 1802 “ratini

857 1798 961 1848 ταῦτα
995 1794 1175 1848 λέγουσι),
1215 1792 1264 1826 ὅτι
1302 1792 1339 1825 τὸ
1380 1791 1501 1832 ὅμοιοι

146 1839 324 1879 iudicavit,
348 1839 440 1881 quod
455 1840 544 1872 male
558 1841 790 1882 praemittere-

146 1889 202 1917 tm·
216 1884 350 1917 duabus
366 1885 419 1917 his
435 1884 565 1927 τέχναις
579 1895 641 1928 per
661 1885 789 1928 duplex

147 1928 168 1973 ἥ
190 1929 371 1962 distinctis.

193 1975 277 2018 Cap.
302 1975 426 2008 LXVI.
468 1976 507 2007 B.
547 1974 677 2007 δοκε
661 1989 672 2008 ι
698 1975 788 2007 ἕκα-

149 2030 253 2054 στος
290 2039 335 2044 -
375 2023 427 2064 τῷ
480 2017 637 2077 ὁμοίῳ]
697 2021 789 2053 Ordo

146 2066 328 2098 verborum
359 2066 418 2098 hic
448 2069 517 2098 est:
553 2064 572 2097 ὁ
602 2065 719 2106 ὅμοιος
745 2069 791 2110 τῷ

149 2108 270 2154 ὁμοίῳ,
303 2110 408 2153 ὅνπερ
442 2123 474 2143 οι
509 2113 649 2144 παλαιοί
675 2123 710 2144 τε
733 2113 789 2144 καὶ

152 2156 259 2197 σοφοὶ
275 2155 422 2199 λέγουσι,
448 2156 547 2189 δοκεῖ
559 2168 615 2196 μοι
638 2154 686 2191 ὠς
710 2153 791 2189 οιόν

150 2212 183 2232 τε
217 2199 358 2240 μάλιστα
395 2203 496 2242 φίλος
525 2198 563 2235 εἶ
565 2214 616 2234 ναι
647 2202 790 2237 ἕκαστος

149 2244 306 2289 ἑκάστῳ.·
330 2246 417 2279 Ille
429 2271 438 2287 ,
461 2248 536 2289 qui
556 2248 719 2280 similis
740 2249 791 2280 si-

149 2291 250 2323 mili
273 2296 357 2332 est,
381 2303 592 2334 quemque
614 2297 790 2326 veteres

150 2338 380 2379 sapientes
450 2343 792 2371 commemorant

150 2383 350 2425 saepius,
384 2382 566 2415 videtur
594 2384 704 2415 mihi
727 2388 791 2416 etc.

149 2428 282 2468 Monui,
305 2438 349 2460 ne
365 2429 423 2460 cui
435 2428 472 2460 in
488 2432 637 2461 mentem
659 2431 794 2462 veniret

150 2470 235 2514 ὅπερ
279 2472 430 2506 scribere
442 2498 451 2514 ,
497 2473 588 2515 quod
628 2474 695 2506 fuit
733 2476 793 2516 qui

148 2518 384 2560 reponendum
436 2529 511 2551 esse
564 2518 792 2552 contenderet.

151 2563 355 2604 Appellatur
384 2564 470 2596 haec
493 2564 666 2596 sententia
688 2566 793 2597 etiam

149 2607 184 2638 in
208 2608 409 2661 Sympos.p
412 2607 519 2642 .195.
542 2610 581 2642 Β.
605 2607 705 2652 λόγος
730 2622 792 2643 πα-

149 2650 250 2686 λαιός.
284 2619 409 2696 Lyssidp
427 2665 460 2697 p.
483 2653 561 2687 214.
586 2655 633 2686 Β·
659 2653 769 2687 οὖκοῦ
774 2667 792 2687 ν

858 1839 906 1883 τῷ
920 1837 1031 1883 ὁιιοίῳ
1046 1837 1157 1883 ἂνάγκ
1193 1837 1249 1872 ἀεὶ
1268 1840 1375 1880 φίλον
1390 1834 1499 1874 εἵνεκα

858 1885 928 1917 scol
964 1884 1003 1917 δέ
1036 1897 1103 1917 που
1136 1897 1235 1918 ουτοι
1265 1885 1301 1917 οἱ
1324 1885 1405 1925 περὶ
1433 1882 1500 1925 φύ-

860 1941 948 1964 osma*
977 1942 1011 1963 τε
1043 1931 1098 1962 καὶ
1135 1934 1197 1963 τοῦ
1229 1928 1311 1962 ὅλου
1346 1927 1500 1973 διαλεγό-

857 1987 958 2015 μειοι
993 1977 1049 2008 καὶ
1085 1974 1290 2019 γράφοντες.
1332 1986 1364 2007 v.
1397 1976 1500 2008 etiam

859 2023 1036 2064 Protagor.
1065 2032 1097 2064 p.
1123 2020 1200 2055 337.
1223 2022 1266 2053 D.
1303 2021 1410 2064 Legg.
1442 2021 1502 2053 VI.

858 2078 892 2110 p.
916 2065 992 2100 773.
1016 2068 1055 2100 Β.
1087 2067 1232 2099 Phaedr.
1257 2077 1288 2109 p.
1313 2066 1391 2100 240.
1416 2066 1455 2101 O.

903 2111 974 2144 καὶ
1006 2110 1140 2156 τούτῳ
1173 2111 1310 2154 ἑξᾶπ.
1337 2124 1361 2144 τ,
1390 2124 1418 2143 2¹.
1444 2111 1500 2155 —]

858 2158 1052 2200 Repentina
1067 2158 1215 2190 subiecti
1232 2157 1388 2189 mutatio.
1413 2157 1502 2189 Nam

858 2203 903 2235 ad
942 2202 1083 2236 δυίαιτο
1123 2202 1389 2246 intelligendum
1428 2213 1503 2235 esse

859 2245 878 2280 ὁ
904 2248 1065 2290 βελτιᾞων
1098 2249 1142 2281 ad
1175 2248 1284 2292 τούτῳ
1317 2252 1432 2281 autem
1457 2251 1503 2291 τῷ

860 2291 1036 2338 τυράνιῳ,
1065 2305 1109 2326 ex
1132 2294 1247 2326 verbis
1271 2303 1364 2341 seqq.
1410 2283 1504 2326 Οὐδὲ

859 2351 898 2382 γε
922 2339 959 2371 εἴ
975 2351 1022 2374 τις
1039 2358 1084 2363 -
1103 2337 1179 2372 οὐδ’
1205 2337 1251 2371 ἄ)
1274 2342 1378 2373 miros·
1401 2349 1504 2381 appa·

859 2388 911 2416 ret
941 2389 975 2416 et
1005 2386 1074 2417 iam
1106 2396 1126 2417 8
1160 2385 1354 2417 Routhio
1389 2384 1505 2417 obser-

860 2434 979 2462 vatum
1003 2435 1066 2463 est.
1102 2430 1169 2462 Sed
1193 2435 1323 2472 quanta
1346 2430 1503 2462 libertate

861 2475 987 2507 Graeci
1015 2476 1083 2508 hoc
1114 2476 1150 2507 in
1179 2485 1306 2518 genere
1336 2476 1391 2507 usi
1424 2476 1504 2515 sint,

860 2520 973 2552 discas
1004 2532 1048 2553 ex
1081 2521 1143 2561 iis,
1175 2531 1263 2563 quac
1287 2521 1506 2563 collegerunt

861 2566 1092 2598 Heindorf.
1115 2566 1158 2598 ad
1182 2567 1216 2598 h.
1239 2566 1263 2598 l.
1286 2566 1330 2598 ad
1353 2566 1504 2607 Euthyd.

860 2622 893 2653 p.
917 2610 995 2644 275.
1019 2612 1058 2643 Β.
1102 2611 1280 2644 Theaetet.
1304 2622 1336 2654 p.
1363 2610 1440 2643 148.
1465 2612 1504 2642 B.

861 2656 1037 2689 Phaedon.
1073 2667 1105 2699 p.
1141 2655 1194 2690 72.
1230 2657 1268 2689 C.
1325 2657 1504 2698 Protagor.
