1748 2944
509 248 752 288 GORGIAS.
782 249 825 287 P.
857 249 950 287 487.
981 250 1039 288 ed.
1072 250 1127 288 St.
1415 253 1493 287 213

150 363 284 401 ταῦτα
323 358 418 411 περὶ
445 362 530 400 τῶν
557 358 776 413 μεγίστων.
817 354 871 400 σὺ
890 353 944 400 ’δὲ
973 366 1106 400 ταῦτα
1134 359 1273 400 πάντα
1300 357 1427 413 ἔχεις,
1467 361 1494 400 ἃ

150 425 192 467 οἱ
230 427 350 467 ἄλλοι
389 425 469 466 οὐκ
506 421 668 478 ἔχουσι·
710 425 991 465 πεπαίδευσαί
1029 440 1072 466 τε
1108 425 1191 479 γὰρ
1219 425 1396 474 ἱκανῶς,
1437 425 1494 474 ὡς

149 490 299 533 πολλοὶ
339 490 393 532 ἂν
421 491 602 544 φήσαιεν
626 484 890 543 Ἀθηναίων,
930 489 1001 532 καὶ
1031 489 1122 544 ἐμοὶ
1152 486 1192 532 εἶ
1218 493 1381 538 εὔνους.
1411 491 1494 532 τίνι

148 556 355 612 τεκμηρίῳ
382 557 567 610 χρῶμαι;
597 553 679 608 ἐγώ
707 565 775 597 σοι
804 554 895 609 ἐρῶ.
927 552 1025 598 οἶδα
1052 557 1163 610 ὑμᾶς
1191 553 1285 610 ἐγώ,
1316 548 1350 597 ὦ
1380 558 1492 598 Καλ-
1525 556 1560 601 C

148 623 323 670 λίκλεις,
359 622 558 674 τέτταρας
597 622 744 670 ὄντας,
782 621 1019 671 κοινωνοὺς
1057 622 1287 675 γεγονότας
1324 623 1492 675 σοφίας,

148 685 192 728 σέ
232 702 275 728 τε
316 686 386 729 καὶ
423 686 662 740 Τίσανδρον
702 685 778 728 τὸν
801 682 1051 740 Ἀφιδναῖον
1078 686 1150 728 καὶ
1166 684 1390 741 ’Ἄνδρωνα
1417 688 1494 730 τὸν

142 748 447 806 Ἀνδροτίωνος
482 751 553 793 καὶ
592 753 877 807 Ναυσικύδην
903 754 980 794 τὸν
1011 752 1245 807 Χολαργέα.
1292 754 1364 795 καί
1391 769 1493 796 ποτε

148 818 269 872 ὑμῶν
316 816 398 872 ἐγὼ
454 816 672 884 ἐπήκοΙυσα
724 817 1053 873 βουλευομένων
1100 817 1220 873 μέχρι
1270 816 1369 861 ὅποι
1413 820 1494 874 τὴν

148 884 308 937 σοφίαν
336 882 542 938 ἀσκητέον
563 884 640 938 εἴη,
670 883 740 925 καὶ
768 880 879 933 οἶδα,
911 881 976 926 ’ὅτι
1004 883 1122 926 ε’νίκα
1151 884 1198 926 ἐν
1225 884 1328 939 ὑμῖν
1353 886 1494 927 τοιάδε

146 963 207 998 τις
231 949 343 1000 δόξα,
371 948 428 1004 μὴ
453 949 774 1004 προθυμεῖσθαι
793 950 852 999 εἰς
871 949 949 1004 τὴν
976 951 1196 1004 ἀκρίβειαν
1225 953 1492 1004 φιλοσοφεῖν,

145 1013 250 1056 ἀλλὰ
270 1015 543 1068 εὐλαβεῖσθαι
565 1015 895 1069 παρεκελεύεσθε
916 1016 1125 1070 αλλήλοις,
1154 1011 1270 1065 ὅπως
1295 1015 1352 1070 μὴ
1381 1015 1489 1070 πέρα
1517 1019 1559 1061 D

143 1087 222 1122 τοῦ
260 1078 432 1129 δέοντος
467 1077 706 1134 σοφώτεροι
742 1081 966 1134 γενόμενοι
1000 1082 1144 1135 λήσετε
1172 1081 1492 1134 διαφθαρέντες.

147 1145 288 1200 ἐπειδὴ
308 1142 389 1188 οὖν
412 1155 493 1188 σου
514 1147 658 1188 ἀκούω
687 1153 819 1187 ταῦτα
849 1145 939 1199 ἐμοὶ
970 1147 1356 1200 συμβουλεύοντος,
1386 1147 1493 1201 ἅπερ

145 1269 302 1311 plurimis
320 1268 465 1301 Fritsch.
485 1269 638 1309 Quaestt.
654 1269 821 1302 Luciann.
839 1281 871 1313 p.
887 1270 1015 1302 XXXI.
1034 1274 1067 1303 et
1082 1270 1271 1304 Hermann.
1290 1271 1333 1304 ad
1345 1271 1492 1304 Lueian.

146 1316 198 1347 De
222 1315 341 1347 histor.
364 1313 532 1347 conscrib.
555 1325 587 1357 p.
612 1313 667 1348 27.

216 1360 255 1392 C.
302 1358 530 1403 ἐπήκουσα
561 1359 925 1404 βουλευομένων]
959 1361 999 1393 V.
1027 1358 1224 1404 ὑπήκουσα,
1256 1362 1348 1404 quod
1371 1373 1432 1405 per
1455 1373 1491 1394 se

146 1416 216 1438 non
231 1409 283 1438 est
299 1406 462 1448 ineptum.
492 1405 610 1438 Habet
626 1406 716 1438 enim
735 1405 863 1438 talibus
887 1407 923 1438 in
946 1407 1032 1439 loeis
1055 1408 1126 1439 vim
1150 1412 1183 1440 et
1206 1407 1491 1451 significationem

146 1451 259 1483 elam
283 1450 576 1484 auscultandi
600 1451 845 1494 (belausclzen).
879 1452 945 1484 Sed
970 1452 1086 1485 Clark.
1111 1454 1188 1486 Vat.
1214 1453 1319 1486 Coisl.
1343 1454 1428 1486 Ven.
1451 1453 1490 1486 Σ.

147 1496 250 1528 Vind.
281 1495 311 1528 1.
335 1496 367 1529 2.
391 1496 425 1529 6.
448 1494 479 1528 7.
517 1497 594 1529 Par.
625 1497 821 1529 EFIVW.
858 1498 950 1530 Flor.
981 1499 1004 1531 f.
1036 1509 1061 1530 s.
1098 1499 1187 1542 Aug.
1220 1499 1320 1532 Bodl.
1350 1500 1491 1532 Meerm.

148 1539 325 1585 ἐπήκουσα
365 1542 539 1584 praebent.
587 1542 662 1583 Quo
700 1546 837 1585 recepto
876 1543 1034 1576 Socrates
1070 1555 1106 1576 se
1142 1545 1317 1588 signifieat
1347 1545 1490 1578 affuisse

145 1598 261 1620 eorum
281 1588 431 1620 sermoni
454 1597 600 1629 eumque
623 1589 823 1630 neutiquam
846 1589 937 1621 clam
961 1589 1144 1631 audivisse,
1170 1590 1230 1623 sed
1253 1591 1436 1634 diligenter
1458 1595 1491 1623 et

143 1632 302 1665 lubenter
331 1632 374 1666 ad
405 1643 483 1666 eum
514 1633 712 1666 attendisse.
742 1644 775 1666 v,
802 1634 920 1667 Cobet.
944 1635 1053 1667 Novv.
1078 1636 1187 1668 Lectt.
1218 1647 1251 1679 p.
1275 1635 1351 1671 521.
1399 1637 1490 1669 Dein

143 1682 224 1710 vett.
248 1678 342 1711 editt.
366 1677 480 1720 μέχρις
504 1676 594 1717 ὅποι,
618 1679 710 1721 quod
734 1690 777 1711 ex
802 1679 918 1712 Clark.
943 1681 1020 1712 Vat.
1045 1680 1149 1714 Coisl.
1174 1681 1252 1714 aliis
1276 1682 1394 1715 multis
1418 1693 1490 1715 eor-

144 1724 304 1756 reximus.
329 1734 361 1755 v.
388 1724 430 1756 ad
446 1724 603 1766 Sympos.
628 1735 656 1757 c.
682 1723 736 1757 29.
783 1725 926 1758 Frustra
949 1726 1182 1768 Heindorfius,
1205 1731 1357 1760 veterum
1379 1739 1491 1770 gram-

142 1770 344 1802 maticorum
369 1769 434 1801 hac
458 1769 499 1802 de
523 1780 559 1802 re
582 1771 880 1813 praeceptionibus
904 1771 1048 1812 diffisus,
1080 1771 1195 1814 μέχρις
1218 1770 1296 1805 ὅποι
1319 1773 1489 1809 tuebatur.

142 1814 362 1856 Hirschigius
387 1814 603 1848 scribendum
627 1820 743 1848 censet
759 1815 861 1858 ’μέχρι
885 1814 975 1849 ὅτου.

142 1950 215 1987 γεῖς
239 1945 333 1977 fuere
357 1943 424 1976 duo
447 1944 582 1978 Atticae
605 1946 702 1988 pagi,
734 1946 783 1978 al-

142 1997 192 2023 ter
215 1989 324 2022 tribus
347 1990 553 2031 Aeantidos‚
585 1990 671 2023 alter
693 1992 782 2024 Aca-

853 1946 972 1987 σετε]
1010 1948 1177 1979 Futurum
1199 1952 1277 1990 post
1299 1948 1406 1982 verba
1428 1960 1489 1982 ca-

849 1991 979 2024 vendi
1007 1997 1041 2024 et
1072 1994 1293 2026 metuendi
1323 1995 1366 2027 de
1396 2007 1489 2028 more

142 2035 320 2068 mantidos.
359 2035 426 2069 vid.
466 2036 572 2068 schol.
607 2036 651 2069 ad
686 2037 718 2068 h.
758 2037 781 2069 l.

142 2080 384 2113 Andronis
405 2081 507 2113 etiam
537 2083 573 2114 in
604 2083 779 2126 Protagor.

143 2138 175 2169 p.
198 2125 274 2160 315.
300 2126 338 2159 C.
362 2128 490 2159 mentio
513 2127 560 2160 fit.

188 2193 252 2228 εἰς
284 2191 359 2236 τὴν
390 2191 634 2237 ἀκρίβειαν
660 2196 778 2236 φιλο-

145 2238 330 2282 σοφεῖν]
369 2250 455 2272 non
492 2240 535 2272 id
571 2251 665 2273 esse
696 2246 781 2273 stu-

143 2284 341 2324 dendum,
392 2289 438 2316 ut
484 2285 535 2317 ad
580 2286 704 2328 philo
719 2297 779 2319 so-

141 2330 274 2373 phiae
305 2328 608 2363 subtilitatem
639 2341 779 2374 usque

142 2375 468 2418 perveniretur,
504 2375 563 2408 sed
593 2376 779 2410 subsisten-

141 2420 220 2453 dum
230 2421 266 2452 in
279 2431 330 2460 eo,
343 2419 434 2462 quod
446 2420 602 2455 παιδείας
613 2420 714 2464 χάριν
723 2434 779 2455 ne-

142 2467 326 2499 cessarium
347 2465 530 2498 videretur.
554 2466 612 2499 Sic
631 2468 734 2500 Euri
746 2479 777 2511 p.

142 2512 226 2544 Hec.
250 2523 282 2543 v.
306 2509 390 2544 817:
416 2508 528 2544 πειθώ
553 2511 592 2544 δὲ
612 2531 654 2536 -
674 2511 778 2546 οὐδέν

144 2569 168 2590 τι
186 2557 313 2596 μᾶλλον
329 2555 372 2590 ἐς
393 2555 510 2591 τέλος
536 2556 779 2600 σπουδάζομεν

142 2600 349 2642 μανθάνειν,
369 2601 430 2634 ubi
447 2601 482 2636 ἐς
500 2601 591 2637 τέλος
606 2605 713 2643 aava.
729 2608 779 2637 est

142 2648 339 2689 perfecte
378 2658 404 2679 s.
444 2647 563 2681 τελέως
595 2648 777 2682 discere.

143 2692 341 2735 Aeschyl.
354 2693 467 2725 Prom.
481 2691 565 2726 230:
585 2691 631 2728 αἱς
647 2692 779 2738 μάθητε

143 2735 197 2770 διὰ
222 2737 336 2772 τέλους
362 2737 396 2770 τὸ
421 2741 502 2770 πᾶν.

186 2805 230 2840 D.
273 2804 392 2840 ὅπως
426 2805 477 2849 μὴ
509 2805 618 2849 πέρα
641 2825 684 2831 -
714 2806 777 2850 λη’-

849 2038 1008 2080 positum.
1031 2049 1064 2070 v.
1087 2038 1262 2072 Phaedon.
1285 2051 1317 2083 p.
1341 2040 1395 2074 91.
1421 2042 1459 2074 C.

895 2087 1024 2116 ταῦτα
1056 2082 1155 2124 ἐμοὶ
1183 2085 1328 2129 συμβ.]
1362 2098 1487 2129 quum

849 2132 888 2160 te
911 2129 1082 2161 audiam
1107 2141 1154 2162 ea
1178 2131 1226 2172 (h.
1248 2142 1277 2163 e.
1301 2132 1408 2165 haec
1433 2137 1489 2165 ta<

848 2172 923 2216 lia)
948 2174 1057 2207 mihi
1077 2186 1154 2208 sua
1167 2176 1356 2218 dentem,
1381 2189 1488 2220 quae

848 2219 1141 2253 amicissimis
1181 2221 1265 2254 tibi
1304 2223 1488 2256 homini-

848 2265 925 2297 bus
972 2266 1159 2299 suadere
1210 2268 1338 2300 soles.
1408 2270 1487 2302 Non

848 2320 933 2352 opus
965 2315 1017 2343 est
1025 2336 1033 2352 ,
1064 2316 1102 2344 ut
1132 2310 1233 2344 ταύτὰ
1265 2314 1487 2357 corrigamus,

847 2355 938 2398 quod
977 2358 1004 2389 F
1015 2358 1051 2389 ie
1060 2357 1073 2388 i
1082 2368 1104 2388 n
1113 2368 1158 2390 us
1194 2357 1356 2392 habuisse
1395 2360 1489 2393 vide-

846 2405 912 2442 tur,
937 2412 1143 2444 quamquam
1162 2404 1355 2446 interpretis
1376 2406 1414 2437 in
1438 2410 1487 2438 ta-

845 2446 938 2478 libus
954 2448 1080 2491 exigua
1095 2452 1148 2480 est
1170 2454 1231 2481 aut
1252 2451 1367 2492 potius
1390 2452 1488 2484 nulla

846 2494 1041 2525 auctoritas.
1077 2494 1266 2537 Utrumque
1290 2499 1405 2529 autem
1428 2507 1488 2539 per

846 2548 882 2569 se
920 2542 1011 2570 recte
1050 2538 1119 2572 dici
1154 2541 1264 2582 potuit
1273 2565 1281 2581 ,
1322 2546 1355 2573 et
1386 2546 1487 2574 ταῦτα

847 2581 934 2623 ἅπερ
970 2587 1004 2615 et
1034 2581 1136 2617 ταύτὰ
1169 2583 1256 2628 ἅπερ
1268 2610 1276 2623 ,
1310 2590 1350 2619 ut
1371 2598 1487 2629 super-

846 2639 1034 2661 vacaneum
1078 2629 1234 2663 videatur
1270 2633 1321 2664 rei
1355 2643 1416 2674 per
1450 2643 1486 2665 se

846 2674 1048 2706 manifestae
1093 2676 1250 2718 exempla
1291 2687 1485 2719 congerere.

847 2719 943 2759 Quae
981 2723 1096 2752 tamen
1136 2722 1165 2753 si
1198 2723 1275 2764 quis
1306 2722 1484 2764 desideret,

845 2765 876 2796 is
889 2763 990 2796 adeat
1006 2765 1040 2797 H
1051 2767 1120 2798 ein
1129 2766 1150 2798 d
1160 2777 1179 2798 ο
1188 2768 1235 2799 rf.
1253 2767 1296 2799 ad
1309 2768 1483 2803 Phaedon.

845 2820 878 2852 p.
902 2808 955 2843 64.
982 2810 1018 2843 C.
1049 2811 1091 2844 ad
1116 2812 1264 2855 Sophist.
1288 2824 1321 2856 p.
1345 2812 1421 2847 217.
1445 2815 1484 2847 Β.
