1702 2924
485 143 726 185 GORGIAS.
755 143 800 182 1².
831 142 926 182 475.
956 143 1015 181 ed.
1047 143 1104 182 st.
1393 139 1468 178 175

121 257 292 298 πολλῶν
340 254 586 307 ἀνθρώπων
629 252 700 294 καὶ
738 251 824 294 ὑπὸ
863 258 944 293 σοῦ’
991 252 1246 305 ὡμολογεῖτο
1284 249 1388 304 ἡμῖν
1426 247 1473 290 ἐν

121 323 181 376 τῷ
207 318 450 374 ἔμπροσθεν
486 319 626 375 χρόνῳ
653 318 819 372 αἴσχιον
856 313 965 358 εἶναι
1000 319 1049 359 τὸ
1078 313 1239 358 ἀδικεῖν
1277 321 1356 357 τοῦ
1384 310 1473 355 ἄδι-

120 389 310 462 ueififioccj
353 387 494 427 ΠῼΛ.
525 385 628 426 Ναί.
694 384 792 424 ΣΩ.
833 383 936 423 Νῦν
973 381 1018 424 δέ
1047 397 1094 437 γε
1130 382 1281 424 κάκιον
1319 379 1470 435 ἐφάνη.

124 453 272 493 ΠΩΛ.
290 447 454 493 ”.Εοικε
483 451 586 491 ΣΩ..
616 448 771 500 Δέξαιο
800 447 854 489 ἂν
882 444 964 489 οὖν
991 447 1045 489 σὺ
1063 449 1227 501 μᾶλλον
1253 447 1301 488 τὸ
1321 448 1473 488 κάκιον

129 515 198 558 καὶ
226 518 274 557 τὸ
304 516 471 570 αἴσχιον
499 510 593 556 ἀντὶ
620 521 699 556 τοῦ
716 514 871 568 ἦττον,-
902 512 982 567 Mo}
1004 515 1117 555 ὄκνει
1143 507 1475 566 ἀποκοίνασθαι,

123 577 156 623 ὦ
180 584 315 634 Νεῖλε
345 605 391 610 -
424 580 551 622 οὐδὲν
592 580 675 634 γὰρ
705 580 908 634 βλαβήσει
935 602 1010 626 -,
1050 575 1156 619 ἀλλὰ
1183 578 1389 631 γενναίως
1414 593 1474 619 τω

121 648 248 701 λόγῳ,
280 646 416 699 ὥςπερ
445 646 600 702 ἰατρῷ,
628 642 828 699 παρέχων
857 641 1122 696 ἀποκρίνου,
1151 659 1223 685 και
1251 639 1279 696 ἢ
1306 644 1420 696 φάθι
1447 638 1475 697 ἢ
1503 643 1542 685 Ε

121 711 178 766 μὴ
208 707 236 752 δι’
263 710 416 764 ἐρωτῶ.
477 711 620 752 ΠΩΛ.
645 705 748 751 Ἀλλ’
779 705 860 752 οὐκ
889 709 941 750 ἂν
969 708 1191 763 δεξαίμην,
1234 702 1268 750 ὦ
1297 708 1472 761 Σώκρα-

125 792 204 826 τες.
270 778 371 818 ΣΩ.
401 771 563 825 ’Ἄλλος
602 774 647 817 δέ
683 791 746 824 τις
785 775 1050 828 α’νθρώπωνς
1108 776 1252 815 ΠῼΛ.
1297 775 1362 815 Οὔ
1402 789 1474 827 μοι

122 844 241 884 δοκεῖ
276 842 382 883 κατά
421 855 469 895 γε
512 848 670 883 τοῦτον
706 841 782 883 τὸν
830 841 974 894 λόγον.
1043 841 1141 881 ΣΩ.
1175 836 1354 893 ,Ἀληθῆ
1391 841 1474 900 ἄρα

123 907 205 962 ἐγὼ
235 905 393 961 ἔλεγον,
434 906 499 948 ὅτι
527 901 613 948 οὔτ’
652 906 706 948 ἂν
744 905 826 960 ἐγὼ
855 900 941 948 οὔτ’
974 905 1029 946 ἂν
1056 905 1110 946 σὺ
1135 905 1222 947 οὔτ’
1247 907 1375 953 ἄλλος
1404 905 1474 946 οὐ·

122 972 206 1022 δεὶς
233 973 479 1026 ἀνθρώπων
506 970 654 1023 δέξαιτ’
693 971 746 1013 ἂν
773 974 937 1026 μᾶλλον
966 971 1130 1012 ἀδικεῖν
1157 970 1183 1024 ἢ
1213 971 1470 1012 ἀδικεῖσθαι·

122 1039 272 1080 κάκιον
299 1037 380 1091 γὰρ
408 1038 608 1092 τυγχάνει
636 1039 702 1079 ὄν.
761 1039 908 1078 ΠῼΛ.
943 1037 1158 1078 Φαίνεται.
1219 1038 1317 1078 Σῼ.
1361 1038 1475 1090 Ορᾷς

123 1154 232 1181 terum
254 1153 439 1191 utrumque
462 1149 601 1181 bonum
627 1159 660 1181 v·
685 1148 729 1181 ad
752 1148 885 1183 Phileb.
968 1146 1042 1181 169.
1068 1153 1102 1180 et
1124 1147 1279 1183 Addend
1305 1148 1356 1181 ed.
1380 1149 1475 1203 Lips.

123 1194 201 1227 coll.
225 1194 453 1226 Bornemann.
487 1194 531 1226 ad
561 1194 719 1236 Xenoph.
745 1194 898 1227 Anabas.
909 1159 975 1234 pII,
1007 1193 1047 1234 5,
1079 1192 1133 1227 20.
1189 1192 1300 1248 ,145
1347 1194 1414 1227 Pro
1439 1191 1474 1226 τὸ

124 1239 245 1272 κάκιον
274 1239 329 1272 καὶ
371 1237 406 1271 τὸ
439 1239 574 1281 αἴσχιον
603 1239 779 1283 Hirsehig.
816 1239 957 1272 arbitrio
995 1250 1057 1272 suo
1091 1204 1186 1282 [τὸ]Ρ
1189 1237 1296 1272 κακὸν
1325 1239 1381 1272 καὶ
1413 1237 1476 1284 [τὸ]

124 1282 280 1326 αἰσχρόν.

192 1327 294 1361 ἀντὶ
321 1332 395 1361 τοῦ
420 1323 561 1372 ἦττον]
598 1325 674 1361 ἀντὶ
710 1332 771 1361 τοῦ
800 1326 836 1360 τὸ
862 1323 964 1372 ἧττον
988 1329 1104 1362 Clark.
1135 1330 1212 1362 Par.
1238 1329 1350 1362 BOE.
1384 1330 1476 1365 Flor.

126 1374 212 1408 a.b.
238 1386 265 1407 c.
290 1374 321 1407 d.
345 1374 437 1408 s..m
459 1385 488 1408 o.
514 1385 540 1408 s.
566 1385 599 1406 x.
624 1374 760 1409 etedit.
786 1375 866 1409 Bas.
890 1373 1086 1415 2;sedv.
1111 1379 1228 1407 annot.

192 1421 232 1453 E.
255 1417 386 1463 Ὀρᾷς
410 1430 460 1452 ov
473 1417 503 1462 v]
528 1414 596 1452 οὖν
620 1430 685 1452 om.
710 1420 799 1463 Aug.
823 1420 963 1454 Meerm.
988 1424 1022 1452 et
1043 1421 1184 1453 Routhii
1208 1420 1307 1453 Bodl.

127 1515 258 1550 thius.
303 1515 417 1569 Supra
446 1526 483 1558 p.
510 1513 588 1550 456.
612 1516 657 1548 Β.
691 1513 766 1558 οὐχὶ

837 1520 888 1548 ter
910 1516 1106 1549 monuimus
1130 1516 1172 1549 ad
1188 1516 1334 1560 Apolog.
1347 1516 1478 1550 Socrat.

125 1558 318 1614 ἑθέλονταῆ
331 1558 769 1604 φάρμακονπιεῖνῆτεμεῖν
836 1572 868 1604 p.
893 1560 948 1594 31.
971 1562 1010 1594 Ε.
1036 1566 1070 1594 et
1093 1562 1135 1594 ad
1161 1562 1318 1605 Sympos.
1345 1573 1378 1605 p.
1402 1560 1478 1595 196.

126 1603 147 1649 ἢ
165 1606 290 1638 καῦσαι
304 1610 495 1648 παρασχεῖν
513 1610 558 1650 τῷ
571 1606 690 1661 ἰατρῷ.
714 1607 768 1639 In-

124 1652 220 1694 frap
224 1649 326 1686 .480.
347 1651 390 1684 C:
427 1651 584 1694 παρέχειν
607 1651 766 1692 μύσαντα

126 1696 181 1728 καὶ
199 1662 381 1738 ἀνδρείως
412 1708 525 1738 ωςπερ
551 1695 685 1737 τέμνειν
708 1697 764 1729 καὶ

125 1741 223 1774 κάειν
254 1741 372 1785 ἰατρῷ,
420 1742 592 1777 Charmid.
631 1754 664 1785 p.
688 1741 764 1777 176.

125 1787 169 1819 B:
223 1785 267 1819 ἵν’
310 1785 453 1830 ἐπᾴδειν
494 1786 642 1830 παρέχῃς
687 1787 764 1820 Σω-

127 1830 252 1874 κράτει.
277 1832 453 1867 Theaetet.
477 1843 509 1875 p.
536 1831 612 1867 191.
636 1834 686 1866 A:
721 1836 765 1875 τῷ

128 1875 217 1920 λόγῳ
242 1876 438 1919 παρέξομεν
453 1882 627 1910 -πατεῖν
651 1890 685 1910 τε
709 1879 764 1910 καὶ

126 1923 279 1966 χρῆσθαι
298 1934 328 1954 κ.
342 1935 367 1954 τ.
381 1923 407 1954 λ.
432 1923 607 1966 Protagor.
631 1934 664 1965 p.
687 1922 766 1957 348.

128 1969 177 2000 Α·
203 1966 338 2007 ἕτοιμός
361 1966 437 2007 εἰμι’
453 1978 506 2000 σοι
524 1967 694 2010 παρέχειν,
719 1978 767 2001 se.

127 2010 286 2052 ἐμαυτόν.
315 2013 517 2069 ‚Xenoph.
549 2014 652 2046 Mem.
676 2014 710 2053 1,
734 2013 766 2051 2

127 2057 188 2112 54:
214 2062 284 2092 τοῖς
290 2057 440 2099 ’ἰατροῖς
462 2058 765 2101 παρέχουσι-καὶ

127 2100 333 2142 ἀποτέμνειν
357 2103 412 2136 καὶ
431 2100 611 2137 ἀποκάειν.
634 2105 768 2137 Plutar-

128 2148 216 2180 ehea
237 2149 396 2191 exempla
416 2149 557 2192 collegit
575 2150 652 2192 Wy
660 2154 768 2182 tten-

129 2192 250 2225 bach.
264 2193 308 2225 ad
319 2194 475 2237 Moral.p
478 2193 574 2230 ,5.12
587 2161 652 2227 ed?⁷
653 2195 767 2228 Oxon.

129 2248 162 2280 p.
185 2236 262 2271 465.
287 2239 328 2271 Τ.
348 2239 373 2271 Ι.
405 2239 456 2271 ed.
454 2205 570 2281 pLip.s
616 2241 768 2283 Depro-

127 2284 229 2316 ximis
270 2284 361 2316 conf.
391 2251 548 2340 Apolog.:
571 2296 605 2327 p.
634 2284 688 2319 30.
720 2287 767 2318 B:

127 2327 362 2428 ssffissz'ffifffff.
372 2326 510 2414 ἒιὲῗέἒέ.
528 2328 632 2408 ’ἰηῖἕζ
645 2329 768 2418 52²9&

130 2420 180 2451 1)·
208 2417 423 2463 φάθιῆμή.
445 2419 533 2452 Ibid.
554 2431 587 2463 p.
611 2387 686 2455 5010.
711 2422 768 2463 D.‚

128 2465 188 2496 ubi
212 2475 246 2497 v.
271 2475 350 2496 ann.

174 2510 214 2542 E.
240 2507 321 2542 οὔτ’
347 2507 396 2542 ἂν
413 2507 504 2565 ἐγώ
527 2507 612 2543 οὔτ’
639 2523 691 2543 αν
726 2509 768 2544 οὐ

131 2573 173 2579 -
212 2552 367 2596 δέξαιτ’
407 2553 472 2597 ἄν]
520 2555 681 2589 Notanda
718 2561 770 2590 est

130 2599 217 2632 haee
246 2600 392 2632 voculae
422 2598 464 2632 ἄν
494 2601 668 2642 repetitio,
702 2613 770 2644 qua

130 2643 178 2685 fit,
202 2650 241 2676 ut
255 2645 394 2688 singula
408 2647 560 2678 membra
577 2646 769 2680 distinctius

130 2688 416 2724 discriminentur.
441 2693 493 2724 De
517 2702 586 2733 qua
600 2702 636 2724 re
660 2691 771 2726 brevi-

837 1607 876 1639 E.
901 1607 1080 1649 Exemplis
1104 1608 1154 1640 ibi
1178 1607 1295 1640 allatis
1321 1607 1478 1640 addimus

832 1652 994 1707 ΙιῊγείοε
1018 1652 1112 1685 locos
1135 1663 1167 1695 p.
1191 1651 1245 1688 53.
1266 1653 1318 1685 ed.
1343 1653 1478 1685 Bremi-

834 1695 903 1730 οὔτ’
928 1695 974 1729 ἄν
997 1698 1078 1740 περὶ
1104 1702 1219 1752 φυγῆς
1243 1695 1313 1731 οὔτ’
1334 1696 1379 1731 ἄν
1396 1698 1476 1740 περὶ

835 1746 892 1786 τῆς
933 1741 1034 1785 ἄλλης
1080 1741 1214 1799 ούέῑιας.ο
1245 1741 1476 1798 ἠγωνιζόμην.

834 1789 873 1820 P.
907 1786 968 1821 87:
1010 1787 1061 1820 ὅτι
1091 1786 1161 1820 οὔτ’
1193 1786 1238 1821 ἂν
1270 1788 1385 1821 ἐκεῖνα
1418 1787 1478 1821 δύ-

838 1845 954 1865 ναιντο
991 1838 1105 1866 ποιεῖν
1141 1852 1185 1857 -
1221 1831 1289 1866 οἷ”τ
1329 1846 1376 1866 αν
1413 1837 1480 1866 νῦν

836 1877 1066 1920 ἐπεχείρησαν
1091 1878 1225 1913 ἐλθεῖν.
1246 1880 1282 1911 P.
1309 1878 1394 1912 110·
1420 1880 1475 1912 καὶ

837 1921 904 1955 οὔτ’
930 1921 975 1955 ἂι
996 1921 1201 1980 Ἀ’θηναίων
1227 1922 1358 1957 ούδέια
1382 1921 1477 1957 ἀπιό-

836 1970 947 2007 λεσας,
967 1966 1036 2001 οὔτ’
1054 1967 1098 2001 ἂν
1115 1967 1219 2004 αὐτὸς
1234 1970 1286 2004 εἰς
1302 1969 1479 2005 τοιούτους

837 2012 1024 2049 κινδύνους
1064 2015 1234 2058 κατέστης.
1281 2016 1313 2048 Χ
1324 2026 1342 2048 e
1352 2027 1374 2048 n
1385 2028 1404 2049 0
1401 2027 1455 2072 p
1444 2016 1478 2048 h.

836 2058 989 2092 Anabas.
1018 2061 1052 2100 I,
1076 2059 1117 2101 3,
1149 2060 1187 2095 6:
1219 2058 1315 2101 οἶμαι
1339 2059 1408 2094 οὔτ’
1433 2073 1479 2093 αν

839 2106 945 2144 φιλον
969 2102 1146 2150 ὠφελῆσαι
1181 2103 1251 2139 οὔτ’
1276 2104 1321 2139 ἂν
1345 2105 1479 2149 ἐχθρὸν

836 2147 1036 2191 ἀλέξασθαι.
1072 2152 1292 2185 Demosth.
1322 2153 1376 2185 De
1401 2153 1478 2185 Cor.

836 2206 868 2239 p.
892 2194 973 2231 32.3
994 2197 1034 2229 R.

881 2237 1014 2298 Ορᾷς
1039 2236 1146 2279 οὖν,
1179 2236 1207 2275 ὦ
1234 2242 1365 2286 Πωλε]
1412 2244 1479 2276 De-

837 2289 889 2318 est
911 2282 980 2319 οὖν
1002 2287 1038 2319 in
1062 2288 1183 2329 paucis
1203 2288 1407 2329 quibusdam
1425 2299 1479 2321 co-

837 2330 982 2364 dicibus.
1043 2333 1121 2364 Non
1161 2333 1261 2365 male.
1323 2334 1479 2376 Augetur

837 2376 929 2408 enim
952 2377 1017 2409 hac
1033 2378 1216 2411 omissione
1231 2380 1284 2411 vis
1298 2379 1479 2412 irrisionis.

838 2422 983 2477 Apolog.
1009 2423 1138 2455 Soclat.
1159 2434 1192 2466 Ρ.
1209 2422 1264 2457 24.
1278 2425 1330 2456 D:
1356 2424 1417 2457 τὸν
1440 2424 1479 2457 δὲ

839 2465 881 2509 δὴ
922 2467 1080 2520 βελτίους
1114 2472 1280 2502 ποιοῦντα
1314 2471 1370 2502 ἴθι
1401 2470 1480 2503 εἰπὲ

838 2513 894 2544 καὶ
932 2510 1093 2567 μήνυσον
1130 2511 1249 2549 αὐτοῖς
1290 2517 1337 2549 τίς
1375 2514 1477 2547 ἐστιν.

838 2555 941 2614 ὁρᾷς,
974 2552 1002 2590 ὦ
1028 2557 1179 2601 Μέλητε,
1211 2558 1260 2592 ὅτι
1294 2564 1389 2604 σιγᾷς
1422 2561 1477 2593 καὶ

839 2600 903 2635 οὐκ
919 2603 1003 2645 ἔχεις
1020 2603 1155 2642 ει’πεῖν,·
1173 2606 1311 2638 Menon.
1326 2616 1358 2648 p.
1368 2604 1422 2638 80.
1430 2606 1478 2638 E:

839 2646 1011 2687 μανθάνω
1036 2646 1116 2681 οἷον
1145 2650 1263 2692 βούλει
1287 2649 1414 2706 λέγειν,
1450 2644 1477 2683 ὦ

844 2693 983 2727 Μένων.
1016 2692 1102 2738 ὁρᾷς
1135 2699 1258 2729 τοῦτον
1282 2693 1328 2730 ὥς
1353 2695 1477 2739 ἐριστι-
