1676 2938
456 185 702 226 GORGIAS.
731 186 775 224 P.
809 187 902 224 511.
935 187 1028 223 512.
1057 185 1117 223 ed.
1149 184 1206 223 St.
1423 187 1503 222 293

146 304 228 339 οῦν
262 297 407 350 σώσῃ,
454 292 539 338 ἀλλ’
581 290 721 345 οἶδεν,
763 290 828 336 ὅτι
865 294 947 336 οὐκ
985 293 1164 348 α”μεινόν
1205 291 1293 335 ἐστι
1330 295 1407 347 ζῆν
1445 298 1505 346 τῷ
1535 295 1573 337 Β

145 366 352 417 μοχθηρῷ
403 361 644 415 ἀνθρώπῳ·
700 362 842 409 κακῶς
898 358 981 413 γὰρ
1037 359 1204 413 ἀνάγκη
1268 357 1355 400 εστὶ
1416 360 1503 412 ζῆν.

149 428 646 487 Cap.LXVIII.A1&
683 433 817 468 ταῦτα
846 427 900 468 ού
938 428 1072 481 νόμος
1100 425 1186 468 ἐστὶ
1215 426 1504 480 σεμνύνεσθαι

144 495 221 538 τὸν
248 495 529 549 κυβερνήτην,
558 493 710 547 καίπερ
737 493 926 569 σώζοντα
953 493 1076 546 ἡμᾶς.
1108 491 1208 534 οὐδέ
1235 506 1303 545 γε,
1333 485 1367 533 ὦ
1395 495 1502 533 θαυ-

146 561 282 616 μάσιε,
308 561 387 602 τὸν
413 558 725 613 μηχανοποιόν,
755 556 803 607 ὃς
831 561 928 600 οὔτε
955 565 1219 613 στρατηγοῦ,
1248 557 1306 612 μὴ
1335 554 1401 599 ὅτι
1428 573 1501 599 κυ-

146 627 381 680 βερνήτου,
432 627 530 666 οὔτε
565 626 701 666 ἄλλον
738 624 916 673 οὐδενὸς
953 623 1110 666 ἐλάττω
1149 622 1284 665 ἐνίοτε
1321 623 1504 665 δύναται

146 693 315 743 σώζειν·
353 691 496 739 πόλεις
522 689 606 744 γὰρ
642 687 756 731 ἔστιν
792 687 860 731 ὅτε
901 686 1002 738 ολας
1030 689 1162 740 σώζει
1203 690 1261 744 μή
1292 699 1359 730 σοι
1387 688 1507 730 δοκεῖ

144 757 252 799 κατὰ
279 756 357 798 τὸν
383 757 605 798 δικανικὸν
634 751 763 805 εἶναις
802 756 940 798 καίτοι
978 756 1014 797 εἰ
1043 755 1243 807 βούλοιτο
1272 753 1429 807 λέγειν,
1470 748 1503 795 ὦ

148 823 410 874 Καλλίκλεις,
439 821 548 874 ἅπερ
576 821 721 875 ὑμεῖς,
749 822 976 876 σεμνύνων
1003 820 1051 862 τὸ
1079 828 1281 874 πρᾶγμα,
1317 820 1504 873 καταχώ-

145 898 256 930 σειεν
284 886 339 929 ἂν
365 887 477 942 ὑμᾶς
513 890 604 936 τοῖς
642 887 808 940 λόγοις,
848 885 985 939 λέγων
1020 885 1093 928 καὶ
1130 888 1392 938 παρακαλῶν
1435 884 1502 927 ἐπὶ
1552 898 1589 943 0

145 1027 238 1061 Flor.
262 1039 294 1061 a.
316 1038 344 1060 e.
369 1027 392 1059 f.
416 1038 461 1060 m.
485 1038 512 1062 s.
536 1027 638 1060 male.
682 1027 804 1069 Neque
828 1028 920 1059 enim
943 1027 1002 1060 hie
1026 1025 1065 1062 ὃς
1088 1037 1150 1069 pro
1175 1023 1251 1061 οἶος
1274 1027 1358 1069 poni
1380 1027 1504 1069 potuit.

145 1084 177 1105 v.
203 1073 247 1106 ad
271 1073 417 1106 Phaedr.
440 1084 473 1116 p.
497 1071 574 1106 244.
600 1074 644 1105 D.
668 1076 703 1106 et
731 1073 824 1106 infra
847 1084 879 1116 p.
903 1071 980 1106 516.
1006 1072 1044 1105 C.
1092 1072 1236 1105 Censuit
1264 1076 1381 1105 tamen
1405 1073 1502 1105 Win-

146 1119 342 1152 ckelmann.
366 1118 410 1151 ad
433 1118 641 1161 Euthydem.
673 1129 705 1161 p.
730 1117 784 1152 46.
810 1119 849 1150 οἵ
869 1129 988 1151 verum
1021 1129 1114 1158 esse,
1147 1118 1282 1150 scilieet
1304 1116 1343 1151 ὃς
1375 1118 1504 1160 simpli-

146 1165 229 1197 citer
251 1175 313 1207 pro
339 1161 415 1198 οἷος
438 1164 522 1207 poni
544 1169 640 1196 ratus
665 1168 699 1196 et
721 1164 886 1196 insistens
909 1164 1011 1196 unice
1035 1163 1192 1196 codicum
1216 1164 1383 1207 vestigiis.

213 1255 252 1287 P.
277 1253 355 1288 512.
379 1251 643 1286 ὁποθενοῦν
669 1252 756 1286 σώσ
764 1253 797 1298 η]
830 1254 889 1287 Sie
914 1254 1032 1287 Clark.
1055 1254 1132 1286 Vat.
1158 1253 1264 1287 Coisl.
1289 1252 1392 1286 Vind.
1417 1253 1448 1286 1.
1472 1253 1504 1287 6.

146 1302 223 1334 Par.
248 1300 444 1334 CEIVW.
467 1300 561 1333 Flor.
585 1310 616 1332 a.
639 1300 673 1332 b.
696 1310 726 1334 e.
752 1267 784 1333 d.
809 1300 830 1332 f.
856 1311 883 1333 s.
907 1310 941 1332 x.
988 1299 1184 1343 Legebatur
1208 1299 1293 1333 olim
1319 1297 1422 1342 σώζη.

145 1429 343 1470 laboret,
376 1439 460 1461 non
492 1432 700 1471 oportere
729 1429 789 1460 vi-

146 1486 248 1508 vere
278 1485 417 1517 neque
448 1485 469 1507 a
507 1485 551 1507 se
582 1474 678 1507 ullo
710 1485 788 1507 mo-

146 1521 196 1554 do
242 1521 410 1561 iuvari,
458 1520 558 1552 sive
602 1520 730 1552 illum
770 1531 788 1552 e

145 1567 254 1599 mari
284 1569 524 1599 conservet
554 1565 646 1597 sive
675 1576 696 1598 a
725 1566 788 1597 iu-

145 1612 256 1644 dicii
310 1611 533 1654 periculo,
586 1611 683 1643 sive
737 1611 786 1643 ab

857 1428 979 1472 ligitur
1018 1432 1134 1462 autem
1173 1427 1407 1472 μηχανοποιόε
1446 1441 1503 1462 ex-

856 1475 938 1507 imie
956 1473 1503 1508 fabermaohinarumbel-

856 1520 1065 1561 licarum,
1105 1524 1143 1552 ut
1181 1521 1379 1564 Xenoph.
1419 1521 1503 1554 Hel-

856 1565 924 1600 len.
949 1566 993 1606 ΙΙ,
1017 1565 1128 1606 4,15.
1154 1566 1199 1598 al.

901 1609 955 1654 μή
996 1621 1063 1643 σοι
1111 1610 1243 1643 δοκεῖ
1284 1610 1389 1644 κατὰ
1430 1609 1502 1644 τὸν

145 1657 237 1690 alia
291 1666 556 1699 quacunque
611 1656 788 1688 calami-

145 1707 237 1735 tate
280 1702 455 1736 liberet.
527 1701 629 1742 Quod
673 1705 788 1734 autem

145 1748 311 1780 transitur
340 1747 383 1780 ab
408 1747 594 1779 indicativo
626 1747 669 1779 ad
693 1751 788 1789 opta-

145 1794 272 1833 tivum,
313 1803 354 1825 ea
392 1803 446 1825 res
478 1791 787 1825 Heindorfium

145 1842 235 1871 certe
266 1849 337 1870 non
360 1836 507 1870 debebat
542 1837 627 1870 adeo
651 1842 788 1870 contur·

146 1884 245 1924 bare,
293 1888 334 1916 ut
345 1882 611 1938 corrigendum
651 1887 788 1937 putaret

145 1927 309 1973 ὀνήσειεν
340 1926 384 1960 ἄν
413 1928 470 1960 vel
505 1924 642 1971 ὀνήσει,
681 1926 724 1960 ἄν
754 1940 788 1961 τε

146 1987 175 2007 κ.
202 1987 225 2006 τ.
251 1975 278 2006 λ.
325 1973 403 2006 Vid
430 1973 520 2005 Tim.
568 1971 654 2008 ..18
680 1973 718 2008 C.
743 1975 787 2008 D.

145 2022 336 2062 Menex.p
314 2029 346 2062 p.
371 2016 449 2052 240.
479 2019 522 2052 D.
543 1983 730 2051 PCharmid.
754 2030 786 2062 p.

146 2064 222 2100 156.
247 2065 288 2096 E.
319 2063 512 2106 Xenoph.
543 2063 656 2096 Anah.
686 2065 731 2104 ΙΙ,
757 2064 787 2105 1,

145 2110 177 2144 3.
225 2109 293 2142 Sed
331 2110 421 2143 conf.
458 2109 607 2141 Matth.
648 2110 678 2150 5.
708 2108 786 2144 529.

147 2159 233 2189 extr.

193 2200 276 2243 Cap.
299 2199 461 2232 LXVIII.
490 2199 529 2232 B.
568 2196 619 2232 οὐ
656 2197 787 2239 νόμος

150 2245 242 2278 ἐστὶ
270 2244 502 2288 σεμν.]11011
526 2248 591 2277 est
614 2255 701 2277 mos
726 2256 787 2277 su-

148 2290 335 2334 perbire.
374 2290 537 2322 Proxima
558 2290 638 2322 illa:
665 2288 702 2324 ὃς
727 2288 786 2323 οὔ·

151 2348 183 2369 τε
203 2339 395 2379 στρατηγοῦ
418 2347 447 2368 κ.
472 2347 497 2367 τ.
523 2336 562 2374 λ..
586 2336 788 2378 interpreta-

148 2393 226 2414 mur
248 2381 316 2414 sic:
353 2381 424 2423 qui
454 2390 536 2413 nec
567 2380 691 2422 duee,
722 2393 787 2415 ne-

149 2427 243 2460 dum
260 2425 574 2470 gubernatore,
596 2437 674 2459 nee
689 2437 787 2468 quo-

150 2483 273 2515 quam
298 2471 388 2504 alio
412 2471 552 2503 minus
570 2471 788 2505 interdum

150 2528 328 2550 servare
381 2520 538 2559 potest.
606 2517 695 2550 Nam
741 2515 786 2561 μὴ

149 2562 217 2603 ὅτι,
248 2574 298 2595 ne
328 2562 488 2602 dicam,
525 2561 698 2603 nedum,
727 2564 789 2595 mi-

149 2609 226 2640 nuit
262 2618 304 2640 ae
341 2606 500 2650 deprimit
528 2607 600 2639 vim
638 2611 698 2640 τοῦ
728 2620 788 2641 κν-

148 2652 342 2697 βερνήτου,
381 2653 481 2685 euius
516 2662 572 2685 ars
601 2663 672 2686 non
700 2655 790 2687 tanti

148 2699 364 2738 aestimatur,
378 2697 510 2740 quanti
533 2708 588 2730 ars
610 2698 790 2741 imperato-

150 2745 208 2776 ris.
231 2745 273 2776 cf.
297 2743 449 2778 Matth.
475 2744 506 2783 ξ.
531 2741 608 2776 624.
631 2742 664 2777 4.
686 2745 791 2778 Intel-

858 1654 1092 1689 δικανικὸν
1115 1668 1152 1689 ει
1146 1652 1256 1700 ναι]
1282 1657 1390 1690 Num
1414 1656 1502 1688 tibi

856 1701 1040 1734 videtur
1072 1712 1167 1734 cum
1198 1706 1369 1735 oratore
1393 1702 1502 1734 iudi-

858 1747 970 1780 ciali
1024 1758 1120 1780 esse
1173 1747 1501 1790 comparandus

855 1802 997 1835 neque
1044 1793 1191 1835 pluris
1235 1793 1500 1826 faciendus?

856 1838 1096 1880 Exspectabas
1126 1837 1171 1881 μὴ
1201 1832 1275 1870 οὖν.
1324 1838 1391 1870 Sed
1422 1842 1500 1881 apte

857 1883 1005 1915 eontulit
1050 1883 1352 1916 Heindorfius
1398 1883 1500 1926 Apol.

858 1929 989 1962 Soerat.
1020 1939 1053 1971 p.
1084 1927 1137 1961 28.
1171 1930 1236 1969 D.,
1268 1928 1330 1961 ubi
1359 1939 1500 1971 prorsus

856 1974 947 2006 idem
977 1978 1030 2006 est
1059 1974 1262 2016 asyndeton.
1320 1975 1373 2006 De
1404 1986 1501 2017 prae-

855 2019 1026 2062 positione
1050 2017 1134 2051 κατά
1162 2019 1426 2052 similitudinem
1448 2021 1500 2053 in-

857 2065 993 2098 dicante
1023 2075 1056 2097 ν.
1093 2065 1138 2097 ad
1167 2065 1326 2108 SympOS.
1356 2076 1389 2109 p.
1420 2064 1499 2099 211.

856 2111 899 2142 D.
924 2110 1152 2143 Matthiae.
1179 2111 1237 2143 Gr.
1257 2111 1360 2153 ampl.
1375 2112 1406 2151 ἓ.
1421 2110 1498 2147 581.

856 2167 889 2199 p.
915 2154 1005 2188 1153
1029 2166 1100 2198 seq.

903 2201 941 2236 G.
979 2199 1279 2243 καταχώσειεν
1310 2198 1361 2234 ἂν
1391 2198 1498 2241 ὑμᾶς

857 2246 912 2290 -]
937 2247 1135 2279 Dietionem
1163 2246 1354 2288 καταχῶσαι
1374 2244 1498 2290 λόγοις,

857 2291 900 2332 ῧμ
907 2305 925 2323 ι
926 2304 988 2330 οις,
1007 2291 1163 2326 ἐπαίνοις
1172 2293 1360 2334 attigerunt
1368 2293 1427 2325 He
1436 2303 1460 2324 u
1468 2304 1499 2325 s-

856 2338 906 2370 de
929 2337 1026 2380 Spee.
1049 2349 1082 2380 p.
1106 2336 1161 2371 42.
1186 2341 1221 2369 et
1244 2338 1358 2370 Bast.
1389 2338 1497 2380 Epist.

857 2384 930 2415 erit.
944 2394 976 2426 p.
987 2381 1064 2416 230.
1078 2382 1130 2415 ed.
1138 2383 1231 2425 Lips.
1245 2383 1380 2416 Deinde
1390 2384 1498 2416 anim'

857 2429 1013 2461 advertes
1049 2428 1371 2470 breviloquentiam.
1421 2429 1499 2461 Ple-

856 2485 900 2507 ne
932 2474 1023 2506 enim
1054 2473 1237 2506 dicendum
1266 2475 1350 2506 fuit:
1386 2473 1499 2530 λέγων

858 2518 934 2552 δεῖν
955 2521 1035 2562 γίγι
1037 2520 1142 2551 εσθαι
1164 2517 1419 2561 μηχανοποιοὺς
1440 2520 1497 2551 καὶ

858 2565 1068 2606 παρακαλῶν
1106 2563 1163 2596 ἐπὶ
1202 2567 1300 2597 τοῦτο
1341 2563 1390 2607 (τὸ
1422 2564 1498 2597 δεῖι

857 2622 887 2653 y.
927 2610 996 2651 μ.).
1047 2620 1125 2642 vos
1166 2609 1373 2644 obrueret
1416 2621 1498 2642 ser-

858 2653 1077 2696 monibus,
1113 2655 1263 2688 dicens
1293 2659 1497 2699 oportere

858 2711 935 2733 vos
958 2701 1067 2732 fieri
1090 2701 1420 2734 machinatores
1445 2706 1497 2733 at-

859 2757 941 2789 que
972 2745 1022 2778 ad
1054 2745 1095 2778 id
1125 2756 1202 2778 vos
1242 2747 1497 2788 cohortans,
