1690 2912
27 465 45 508 ᾗ

22 549 45 577 a

0 578 43 675 f}

26 726 40 765 J

20 872 152 926 γίας
196 871 301 926 ἡμῖν
353 870 499 924 ὀλίγον
560 871 768 922 πρότερον
808 869 1056 921 ἐπεδείξατο.

19 684 21 686 ’
62 676 301 730 Σώκρατες,
331 673 443 717 οὕτω
470 675 810 728 μεταλαγχάνειν.

24 747 202 796 [μενον.
221 741 400 783 κατόπιν
423 738 569 793 ἑορτῆς
583 738 745 794 ἥκομεν
763 739 832 780 καὶ
851 739 1134 793 ὐστεροῢμεν;
1166 741 1302 781 ΚΑΛ.
1324 739 1411 781 Καὶ

42 807 171 860 ’μα’λα
220 820 266 860 γε
304 805 470 854 ἀστείας
518 803 683 859 ἑορτῆς·
739 804 874 846 πολλὰ
915 804 998 858 γὰρ
1045 805 1117 846 καὶ
1165 805 1272 846 καλὰ
1304 808 1333 846 Ι
1340 811 1410 857 ορ-

146 610 251 669 Cap.
282 611 318 653 I.
353 610 487 651 ΚΑΛ.
546 607 748 662 Πολέμου
775 606 846 650 καὶ
874 609 1008 663 μα’χης
1035 609 1140 662 φασὶ
1168 614 1341 664 χρῆναι,
1379 561 1524 660 ὧεᾙζ

875 675 978 715 Σῼ.
1011 669 1115 716 Ἀλλ’
1145 670 1185 728 ἦ,
1214 676 1263 716 τὸ
1291 675 1409 728 λεγό-

1144 871 1246 911 ΣιΩ..
1304 871 1409 911 Τού-

125 995 162 1025 l'.
187 991 264 1025 447.
292 992 402 1034 φασὶ
427 991 599 1035 χρῆναι]
635 993 722 1035 φησὶ
748 993 826 1024 Vat.
857 1003 906 1034 pr.
930 993 1017 1025 Ven.
1052 992 1092 1024 Σ.
1118 992 1221 1024 Vind.
1255 992 1343 1035 Aug.
1378 997 1412 1025 et

24 1039 128 1070 send.
153 1038 289 1077 Routh„
313 1037 404 1080 quod
427 1038 477 1070 ita
501 1049 521 1070 a
545 1038 715 1070 citerioris
741 1038 940 1081 graecitatis
965 1038 1192 1081 scriptoribus
1216 1043 1410 1080 usurpatur,

35 1088 95 1115 ·ut
124 1083 200 1116 Lat.
230 1084 387 1126 inquit.
426 1093 457 1115 v.
490 1084 601 1126 Toup.
634 1083 678 1115 ad
708 1083 856 1125 Longin.
898 1094 930 1125 p.
961 1081 1037 1116 275.
1093 1082 1334 1125 Wyttenbach.
1366 1084 1409 1116 ad

55 1128 230 1161 Plutarch.
261 1130 303 1161 T.
336 1128 378 1160 11.
410 1139 442 1171 p.
475 1127 549 1161 105.
580 1127 632 1160 ed.
664 1128 757 1171 Lips.
789 1128 990 1160 Boissonad.
1023 1128 1066 1161 ad
1099 1129 1234 1170 Eunap.
1266 1139 1297 1171 p.
1329 1127 1406 1162 418.

0 1203 1 1207 ,
57 1175 146 1207 Dein
178 1172 270 1206 οὕτω
301 1173 357 1205 καὶ
389 1174 500 1213 μεταλ.
549 1173 636 1206 Ven.
662 1173 702 1206 Σ.
728 1174 830 1206 Vind.
855 1172 886 1206 2.
919 1172 949 1207 7.
996 1175 1080 1206 Mox
1104 1171 1171 1206 ἀλλ’
1199 1172 1219 1217 ἥ
1251 1173 1351 1206 Vind.
1377 1173 1409 1207 1.

0 1225 11 1246 ¹
35 1253 38 1255 Α
56 1218 88 1252 2.
112 1218 144 1252 6.
168 1219 259 1252 Flor.
284 1230 314 1251 a.
339 1218 373 1251 b.
397 1229 429 1252 c.
451 1230 495 1251 m.
519 1219 644 1251 Routh.
671 1219 742 1251 alii.
767 1219 866 1252 male.
891 1229 923 1252 V.
948 1219 1047 1252 infra.

38 1317 39 1320 Ἴ
102 1330 185 1373 Cap.
210 1331 237 1364 Ι.
260 1342 293 1373 p.
316 1329 393 1364 447.
418 1331 459 1363 A.
491 1329 695 1370 Πολέμου

56 1376 127 1408 καὶ
169 1376 303 1419 μάχης
348 1394 392 1399 -
438 1373 696 1419 μεταλαγχά-

35 1415 163 1464 ¹vetv]
196 1422 240 1456 Η.
271 1431 301 1454 e.
337 1422 382 1453 in
414 1432 552 1453 rerum
585 1422 696 1453 iniu-

57 1466 302 1499 cundarum
340 1470 380 1498 et
417 1466 696 1509 periculosa-

56 1522 143 1544 rum
178 1511 444 1544 societatem
483 1515 566 1543 tani
599 1522 695 1544 sero

57 1557 210 1589 venire
255 1556 429 1596 deceat3
485 1557 695 1590 iucundis

2 1630 5 1637 Ξ
57 1607 185 1644 atque
221 1603 368 1645 gratis
418 1603 460 1633 in
498 1605 695 1644 tempore

3 1683 6 1687 ,
38 1647 276 1680 >interesse
339 1651 528 1689 oportet.

1 1706 6 1734 p
57 1691 401 1734 Olympiodorus
425 1702 486 1724 ms.
508 1692 581 1725 Ciz.
607 1692 693 1733 φασὶ

3 1742 6 1767 ἲ
55 1735 134 1781 γὰρ,
160 1736 225 1775 ὅτι,
251 1737 287 1769 εἰ
307 1731 353 1780 ἦν
377 1735 535 1777 πόλεμος,
561 1737 630 1770 ἔδει
656 1748 694 1770 σε

7 1785 9 1787 “
56 1779 260 1826 ὑστερῆσαι,

590 1648 695 1680 Recte

312 1783 370 1814 ἵνα
411 1781 456 1825 μὴ
498 1784 692 1826 φονευθῇς.

55 1827 136 1859 Sch
148 1828 200 1860 ol.
232 1826 443 1862 ἑλλειπτικῶς
481 1828 616 1871 εἴρηται
650 1831 694 1872 τῷ

58 1870 232 1904 Πλάτωνι·
265 1874 372 1905 λείπει
396 1871 461 1915 γὰρ
496 1876 534 1915 τῇ
559 1872 694 1917 διανοίᾳ

32 1943 37 1954 ,
55 1914 109 1949 τό·
133 1914 202 1950 ἀλλ’
228 1914 305 1959 οὐχὶ
331 1920 388 1961 τῆς
412 1916 453 1950 ἐν
475 1916 587 1961 λόγοις
612 1915 693 1962 ἡδο-

2 1965 136 2005 ’·νῆς,
176 1963 256 1994 οἵαν
289 1961 329 2006 δὴ
363 1966 425 1995 νῦν
457 1962 643 2005 παρέσχετο
674 1962 692 1996 ὁ

58 2006 218 2051 Γοργίας.
280 2009 488 2040 Timaeus
542 2009 693 2042 Glossar.

52 2061 84 2094 p.
95 2051 169 2085 178.
181 2051 452 2096 μεταλαγχάνειν·
464 2050 538 2093 ἆφυ
544 2058 661 2095 στερεῖ
663 2066 691 2091 ν,

54 2095 76 2140 ἢ
97 2094 345 2140 ἀποτυγχάνειν
376 2096 520 2141 κλήρους
553 2099 611 2131 sed
637 2099 693 2132 hic

53 2141 141 2175 nihil
179 2142 273 2175 aliud
312 2147 364 2176 est
403 2144 474 2176 nisi
511 2145 692 2186 partici-

48 2197 143 2230 pem
182 2188 293 2220 fieri.
328 2206 372 2212 —
411 2186 522 2221 οὕτω
561 2189 692 2222 dictum

11 2240 13 2242 ·
52 2236 103 2265 est
138 2231 330 2271 δεικτικῶς,
370 2237 454 2266 tam
493 2244 610 2276 sero,
648 2246 691 2268 re

14 2276 134 2315 spiam
157 2282 348 2320 peracta.

94 2319 192 2355 ’Au’
225 2317 245 2366 ἦ

14 2367 40 2402 ΤΞ,
55 2366 154 2407 Quod
177 2367 315 2410 plurimi
341 2367 438 2400 codd.
471 2369 598 2401 habent
620 2367 679 2402 ἀλλ

6 2427 7 2430 ¹
33 2429 36 2432 ·
50 2407 83 2454 ἥ,
114 2411 148 2444 id
189 2414 290 2445 etiam
334 2413 497 2445 Suidas
536 2416 691 2457 agnoscit

16 2458 38 2479 '·
53 2457 242 2511 accipitque
266 2468 327 2500 pro
351 2455 419 2490 ἀλλ’
445 2455 523 2499 ἄρα.
547 2460 600 2492 De
619 2458 688 2492 ἀλλ’

255 2347 264 2361 ,
298 2322 340 2356 τὸ
365 2321 610 2366 λεγόμενον
632 2324 690 2381 ——J

53 2512 91 2544 η,
124 2505 165 2534 at
194 2514 287 2535 num
319 2513 494 2544 revera,
518 2507 553 2535 et
573 2501 642 2537 ἀλλ’
670 2503 690 2548 ἢ

10 2531 16 2542 ⁶
34 2531 37 2570 ζ
51 2545 87 2578 iu
119 2546 216 2580 libris
249 2558 495 2590 saepenumero
532 2549 622 2581 inter
652 2560 689 2583 se

11 2596 16 2614 ³
50 2593 249 2632 permutatis
259 2603 290 2625 v.
301 2593 333 2624 V
342 2594 382 2625 al
392 2603 410 2624 c
417 2593 441 2625 k
449 2605 468 2626 e
477 2603 510 2625 n.
520 2593 563 2626 ad
571 2594 688 2637 Eut-ip.

35 2645 38 2646 ⁷
50 2634 228 2680 Hippolyt.
259 2648 293 2670 v,
315 2636 395 2671 932.
419 2658 463 2662 —
496 2650 510 2670 τ
520 2636 538 2670 ὸ
569 2639 586 2671 λ
597 2650 641 2682 εγ
651 2639 688 2672 o'-

51 2689 200 2719 μενον,
232 2682 344 2724 quod
376 2683 418 2714 in
449 2683 688 2726 proverbio

38 2723 239 2760 dicitur:
262 2731 301 2760 ut
315 2727 470 2772 Sympos.
496 2738 528 2771 p.
552 2727 629 2762 217.
648 2730 688 2762 E.

766 1331 895 1363 Phaed.
919 1341 952 1373 p.
972 1330 1025 1364 66.
1044 1331 1081 1363 C.
1107 1331 1152 1363 al.
1184 1332 1408 1365 Proverbium

766 1374 951 1408 κατόπιν
981 1375 1163 1418 ἑορτῆς,
1207 1382 1308 1419 post
1353 1378 1409 1410 fe-

765 1431 781 1453 s
791 1426 804 1453 t
813 1431 832 1452 u
843 1432 887 1461 m,
896 1420 966 1452 diei
975 1421 1113 1453 solitum
1124 1420 1179 1453 ἐπὶ
1198 1425 1266 1454 τῶν
1275 1421 1370 1454 ἐπίτι
1378 1435 1407 1455 νι

764 1467 856 1510 καλῷ
872 1464 1039 1509 πράγματι
1060 1463 1406 1507 ἅπολιμπανομέιτον,

764 1522 852 1553 quae
884 1517 966 1544 sunt
996 1511 1100 1544 verba
1132 1513 1340 1545 scholiastae
1375 1518 1408 1545 et

764 1557 1080 1599 Olympiodori
1112 1557 1155 1589 ad
1179 1557 1213 1590 h.
1234 1558 1256 1590 l.
1292 1558 1408 1591 Verba

763 1601 819 1634 καὶ
870 1599 1087 1642 ὑστεροῦμεν
1128 1602 1320 1636 Cobetus
1363 1604 1406 1636 ad

763 1647 857 1680 Orat.
874 1647 916 1679 de
933 1652 1005 1680 arte
1019 1649 1266 1690 interpretandi
1281 1659 1312 1692 p.
1330 1647 1406 1682 141.

761 1696 800 1724 ut
822 1693 996 1735 glossema
1013 1692 1170 1725 damnat:
1196 1694 1287 1726 iusto
1312 1705 1407 1727 seve-

761 1738 844 1779 rius,
851 1739 982 1780 opinor,
991 1738 1060 1770 nisi
1069 1739 1155 1771 forte
1164 1739 1266 1771 etiam
1276 1740 1405 1782 Sopho-

762 1783 874 1815 cleum
895 1783 982 1815 illud
999 1783 1231 1816 damnaveris:
1265 1783 1405 1827 ἐχθρῶν

763 1826 906 1869 ἄδωρα
939 1827 1036 1870 δῶρα
1065 1826 1171 1861 κούκ
1202 1827 1402 1873 ὀνήσιμα.

761 1873 872 1906 Multo
904 1874 1019 1906 minus
1052 1874 1158 1906 etiam
1188 1874 1402 1917 probandum

761 1918 927 1951 iudicium
951 1919 1056 1952 Hirs
1069 1920 1117 1951 ch
1129 1920 1211 1962 igii
1243 1926 1311 1961 est,
1345 1922 1403 1963 qui

761 1964 866 1996 verba
899 1961 1038 1998 ἀστείας
1077 1963 1199 2008 ἑορτῆς
1229 1970 1306 2008 post
1346 1966 1402 1999 καὶ

761 2006 848 2048 μάλα
876 2021 915 2052 γε
946 2010 1117 2042 eiicienda
1146 2016 1281 2051 censet,
1312 2012 1403 2054 quod

760 2062 875 2086 tamen
907 2055 1055 2098 exempli
1089 2064 1213 2088 caussa
1246 2056 1303 2089 hic
1336 2068 1403 2089 me-

760 2109 910 2132 morasse
935 2101 1018 2132 satis
1041 2106 1212 2143 putamus.
1255 2102 1402 2135 Tirones

759 2154 830 2177 rem
853 2145 922 2187 ipsi
944 2145 1150 2188 expendant.

783 2190 975 2233 Γοργίας
994 2190 1098 2233 ἡμῖν
1119 2188 1242 2235 ὀλίγο
1256 2204 1275 2223 v
1303 2190 1401 2234 πρό-

759 2246 800 2266 τε
812 2246 830 2277 ρ
842 2247 860 2267 ο
873 2247 892 2266 v
925 2234 942 2268 ε’
952 2247 975 2267 π
984 2247 1001 2268 ε
1012 2235 1055 2280 δ.]
1090 2236 1236 2279 Gorgias
1250 2262 1257 2277 ‚
1291 2239 1403 2279 patria

758 2280 962 2321 Leontinus,
981 2281 1131 2322 Siculus,
1156 2282 1248 2315 circa
1263 2282 1400 2326 Olymp.

758 2325 865 2358 LXX.
896 2326 957 2358 vel
983 2326 1098 2359 LXXI
1111 2351 1120 2367 ‚
1146 2325 1176 2359 1.
1205 2332 1306 2360 natus
1337 2329 1404 2361 fuit

758 2370 914 2413 vixitque
945 2371 988 2404 ad
1021 2372 1186 2415 grandem
1217 2383 1327 2415 usque
1351 2385 1402 2407 se-

757 2420 940 2457 nectutem,
959 2417 1235 2459 quandoquidem
1255 2422 1400 2452 aetatem

757 2465 895 2493 centum
913 2466 947 2494 et-
961 2467 1038 2494 oeto
1055 2473 1224 2495 annorum
1244 2464 1400 2507 attigisse

757 2511 934 2546 narratur,
964 2511 1005 2539 ut
1027 2518 1092 2539 nec
1116 2508 1319 2541 incredibile
1343 2511 1398 2550 sit,

757 2551 848 2592 quod
881 2551 1139 2585 Athenaeus
1181 2554 1304 2596 Deipn.
1338 2556 1400 2588 XI.

755 2606 789 2638 p.
812 2594 890 2629 305.
913 2598 1097 2630 memoriae
1121 2598 1281 2640 prodidit,
1305 2599 1399 2632 hunc

756 2641 912 2674 Platonis
946 2641 1074 2674 librum
1112 2643 1222 2686 ipsius
1259 2646 1399 2677 nomine

755 2686 958 2728 inscriptum
970 2688 1002 2718 ei
1013 2688 1212 2721 innotuisse.
1228 2700 1259 2722 v.
1272 2690 1301 2730 Q
1311 2690 1399 2722 uin-

755 2731 818 2763 til.
851 2732 1001 2765 Institut.
1034 2733 1103 2777 111,
1144 2733 1184 2777 1,
1217 2733 1248 2767 9.
1305 2735 1397 2769 Usus
