1676 2938
494 181 741 222 GORGIAS.
769 182 814 220 P.
847 184 940 220 522.
969 181 1030 220 ed.
1061 180 1118 220 St.
1404 182 1485 217 329

64 279 70 286 .
130 301 272 344 τοῦτο,
304 288 339 336 ὦ
365 293 518 346 ἄνδρες
543 290 759 340 δικασταί,
809 292 907 332 οὔτε
934 292 1039 332 ἄλλο
1066 286 1208 331 οὐδέν.
1240 287 1342 338 ὥςτε
1369 287 1485 340 ἴσως,

132 359 156 401 ὅ
183 375 224 401 τι
251 359 307 400 ἂν
333 359 470 412 τύχω,
509 363 638 400 τοῦτο
675 357 885 409 πείσομαι.
944 357 1082 396 ΚΑΛ.
1122 356 1261 397 Δοκεῖ
1293 349 1375 395 οὖν
1403 362 1484 402 σοι,

134 419 167 466 ὦ
197 425 434 475 Σώκρατες,
462 425 603 471 καλῶς
630 419 739 476 ἔχειν
765 423 1001 473 ἄνθρωπος
1034 419 1081 462 ἐν
1108 420 1227 462 πόλει
1255 418 1370 462 οὕτω
1398 419 1485 461 δια-

131 490 324 544 κείμενος
363 488 435 531 καὶ
481 488 694 537 ἀδύνατος
732 485 795 529 ὢν
832 485 971 552 ἑαυτῷ
1010 487 1216 539 βοηθεῖνς
1279 487 1377 527 ΣΩ.
1429 485 1487 527 Εἰ

133 554 269 598 ἐκεῖνό
306 569 355 609 γε
394 553 442 596 ἐν
470 555 586 611 αὐτῷ
626 553 832 607 ὑπάρχοι,
875 552 909 593 ὼ
939 551 1211 601 Καλλίκλεις,
1251 552 1274 593 ὃ
1303 552 1358 592 σὺ
1382 554 1483 593 πολ-

131 622 250 670 λάκις
278 621 581 675 ὡμολόγησας·
612 620 649 663 εἰ
676 616 957 672 βεβοηθηκὼς
984 617 1049 672 ε’ίη
1077 617 1216 670 αὐτῷ.
1259 617 1363 671 μήτε
1391 615 1488 669 περὶ

131 686 394 739 ἀνθρώπους
422 687 526 741 μήτε
554 684 651 738 περὶ
677 683 809 732 θεοὺς
836 682 988 725 ἄδικον
1015 681 1148 737 μηδὲν
1174 683 1278 737 μήτε
1310 682 1488 736 εἰρηκὼς
1526 684 1569 727 D

130 752 232 805 μήτε
260 750 545 805 εἰργασμένος.
574 750 681 805 αὕτη
707 750 791 803 γάρ
818 763 881 797 τις
909 749 1092 802 βοήθεια
1119 746 1258 804 ἑαυτῷ
1284 749 1486 798 πολλάκις

130 817 233 871 ἡμῖν
260 817 530 871 ὡμολόγηται
555 816 756 871 κρατίστη
784 810 906 856 εἶναι.
935 814 971 855 εἰ
997 813 1076 868 μὲν
1104 810 1185 856 οὖν
1215 811 1286 866 ἐμέ
1313 829 1376 863 τις
1406 813 1484 864 ἐξε-

130 882 268 935 λέγχοι
295 882 458 936 ταύτην
484 880 563 937 τὴν
590 883 800 937 βοήθειαν
828 880 1046 922 ἀδύνατον
1074 881 1180 921 ὄντα
1218 877 1386 933 ἐμαυτῷ
1414 878 1485 921 καὶ

129 950 243 1003 ἄλλῳ
271 948 476 1002 βοηθεῖν,
518 947 800 1003 αἰσχυνοίμην
837 945 892 988 ἂν
928 944 1002 988 καὶ
1036 943 1083 986 ἐν
1123 947 1298 994 πολλοῖς
1338 944 1409 986 καὶ
1438 942 1485 986 ἐν

130 1012 289 1067 ὀλίγοις
317 1012 632 1068 ἐξελεγχόμενος
669 1011 740 1054 καὶ
776 1012 910 1066 μόνος
938 1011 1023 1053 ὑπὸ
1050 1010 1212 1065 μόνου,
1251 1012 1323 1053 καὶ
1350 1011 1387 1052 εἰ
1413 1009 1484 1052 διὰ

129 1191 215 1214 sona
238 1180 352 1214 littera
372 1184 578 1223 usurpatum
601 1190 688 1222 esse,
710 1179 774 1213 ubi
795 1180 831 1212 vi
856 1183 890 1213 et
912 1178 1061 1222 pondere
1086 1189 1147 1212 suo
1163 1179 1272 1222 pollet
1285 1178 1484 1222 plurimum.

129 1228 182 1259 De
214 1237 284 1268 qua
311 1237 348 1259 re
378 1227 503 1258 certius
529 1225 686 1259 iudicare
716 1225 852 1266 liceret,
882 1226 913 1258 si
936 1226 961 1257 1.
988 1225 1146 1258 Bekkero
1176 1225 1368 1268 placuisset
1397 1225 1485 1257 haec

130 1269 381 1325 ὀρθογραφικὰ
404 1282 473 1304 ιιοιι
497 1273 682 1314 praeterire
706 1271 854 1303 silentio.
901 1271 1006 1312 Sicp
1009 1269 1119 1304 .460.
1144 1271 1187 1303 D.
1217 1270 1360 1313 plurimi
1384 1271 1483 1303 codd.

130 1314 292 1351 ώςαύτως
323 1316 362 1349 δὲ
391 1315 501 1350 οὕτως
525 1318 581 1348 καὶ
605 1335 660 1349 -.
684 1317 862 1359 Protagor.
893 1327 923 1358 p.
950 1281 1027 1350 318.
1059 1316 1097 1348 B.
1129 1314 1208 1349 320.
1217 1282 1276 1349 PG
1309 1315 1354 1348 al.
1394 1316 1482 1349 conf.

131 1362 305 1395 Schaefer.
330 1361 374 1394 ad
397 1362 575 1394 Demosth.
600 1363 692 1418 App.
713 1363 755 1394 T.
779 1363 804 1394 1.
829 1373 861 1404 p.
885 1360 963 1395 207.

199 1407 260 1440 Ει
290 1406 440 1440 ἐκεῖιό
475 1419 521 1451 γε
562 1406 612 1440 ἐν
642 1404 756 1451 αὐτῷ
793 1404 1000 1450 ὑπάρχοι]
1049 1406 1251 1448 optativum
1286 1417 1348 1449 pro
1385 1406 1480 1449 vulg.

130 1450 276 1494 ὑπάρχει
298 1453 514 1495 reposuimus
538 1463 581 1485 ex
606 1452 722 1485 Clark.
738 1453 816 1485 Vat.
833 1452 938 1485 Coisl.
955 1453 1033 1484 Par.
1059 1452 1123 1484 BC
1134 1452 1213 1485 1W
1237 1451 1331 1485 Flor.
1354 1462 1384 1486 a.
1400 1451 1434 1485 b.
1451 1462 1481 1486 e.

129 1498 422 1540 Praepositionem
459 1497 499 1530 ἐν
530 1498 712 1531 delendam
751 1502 870 1531 censet
898 1497 1131 1530 Heindorfius.
1190 1498 1232 1530 In
1261 1497 1353 1532 Flor.
1384 1497 1417 1531 d.
1449 1497 1486 1531 el

127 1544 293 1576 omissum
325 1548 387 1576 est.
433 1544 648 1587 Quapropter
670 1543 791 1576 Astius
821 1543 1041 1576 scribendum
1072 1543 1239 1576 coniecit:
1276 1540 1415 1576 Ἐκεῖνό
1443 1554 1483 1587 γε

129 1601 159 1621 ἒι
185 1586 278 1643 αυῖῷ
302 1586 359 1622 ὑπ’.

161 1632 298 1714 θῐιμήτε
329 1634 432 1677 περὶ
466 1632 618 1677 θεοὺς]
666 1634 772 1667 Deest
795 1634 877 1676 περὶ
901 1634 938 1666 in
963 1633 1068 1667 Vind.
1089 1633 1120 1667 2.
1153 1632 1186 1667 6.
1219 1634 1310 1678 Aug.
1340 1635 1482 1667 Meerm.

241 1690 280 1714 Α.
303 1690 355 1723 pr.

129 1825 276 1880 Apolog.
307 1824 436 1858 socrat.
459 1835 492 1879 p.
515 1823 571 1858 30.
594 1826 640 1858 Ε.
676 1825 775 1858 δοκεῖ

130 1867 149 1901 ὁ
175 1867 261 1904 θεὸς
286 1868 347 1909 ἐμὲ
379 1874 417 1913 τῇ
440 1868 536 1903 πόλει
566 1871 770 1912 προςτεθει-

131 1914 228 1947 κέναι
265 1914 422 1947 τοιοῦτόν
464 1926 552 1953 τινα,
603 1913 644 1950 ὃς
681 1913 771 1955 υμᾶς

130 1959 280 2003 ἐγείρων
293 1960 350 1992 καὶ
367 1960 507 1992 πείθων
523 1971 578 1992 και
604 1958 624 1993 ὀ
636 1960 758 1993 νειδ’
743 1974 771 1993 ι-

131 2007 214 2046 ζων
238 2005 301 2037 ἕνα
321 2005 470 2038 ἕκαστον
484 2003 594 2038 οὐδὲν
610 2004 771 2045 παύομαι.

176 2072 214 2105 C.
261 2073 329 2104 καὶ
371 2073 543 2115 πράττω
586 2073 628 2106 τὸ
675 2071 770 2114 ὑμέ-

131 2129 262 2158 τερον
287 2117 337 2162 δὴ
361 2117 507 2162 τοῦτο]
539 2119 685 2162 Apolog.
712 2119 771 2152 So-

129 2167 214 2195 crat.
244 2174 276 2206 p.
301 2162 355 2196 31.
380 2165 429 2196 A:
463 2162 498 2196 τὸ
532 2163 571 2197 δὲ
604 2162 771 2206 ὑμέτερον

131 2206 290 2249 πράττειν
313 2206 376 2241 ἀεί.
401 2220 434 2241 v.
460 2209 505 2242 ad
527 2220 560 2253 p.
583 2208 660 2244 455.
686 2210 724 2243 C.

178 2274 238 2307 El
282 2275 430 2308 ἐκεῖνό
472 2289 518 2320 γε
564 2276 612 2310 ἐν
657 2275 770 2331 αὐτῷ

130 2318 339 2363 ὑπάρχοι]
386 2322 584 2364 optativum
623 2321 770 2365 ὑπάρχοι

128 2366 333 2409 flagitabant
361 2368 519 2409 proxima
541 2367 577 2400 εἰ
598 2368 677 2411 βεβ.
700 2369 768 2411 εἴη,

128 2422 215 2453 quae
253 2411 370 2444 addita
410 2418 490 2444 sunt
525 2414 768 2455 explicationis

127 2457 249 2499 gratia.
274 2458 566 2499 Praepositionem
589 2459 639 2497 ἐν,
664 2470 768 2502 quam

128 2501 224 2534 codd.
249 2513 368 2535 omnes
393 2507 590 2536 constanter
616 2508 768 2546 tuentur,

127 2547 359 2582 Heindorf.
391 2547 497 2580 deleri
521 2549 641 2582 voluit.
663 2551 769 2592 Equi-

128 2591 205 2624 dem
217 2602 347 2634 vereor,
370 2598 408 2625 ut
429 2593 616 2636 quidquam
635 2600 768 2628 mutan-

129 2636 210 2691 dum
248 2638 311 2678 sit,
349 2638 379 2670 si
422 2639 560 2681 quidem
599 2639 640 2672 ἑν
674 2639 768 2685 αὐτῷ

130 2679 277 2736 ὑπάρχοι
303 2663 399 2716 'idem
427 2685 498 2717 fere
530 2689 582 2717 est
611 2686 702 2728 quod
727 2686 767 2719 ἐν

130 2723 224 2771 αὐτῷ
255 2726 363 2772 ἐνειᾌη
411 2730 629 2773 Quamquam
659 2731 766 2765 fateor

839 1836 910 1858 non
944 1828 1129 1881 suppetere
1159 1825 1246 1858 mihi
1274 1825 1408 1866 locum,
1445 1827 1483 1858 in

840 1881 907 1913 quo
933 1867 1078 1912 ὑπάρχει
1102 1870 1142 1902 ἔν
1166 1883 1229 1903 uu
1252 1870 1395 1903 dicatur.

885 1916 928 1950 D.
961 1914 1064 1958 αὕτη
1087 1914 1167 1958 γάρ
1202 1927 1265 1949 τις
1290 1914 1483 1960 βοηθεια

840 1960 1084 2047 {2220011033
1108 1959 1483 2049 3‡{.3²1221.32³11{‡5.

841 2051 1060 2084 scribendum
1120 2052 1187 2084 fuit
1241 2051 1378 2095 τοιαύτη
1424 2065 1482 2087 τις.

841 2097 961 2139 Neque
992 2108 1079 2139 opus
1110 2102 1163 2130 est
1202 2097 1352 2131 scribere
1396 2096 1482 2141 αὕτη

841 2154 887 2176 τις
911 2140 933 2186 ἡ
957 2141 1117 2185 βοήθεια.
1149 2144 1333 2176 Praeterea
1357 2154 1481 2176 nomen

839 2187 980 2220 verbale
1003 2199 1081 2220 cum
1105 2199 1190 2221 casu
1206 2189 1304 2221 verbi
1327 2190 1383 2221 sui
1402 2200 1483 2222 con-

840 2237 1017 2266 structum.
1041 2233 1111 2266 vid.
1141 2234 1186 2266 ad
1209 2234 1346 2267 Phileb.
1370 2233 1481 2276 p..30

841 2278 884 2310 ad
907 2279 1154 2322 Euthyphr.p
1160 2278 1253 2312 ..13
1276 2281 1319 2312 D.
1354 2279 1407 2313 15.
1438 2281 1482 2313 A.

838 2324 988 2356 Matth.
1013 2325 1044 2365 ἓ.
1069 2291 1154 2358 367Ρ

883 2370 953 2402 καὶ
1007 2367 1143 2410 μόνος
1200 2366 1283 2402 ὑπὸ
1329 2367 1479 2426 μόνου]

837 2415 976 2447 Menex.
998 2413 1132 2458 2p.3.9
1158 2414 1203 2447 C.
1238 2412 1347 2456 δόξαν
1376 2412 1482 2457 α’ξίαν

838 2457 891 2492 ἐπ’
921 2426 1041 2501 ἀξιοις.
1088 2459 1234 2516 Republ.
1265 2460 1308 2493 X.
1339 2471 1372 2503 p.
1403 2460 1483 2495 600.

836 2505 883 2537 Ε.
909 2503 1014 2540 αυτός
1038 2517 1073 2538 τε
1096 2503 1160 2538 οὐκ
1183 2504 1321 2538 ἐπαΐων
1342 2525 1388 2530 -
1412 2511 1482 2541 τοῖς

836 2548 882 2593 μὴ
919 2551 1118 2584 ἐπαΐουσιν.
1183 2551 1340 2584 Plurima
1375 2552 1479 2584 huius

836 2598 973 2639 generis
1011 2595 1170 2638 exempla
1214 2596 1355 2639 collegit
1383 2597 1480 2629 Val-

837 2642 962 2674 cken.
1013 2641 1055 2674 ad
1091 2641 1271 2674 Phoeniss.
1308 2652 1341 2674 v,
1378 2640 1478 2675 1235.

836 2686 1064 2720 Heusdius
1109 2687 1257 2732 Specim.
1295 2687 1404 2720 critic.
1445 2699 1477 2731 p.

835 2731 902 2766 129
925 2743 996 2776 seq.
