1702 2924
218 204 234 239 l
246 204 263 238 1
271 205 293 239 8
762 199 1020 238 PLATONIS

215 308 292 360 μὲν
319 305 463 359 ἔγωγε,
493 298 526 347 ὦ
555 305 790 357 Σώκρατες,
819 303 890 346 καὶ
917 304 1044 353 αὐτὸς
1069 307 1262 352 τοιοῦτος
1287 299 1418 354 εἶναι,
1457 299 1552 345 οἷον

217 371 270 412 σὺ
292 371 468 423 ύφηγεῖ·
497 370 597 417 ἰ’σως
620 367 764 421 μέντοι
791 375 896 423 χρῆν
923 367 1087 411 ἐννοεῖν
1113 367 1183 409 καὶ
1209 369 1257 409 τὸ
1284 369 1370 408 τῶν
1396 367 1552 418 παρόν-

217 450 312 476 των.
343 436 472 475 πάλαι
493 435 574 486 γάρ
599 448 678 481 τοι,
706 432 807 486 πρὶν
833 433 903 475 καὶ
930 433 1041 486 ὑμᾶς
1069 431 1222 477 ἐλθεῖν.
1253 431 1334 484 ἐγὼ
1361 434 1450 479 τοῖς
1476 446 1551 471 πα-

218 503 342 551 ροῦσι
379 498 512 539 πολλὰ
548 496 839 550 ἐπεδειξάμην,
881 498 948 538 καὶ
988 501 1072 538 νῦν
1111 497 1212 545 ἰ’σως
1239 494 1383 548 πόρῤω
1410 496 1555 537 ἀποτε-

152 566 188 609 C
217 570 390 616 νοῦμεν,
419 562 474 616 ἢν
495 562 799 641 διαλεγώμεθα.
825 564 998 602 σκοπεῖν
1018 557 1098 602 οὖν
1117 559 1196 614 χρὴ
1219 560 1288 602 καὶ
1310 562 1358 601 τὸ
1378 560 1553 609 τούτων,

217 629 274 682 μή
321 642 439 674 τινας
490 627 632 666 αὐτῶν
670 626 905 679 κατέχωμεν
942 624 1231 701 βουλομένους
1267 640 1306 665 τι
1345 623 1416 665 καὶ
1453 626 1554 664 ἄλλο

218 692 426 743 πραττειν.

304 756 408 813 Cap.
438 754 568 797 XIII.

219 822 290 864 καὶ
319 821 557 871 Σώκρατες,
585 818 706 860 αὐτοὶ
734 819 907 860 ἀκούετε
935 819 1099 860 τούτων
1125 821 1210 859 τῶν
1237 819 1418 870 ἀνδρῶν,
1456 820 1556 872 βου-

218 883 412 939 λομένων
439 883 636 931 ἀκούειν,
680 882 754 924 έοὶν
781 899 820 923 τι
846 883 1010 937 λέγητε·
1053 882 1140 936 ἐμοὶ
1171 880 1208 924 δ’
1236 879 1317 924 οὖν
1343 883 1414 924 καὶ
1442 883 1556 938 αὐτῷ

217 949 274 1003 μὴ
314 946 480 1002 γένοιτο
517 948 701 1000 τοσαύτη
729 947 924 1001 α’σχολία,
963 944 1062 995 ὥςτε
1088 948 1294 988 τοιούτων
1321 948 1460 1000 λόγων
1487 946 1555 988 καὶ

219 1013 330 1054 οὕτω
377 1010 616 1065 λεγομένων
661 1012 857 1066 ἀφεμένω
895 1007 1248 1063 προύργιαίτερόν
1283 1027 1323 1052 τι
1357 1010 1557 1063 γενέσθαι

150 1077 192 1118 D
222 1081 324 1119 ἄλλο
364 1076 573 1129 πράττειν.
630 1077 766 1116 ΚΑΛ.
818 1076 890 1129 Νὴ
929 1075 1028 1124 τοὺς
1062 1077 1211 1126 θεούς,
1251 1068 1284 1116 ὦ
1316 1078 1556 1128 Χαιρεφῶν.

217 1143 285 1183 καὶ
311 1141 388 1195 μὲν
415 1139 466 1193 δὴ
495 1139 564 1180 καὶ
592 1136 718 1187 αὐτὸς
745 1142 916 1187 πολλοῖς
943 1140 1023 1193 ἤδη
1050 1140 1191 1192 λόγοις
1217 1140 1557 1192 παραγενόμενος

218 1202 299 1247 οὐκ
322 1200 402 1246 οἶδ’
423 1204 458 1245 εἰ
477 1205 646 1245 πώποτε
670 1203 810 1258 ἥσθην
830 1203 978 1252 οὕτως,
1001 1202 1137 1256 ὥςπερ
1157 1205 1266 1253 νυνί,
1296 1199 1386 1252 ὥςτ’
1404 1201 1555 1256 ἔμοιγε,

217 1270 299 1312 κᾶν
335 1268 413 1322 τὴν
450 1268 612 1348 ἡμέραν
651 1267 753 1321 ὅλην
793 1267 961 1321 ἐθέλητε
998 1265 1285 1321 διαλέγεσθαι,
1330 1271 1555 1321 χαριεῖσθε.

218 1335 321 1375 ΣΩ.
353 1329 475 1373 Ἀλλὰ
495 1334 594 1387 μήν,
625 1334 658 1373 ὡ
686 1334 942 1382 Καλλίκλεις,
971 1333 1018 1373 τό
1046 1329 1080 1384 γ’
1110 1330 1212 1385 ἐμὸν
1239 1328 1366 1373 οὐδὲν
1392 1332 1557 1407 κωλύει,

219 1398 332 1449 εἴπερ
371 1396 505 1438 ἐθέλει
533 1397 729 1450 Γοργίας.
786 1398 910 1438 ΓΟΡ.
951 1397 1137 1450 Αἰσχρὸν
1174 1396 1226 1448 δὴ
1254 1393 1302 1438 τὸ
1330 1396 1492 1447 λοιπόν,
1522 1395 1555 1436 ὠ

218 1463 456 1515 Σώκρατες,
486 1462 672 1513 γίγνεται
700 1460 768 1513 ἐμέ
797 1475 842 1513 γε
871 1460 926 1514 μὴ
958 1458 1128 1508 ἐθέλειν,
1167 1460 1238 1502 καὶ
1264 1468 1395 1502 ταῦτα
1423 1460 1558 1502 αὐτὸν

149 1532 188 1574 Ε
220 1526 574 1580 ἐπαγγειλάμενον
612 1525 771 1577 ἐρωτᾶν
808 1522 832 1565 ὅ
865 1541 904 1566 τι
931 1540 991 1573 τις
1019 1525 1225 1577 βούλεται.
1265 1521 1350 1566 ἀλλ’
1379 1525 1414 1566 εἰ
1442 1526 1560 1567 δοκεῖ

216 1591 417 1638 τουτοισί,
445 1590 642 1642 διαλέγου
666 1603 708 1629 τε
731 1589 800 1630 καὶ
822 1588 955 1642 ἐρώτα
978 1585 1002 1630 ὅ
1021 1603 1061 1630 τι
1083 1590 1238 1642 βούλει.
1286 1591 1386 1630 ΣΩ.
1406 1586 1556 1631 ’Ἀκουε

630 757 746 796 ΧΑΙ.
803 757 891 796 Τοῦ
918 754 996 808 μὲν
1022 755 1234 808 θορύβου,
1265 749 1298 795 ὦ
1327 756 1359 796 I
1361 755 1486 807 οργία
1512 768 1554 795 τε

284 1711 322 1743 C.
369 1709 617 1753 κατέχωμεν
640 1709 972 1753 βουλομένους]
998 1710 1179 1752 κατέχομεν
1203 1710 1319 1742 Clark.
1343 1710 1446 1743 Coisl.
1471 1711 1556 1742 Ven.

220 1756 297 1788 ΞΣ.
329 1756 430 1788 vind.
454 1754 487 1788 2.
520 1755 660 1788 Routhii
681 1755 779 1787 Bodl.
803 1756 954 1796 Meerm.,
985 1755 1077 1797 quod
1099 1754 1220 1797 probat
1242 1755 1359 1787 Herm.
1387 1753 1433 1797 μὴ
1456 1755 1557 1787 inter—

216 1801 370 1844 rogative
394 1804 545 1842 accepto.

283 1868 326 1899 D.
374 1866 477 1909 ὅλην
501 1865 704 1909 ἐθέλητε]
737 1866 795 1898 Sic
819 1866 919 1898 vind.
940 1865 973 1900 6.
998 1867 1075 1898 Par.
1091 1867 1153 1899 CI.
1183 1867 1277 1909 Aug:
1297 1867 1436 1899 Meerm.
1460 1866 1557 1899 Bodl.

216 1912 306 1944 Flor.
329 1913 360 1944 b.
387 1911 418 1943 d.
442 1912 464 1943 f.
488 1922 532 1943 m.
558 1922 583 1943 s.
615 1911 704 1943 Vett.
727 1910 819 1943 editt.
845 1909 1006 1943 ἐθέλοιτε.

283 1978 407 2019 εἴπερ
434 1977 581 2009 ἐθέλει
611 1975 664 2020 Γ.]
695 1977 735 2009 V.
760 1975 886 2015 ἐθέλοι,
911 1977 1001 2019 quod
1025 1981 1158 2020 praeter
1183 1977 1257 2010 Par.
1282 1977 1359 2010 EF.
1382 1978 1441 2010 vix
1466 1987 1555 2010 unus

216 2022 343 2054 alterve
364 2026 485 2054 tuetur.
746 2042 763 2054 ,

216 2133 362 2165 Thom.
387 2133 496 2174 Mag.
521 2130 718 2187 ὑφηγοῦμαι
743 2132 777 2164 τὸ
803 2133 852 2163 δι-

217 2176 333 2209 δάσκω
356 2177 411 2209 καὶ
437 2180 603 2216 παραινῶ.
627 2194 670 2199 -
703 2173 852 2217 πόρ’ῥω

217 2220 555 2260 ἀποτενοῦμει,
625 2220 852 2274 longiores

216 2267 385 2299 erimus.
432 2265 527 2298 Alibi
558 2264 691 2297 additur
714 2264 775 2297 τὸν
797 2263 852 2297 λό-

215 2322 288 2353 γον.
307 2321 338 2341 v.
352 2310 644 2342 Hemsterhus.
658 2309 852 2342 adLueian.

215 2356 256 2386 Τ.
280 2355 305 2386 Ι.
335 2365 368 2396 p.
390 2353 467 2387 459.
499 2355 584 2386 Ast.
608 2354 650 2387 ad
674 2354 852 2396 Rempubl.

241 2398 346 2431 .402.
370 2400 429 2431 cfr.
453 2403 567 2431 annot.
592 2399 679 2441 adp
682 2397 788 2432 .465.
811 2399 852 2431 Ε.

214 2462 258 2468 --
282 2443 517 2476 Scholiast.
537 2442 710 2476 Δέδοικει
724 2441 742 2475 ὁ
760 2443 850 2483 Γορ-

214 2490 304 2542 γιΝαε
333 2488 387 2520 καὶ
434 2487 555 2531 φει’γει
598 2486 658 2530 τὴν
693 2486 850 2528 διάλεξιν,

215 2532 357 2564 αίΐίᾶῖαί
389 2532 428 2564 δὲ
466 2544 544 2566 ἴΟΉς
580 2543 752 2573 naportas·
788 2543 849 2563 7111-

219 2575 373 2619 νοίργωε
399 2574 445 2610 ais
469 2574 532 2609 οἰκ
551 2575 790 2618 ἀνεξομέιουε
806 2594 851 2600 ·-

214 2623 296 2654 Mox
329 2620 527 2662 κατέχει]
564 2626 616 2654 est
650 2621 850 2654 detinere

213 2671 254 2699 et
291 2665 548 2699 abstrahere
587 2677 607 2699 a
642 2666 849 2710 negotiis.

920 2133 972 2164 De
998 2136 1140 2164 σκοπεῖν
1162 2130 1207 2175 μὴ
1236 2142 1314 2164 eum
1337 2132 1556 2166 coniunctivo

920 2177 1079 2218 copulato
1113 2187 1144 2208 v.
1174 2187 1252 2209 ann.
1283 2176 1325 2208 ad
1348 2177 1492 2210 Phaedr.
1523 2189 1557 2220 p.

919 2220 995 2254 260.
1026 2222 1066 2253 A.
1103 2221 1206 2263 flipp.
1237 2222 1318 2254 Mai.
1349 2232 1383 2264 p.
1404 2220 1480 2255 300.
1512 2223 1556 2254 D.

921 2265 1026 2297 Cuius
1040 2275 1122 2297 usus
1134 2266 1304 2308 ignoratio
1315 2266 1448 2298 videtur
1458 2277 1557 2309 pepe-

919 2310 1003 2342 risse
1022 2310 1211 2351 κατέχομεν.
1227 2327 1272 2334 —
1296 2308 1554 2363 προυργιαί-

921 2365 1058 2394 τερον.
1106 2355 1246 2387 Sehol.
1297 2353 1553 2396 προτιμότερον.

919 2400 956 2430 Ιιι
991 2398 1064 2430 eod.
1090 2400 1228 2431 Meerm.
1265 2404 1418 2439 κρεῑτιοι
1440 2410 1554 2442 super-

919 2443 1093 2485 scriptum,
1118 2444 1406 2499 interpretationis
1421 2454 1555 2476 caussa.

963 2487 1044 2530 Cap.
1069 2488 1166 2521 XIII.
1209 2489 1251 2521 D.
1299 2485 1375 2520 οὐκ
1405 2484 1483 2520 οἶδ’
1516 2501 1551 2520 ει

920 2531 1086 2564 πώποτε
1121 2531 1264 2587 ἧσῖηι
1286 2531 1443 2577 οὕτως]
1474 2534 1554 2566 For-

918 2577 1012 2609 mula
1044 2574 1107 2609 οῖ”κ
1131 2573 1196 2609 οιὸ’
1221 2576 1257 2609 sl
1283 2577 1374 2619 apud
1404 2578 1554 2610 Graecos

917 2621 1115 2663 plerumque
1153 2626 1256 2665 negat
1296 2632 1373 2654 eum
1408 2622 1554 2664 quadam

918 2665 1143 2707 dubitatione,
1166 2671 1205 2698 ut
1226 2666 1398 2707 hocloco,
1422 2668 1481 2699 ubi
1503 2671 1556 2700 est
