1702 2924
404 109 652 150 GORGIAS.
681 109 727 149 P.
757 110 853 148 450.
883 111 978 148 451.
1009 109 1068 149 ed.
1099 108 1157 148 St.
1401 110 1453 146 93

184 220 290 279 Cap.
320 221 399 264 VI.
459 223 561 264 ΣΩ.
587 217 684 263 Ἴθι
713 224 800 262 νῦν
835 219 905 261 καὶ
933 220 988 262 σὺ
1014 217 1095 274 τὴν
1133 219 1361 272 α’πόκρισιν
1397 219 1453 273 ἣν

98 287 267 342 ἠρόμην
295 285 569 342 διαπέρανον.
607 285 696 328 ἐπεὶ
731 286 815 340 γὰρ
842 285 871 339 ἡ
899 284 1102 340 ῥητορικὴ
1139 285 1339 339 τυγχάνει
1378 283 1458 338 μὲν

97 349 207 395 οὖσα
234 353 401 394 τούτων
437 368 500 402 τις
526 355 613 394 τῶν
647 354 809 406 τεχνῶν
847 354 934 393 τῶν
971 352 1020 393 τὸ
1048 350 1161 393 πολὺ
1198 352 1313 407 λόγῳ
1351 365 1455 405 χρω-

96 417 261 472 μένων,
304 419 566 473 τυγχάνουσι
593 415 638 459 δὲ
665 417 737 459 καὶ
765 418 889 458 ἄλλαι
916 420 1111 459 τοιαῦται
1138 411 1288 464 οὖσαι,
1325 418 1458 470 πειρῶ

98 484 252 534 εἰπεῖν,
291 484 320 539 ἦ
347 483 440 537 περὶ
470 484 510 525 τί
548 481 594 524 ἐν
621 483 765 537 λόγοις
801 482 851 523 τὸ
889 485 1023 535 κῦρος
1061 479 1217 536 ἔχουσα
1252 480 1457 536 ῥητορική

99 548 227 591 ἐστιν.
258 547 395 602 ὥςπερ
423 548 479 590 ἂν
506 548 544 589 εἴ
569 548 632 597 τίς
658 562 709 602 με
738 546 878 601 ἔροιτο
900 539 963 588 ὧν
991 550 1077 588 νῦν
1104 546 1158 602 δὴ
1188 546 1334 601 ἔλεγον
1362 546 1459 600 περὶ

96 615 349 670 ήςτινοςοῦν
375 616 464 656 τῶν
495 616 683 668 τεχνῶν,
717 605 772 654 Ὦ,
801 613 1050 666 Σώκρατες,
1079 612 1142 661 τίς
1173 612 1288 654 ἐστιν
1312 613 1342 668 ἦ
1370 613 1458 666 άρι-

95 679 280 735 θμητικὴ
307 680 456 735 τέχνη,-
486 679 639 733 εἴποιμ’
669 678 724 721 ἂν
742 675 869 730 αὐτῷ,
900 677 1039 732 ὥςπερ
1068 678 1122 719 σὺ
1150 681 1259 731 ἄρτι,
1289 677 1354 720 ὅτι
1376 680 1464 720 τῶν
1503 680 1543 723 Β

95 745 166 787 διὰ
194 746 327 799 λόγου
355 760 418 794 τις
446 743 494 786 τὸ
523 749 656 797 κῦρος
686 742 889 799 ἐχουσῶν.
930 743 1001 786 καὶ
1040 743 1080 785 εἴ
1104 758 1154 799 με
1184 742 1456 796 ἐπανέροιτο·

104 813 202 853 Τῶν
229 810 327 864 περὶ
352 811 413 860 τίς
442 805 592 864 εἴποιμ’
622 809 690 859 ἂν,
730 809 794 852 ὅτι
821 811 910 851 τῶν
936 808 1034 861 περὶ
1062 809 1111 851 τὸ
1139 810 1289 864 ἄρτιόν
1315 824 1360 851 τε
1387 809 1460 852 καὶ

95 876 291 930 περιττὸν
320 878 530 930 [γνῶσις],
571 875 651 917 ὅσα
679 874 734 916 ἂν
762 873 939 929 ἑκάτερα
967 876 1172 929 τυγχάνοι
1201 878 1318 917 ὄντα.
1359 876 1396 917 εἰ
1423 876 1459 917 δ’

95 938 151 984 αὖ
174 940 332 996 ἔροιτο·
370 940 462 996 Τὴν
481 940 526 983 δὲ
556 941 801 996 λογιστικὴν
824 941 920 982 τίνοι
945 943 1085 990 καλεῖς
1106 940 1257 996 τέχνην
1265 959 1276 992 5
1306 932 1454 996 εἴποιμ’

95 1007 163 1058 ἂν,
193 1004 258 1049 ὅτι
295 1007 367 1050 καὶ
405 1006 512 1061 αὕτη
550 1005 636 1048 ἐστὶ
675 1009 763 1048 τῶν
801 1007 917 1060 λόγῳ
952 1008 1001 1048 τὸ
1029 1014 1120 1048 πᾶν
1159 1006 1456 1060 κυρουμένων.

94 1142 163 1227 (έῦἔ
185 1148 240 1181 καὶ
268 1146 320 1180 σύ.
355 1148 443 1180 Eam
469 1147 674 1191 scripturam
697 1151 791 1180 tenet
814 1148 919 1180 etiam
943 1147 1036 1180 Flor.
1060 1158 1095 1180 X.
1121 1158 1198 1180 cum
1222 1147 1305 1181 edit.
1327 1149 1408 1183 Bas.
1426 1148 1458 1182 2.

121 1205 139 1227 e
186 1204 220 1226 v.
244 1205 323 1228 ann.

163 1247 184 1293 ἡ
211 1246 425 1293 ῥητορικὴ
450 1247 667 1293 τυγχάνει]
693 1245 795 1292 ἠοιῃ.
815 1248 931 1282 Clark.
949 1248 1055 1282 Coisl.
1074 1250 1152 1282 Par.
1167 1250 1282 1282 EFB.
1304 1249 1409 1283 Vind.
1426 1249 1458 1284 6.

163 1312 203 1344 Β.
251 1308 459 1353 περιττὸν
485 1310 709 1355 [γνῶσις-Π
746 1311 849 1343 Recte
874 1311 1055 1344 Bekkerus
1087 1321 1164 1344 voc.
1189 1315 1318 1354 γνῶσις
1342 1316 1381 1344 ut
1405 1323 1460 1345 su-

97 1360 249 1400 spectam
265 1357 366 1389 uncis
389 1356 543 1389 inclusit.
578 1357 671 1389 Dein
694 1367 755 1399 pro
778 1356 873 1400 vulg.
899 1354 1047 1411 τυγχάνῃ
1073 1357 1228 1389 eiusdem
1253 1359 1458 1391 auctoritate

95 1413 140 1435 ex
163 1403 241 1435 Par.
265 1402 360 1435 VW.
383 1402 476 1435 Flor.
499 1413 544 1434 m.
569 1403 786 1445 reposuimus
812 1400 982 1446 τυγχάνοι.
1029 1403 1134 1435 Multa·
1156 1403 1239 1435 libri
1262 1401 1428 1447 τυγχάνει.

165 1468 247 1498 τῶν
270 1461 381 1508 λόγῳ
407 1461 449 1496 τὸ
475 1467 561 1496 πᾶν
585 1463 628 1508 κ.]
653 1463 834 1498 Heindorf.
858 1465 946 1498 coni.
973 1468 1042 1498 τῶν
1066 1463 1156 1509 λόγῳ
1182 1478 1241 1501 τις
1266 1463 1301 1498 τὸ
1329 1477 1363 1499 π.

99 1575 146 1610 ἐν
175 1581 268 1613 τοῖς
298 1576 347 1621 λ.]
387 1578 424 1610 si
463 1578 566 1620 quis
598 1577 742 1610 vellet

97 1622 234 1655 verba
257 1627 333 1655 tua
351 1634 544 1666 premere
569 1627 609 1655 et
632 1624 741 1656 male

96 1669 401 1711 interpretari
470 1679 612 1711 neque
676 1670 741 1701 sie

98 1714 325 1757 accipere,
388 1713 600 1756 quomodo
663 1715 741 1749 vis.

97 1759 188 1792 Vett.
205 1759 301 1792 editt.
327 1758 567 1801 δυςχεραίνειν
591 1764 661 1794 τοῖς
685 1757 741 1792 λό-

96 1816 188 1848 γοις,
219 1804 311 1847 quod
340 1805 496 1847 ineptum
526 1808 598 1846 est,
637 1805 742 1847 siqui-

97 1850 173 1882 dem
191 1849 339 1883 formula.
361 1860 455 1882 nunc
477 1861 547 1883 non
571 1851 744 1894 significat

97 1895 287 1928 moleste
340 1895 458 1928 ferre
512 1907 742 1937 sermones,

98 1940 190 1983 quod
213 1941 301 1973 foret
324 1941 564 1982 δυςχεραίνειν
583 1938 662 1975 τοὺς
686 1939 742 1974 λό-

99 1997 184 2030 γους
217 1985 274 2018 vel
305 1990 376 2021 τοῖς
399 1984 513 2029 λόγοις
547 1987 742 2029 (Isocrat.

98 2031 244 2064 Panath.
276 2029 354 2064 275.
386 2032 468 2072 A.)‚
508 2031 568 2064 sed
605 2043 743 2065 moro-

100 2088 189 2110 sum
221 2086 317 2109 esse
348 2087 396 2110 ac
426 2076 668 2110 difficilem
698 2077 742 2109 in

98 2121 364 2155 disserendo
427 2121 612 2165 ideoque
677 2123 743 2155 uti

99 2167 353 2200 calumniis.
406 2168 534 2210 Recepi
563 2168 669 2211 igitur
703 2167 743 2200 ἐν

98 2223 142 2245 ex
166 2212 261 2245 codd.
283 2212 426 2255 aliquot,
457 2213 548 2255 quod
572 2213 743 2246 excidisse

99 2256 341 2300 suspicabatur
363 2258 668 2292 Heindorfius.
691 2259 743 2292 Si-

98 2302 226 2336 militer
248 2303 339 2335 infra
361 2313 394 2345 p.
417 2302 494 2337 483.
518 2304 565 2337 A:
592 2316 743 2346 κακουρ-

97 2353 170 2391 γεῖς
201 2346 242 2380 ἐν
273 2352 341 2382 τοῖς
373 2346 494 2392 λόγοις.
542 2350 655 2392 Atque
688 2361 743 2383 ea-

99 2394 176 2426 dem
221 2403 361 2436 prorsus
400 2394 497 2427 verbi
534 2397 743 2428 constructio

97 2439 265 2494 reperitur
298 2438 417 2480 Lysid.
451 2450 484 2482 p.
514 2439 591 2474 214.
622 2441 670 2473 Ε.
710 2438 744 2474 Ὁ

97 2483 164 2539 γὰρ
185 2482 301 2539 λόγος
313 2482 397 2527 ἡμῖν
422 2487 596 2539 σημαινει,
633 2484 682 2518 ὅτι
707 2487 747 2519 οἳ

101 2527 146 2561 ἄν
169 2540 258 2562 ωσιν
281 2526 421 2572 ἀγαθοί.
460 2528 562 2563 Πάνυ
586 2542 637 2574 γε,
661 2531 741 2573 ἔφη,

102 2574 206 2607 δοκεῖ.
246 2575 315 2608 Καὶ
332 2574 419 2615 ἐμοί,
446 2569 491 2618 ἦν
511 2573 539 2607 δ’
566 2574 644 2620 ἐγώ,
669 2580 742 2610 καί·

99 2631 148 2652 τοι
183 2619 398 2663 δυςχεραίνω
435 2622 466 2653 τί
496 2632 536 2665 γε
568 2619 609 2653 ἐν
637 2619 744 2667 αὐτῷ.

100 2665 246 2699 Sensum
267 2666 451 2700 verborum
475 2669 569 2700 recte
592 2657 743 2702 declara-

810 1578 863 1610 vit
885 1577 1062 1621 Olympi
1075 1578 1254 1611 odorus
1279 1579 1318 1612 εἴ
1332 1590 1379 1614 τις
1394 1578 1456 1612 θέ-

811 1624 860 1656 λει
885 1621 1069 1666 δυςχεραίν
1072 1636 1125 1656 ειν
1148 1624 1204 1656 καὶ
1232 1626 1457 1665 φιλονεικεῖν,

811 1665 982 1723 ὑπολάβοι
1004 1667 1049 1701 ἄν
1076 1680 1114 1702 σε
1137 1668 1201 1714 τὴν
1223 1667 1459 1727 ἀριθμητικὴν

813 1711 999 1758 ῥητορικὴν
1020 1713 1143 1758 λέγειν,
1169 1713 1288 1759 ἐπειδὴ
1306 1713 1457 1771 κάκείνη

811 1760 892 1802 περὶ
923 1759 1068 1803 λόγους·
1102 1758 1169 1804 ἐγώ
1200 1759 1239 1794 δὲ
1271 1759 1336 1794 οὐκ
1360 1756 1463 1802 οἶμαί

814 1815 853 1837 σε
877 1809 976 1838 τοῦτο
996 1804 1119 1849 λέγειν.

857 1873 1014 1915 Cap.V1.
1029 1874 1066 1905 P.
1081 1871 1158 1906 451.
1177 1871 1258 1906 Ἴθί
1285 1877 1364 1907 νῦν
1387 1876 1456 1907 καὶ

814 1915 865 1950 σὺ
891 1915 968 1960 τὴν
992 1915 1167 1963 α’πόκρ.]
1204 1920 1307 1963 Age,
1336 1931 1459 1962 quum

812 1974 889 2007 ego
929 1964 1014 1996 iam
1053 1968 1239 1996 mentem
1278 1976 1328 1998 ac
1361 1976 1458 1998 sen-

812 2010 992 2042 tentiam
1033 2021 1163 2042 meam
1204 2010 1459 2044 declarave—

811 2055 912 2095 rim,
936 2065 1051 2087 nunc
1074 2059 1120 2088 tu
1144 2065 1316 2098 quoque
1339 2060 1458 2089 tuum

811 2100 881 2132 fac
924 2104 966 2133 et
1008 2100 1188 2133 absolve
1225 2101 1289 2142 id,
1340 2102 1459 2145 quod

811 2147 1103 2188 interrogavi.
1138 2146 1236 2179 Nihil
1251 2147 1287 2180 in
1311 2148 1367 2180 his
1391 2148 1458 2181 sol-

810 2190 1015 2223 licitandum
1053 2202 1095 2224 ac
1134 2192 1282 2225 tenenda
1317 2194 1458 2226 omnino

811 2237 1017 2279 optimorum
1066 2237 1233 2270 librorum
1278 2239 1458 2281 scriptura,

812 2292 916 2324 quam
947 2283 1007 2314 alii
1039 2287 1266 2338 corruperunt
1294 2295 1356 2327 pro
1393 2288 1435 2317 νῦ
1439 2297 1458 2316 ν

810 2331 1015 2382 reponentes
1039 2339 1116 2360 ουν.
1157 2328 1299 2363 Scilicet
1321 2330 1385 2362 hos
1409 2331 1457 2362 of-

811 2373 922 2406 fendit
939 2370 1007 2406 ’Ἱθι
1031 2374 1082 2406 sic
1105 2373 1198 2406 nude
1220 2375 1382 2417 positum.

855 2442 895 2473 B.
942 2439 1011 2473 ὅτι
1043 2445 1125 2474 τῶν
1162 2440 1348 2484 περὶτὰ
1387 2440 1456 2485 ἄρ-

813 2485 878 2519 τιό
889 2498 907 2517 ν
938 2497 978 2518 τε
1003 2488 1072 2519 καὶ
1100 2485 1281 2529 περιττὰ
1295 2500 1313 2519 ν
1339 2487 1456 2532 [γνῶ-

815 2541 834 2563 σ
842 2544 853 2563 ι
863 2543 879 2566 ς
889 2531 900 2575 ]
911 2530 922 2575 ]
959 2532 1118 2575 Intellige
1149 2543 1192 2565 ex
1221 2534 1455 2576 superioribus

812 2575 848 2609 τὸ
875 2589 916 2610 nv
923 2588 982 2619 ρος
1008 2576 1087 2619 ἐχου
1092 2582 1174 2611 σῶν
1221 2579 1381 2622 Ineptum
1405 2584 1458 2612 est

810 2626 951 2666 γνῶσις,
966 2624 1124 2665 quamvis
1135 2624 1173 2657 in
1185 2625 1345 2658 omnibus
1356 2625 1456 2658 libris

809 2671 992 2712 repertum.
