1722 2964
533 119 951 156 PROTAGORAS.
979 120 1023 159 P.
1053 122 1119 158 341
1152 118 1234 155 ST.
1514 115 1598 159 125

164 236 302 284 λεπὸν
326 234 492 282 ἐσθλὸν
509 238 706 294 ἔμμεναι,
726 232 876 293 ὥσπερ
895 230 952 279 ἂν
968 237 1011 280 εἰ
1031 231 1197 293 ἤκουεν
1219 231 1358 280 αὐτοῦ
1373 234 1595 292 λέγοντος,

162 304 231 351 ὅτι
256 306 349 350 ἐστὶ
365 302 504 350 κακὸν
528 301 693 349 ἐσθλὸν
715 307 913 361 ἔμμεναι.
956 300 1090 349 Ἀλλὰ
1111 307 1160 348 τί
1178 309 1278 360 οἴει,
1303 305 1406 360 ἔφη,
1431 303 1594 360 λέγειν,

163 367 199 419 ὦ
224 370 485 431 Σώκρατες,
523 374 786 430 Σιμωνίδην
809 368 918 416 ἄλλο
941 367 970 428 ἢ
991 372 1138 429 τοῦτο,
1171 371 1248 416 καὶ
1276 367 1511 426 ὀνειδίζειν
1533 373 1594 433 τῷ

163 443 395 502 Πιττακῷ,
428 438 495 485 ὅτι
529 437 583 485 τὰ
613 436 807 498 ὀνόματα
839 436 923 484 οὐκ
954 437 1170 496 ἠπίστατο
1202 437 1351 498 ὀρθῶς
1385 442 1592 497 διαιρεῖν,

164 507 241 554 ἅτε
282 509 472 566 Λέσβιος
521 503 586 553 ὧν
625 507 697 552 καὶ
746 508 796 552 ἐν
835 509 966 566 φωνῇ
1007 505 1224 569 βαρβάρῳ
1264 508 1592 566 τεθραμμένος;

158 574 355 630 Ἀκούεις
380 574 459 634 δή,
491 579 607 634 ἔφην
631 572 739 633 ἐγώ,
772 593 807 619 ω
830 573 1135 634 Πρωταγόρα,
1174 578 1406 634 Προδίκου
1436 578 1590 621 τοῦδε·

164 648 278 702 ἔχεις
309 662 352 690 τι
374 643 484 702 πρὸς
513 646 651 689 ταῦτα
682 643 850 701 λέγειν;
898 643 988 688 Καὶ
1012 641 1036 688 ὁ
1060 641 1378 702 Πρωταγόρας,
1410 646 1593 689 Πολλοῦ

163 730 216 769 γε
240 715 334 769 δεῖ,
368 716 479 771 ἔφη,
511 730 651 765 ουτως
676 715 817 769 ἔχειν,
844 704 880 756 ὦ
903 709 1122 768 Πρόδικε
1171 708 1268 756 ἀλλ’
1299 710 1386 769 ἐγώ
1411 705 1462 757 εὖ
1485 709 1593 768 οἷδ’,

164 777 230 825 ὅτι
255 780 330 825 καὶ
355 782 615 838 Σιμωνίδης
637 777 687 824 τὸ
711 776 906 838 χαλεπὸν
930 778 1122 860 §hyssus
1107 778 1216 837 ὅπερ
1233 777 1360 838 ἡμεῖς
1385 799 1426 825 οι
1450 777 1593 836 anot,

163 845 219 893 οὐ
250 846 299 892 τὸ
331 846 491 906 κακόν,
522 844 620 892 αλλ’
656 843 680 892 ὃ
713 866 772 893 αν
800 844 861 905 μὴ
894 841 1102 908 ρᾴδιονῇν
1077 867 1128 907 ῃ,
1162 846 1274 892 αλλὰ
1307 846 1383 893 διὰ
1413 850 1594 894 πολλῶν

163 932 436 974 πραγματων
469 918 685 974 γίγνηται.
705 912 839 961 Ἀλλα
862 917 938 960 καὶ
962 913 1047 974 ἐγω
1071 915 1208 974 οἶμαι,
1234 920 1372 975 ἔφην,
1398 909 1433 961 ὠ
1455 922 1595 975 Πρω-

162 981 350 1041 ταγόρα,
381 985 511 1028 τοῦτο
534 984 682 1041 λέγειν
705 987 993 1042 Σιμωνίδην,
1028 985 1103 1029 καὶ
1126 982 1357 1043 Πρόδικόν
1387 1003 1440 1043 γε
1462 983 1594 1031 τόνδε

252 1114 296 1147 C.
323 1112 365 1148 εἰ
381 1108 572 1158 ἤκουεν]
594 1116 676 1147 Vat.
696 1124 723 1149 t.
743 1112 779 1148 εἰ
792 1109 969 1159 ἤκουσεν.

207 1225 247 1259 C.
289 1220 435 1277 ὥσπερ
473 1239 528 1260 αν
564 1225 606 1260 εἰ
639 1221 843 1286 ἤκουεν]

161 1271 207 1304 H.
242 1282 273 1304 e.
312 1266 436 1314 ω’σπερ
474 1265 524 1306 ἂν
556 1267 764 1316 ἐμέμφετο,
808 1272 843 1306 εἰ

161 1310 317 1358 ἤκουεν.

208 1367 288 1406 ἅτε
328 1371 522 1417 Λέσβιος
570 1386 629 1408 ων
667 1373 747 1408 καὶ
794 1369 841 1409 ἐν

162 1429 271 1459 φων.
296 1417 331 1461 β.
358 1419 481 1462 τεθρ
492 1417 505 1462 ]
544 1419 713 1453 Dialecto
745 1420 839 1453 Aeo-

160 1463 254 1503 lica,
281 1474 353 1506 qua
369 1464 516 1497 illarum
532 1465 722 1508 regionum
737 1466 839 1499 inco-

160 1508 220 1540 lae
238 1508 498 1550 loquebantur,
515 1510 728 1543 melicorum
740 1513 840 1554 prin-

162 1553 262 1595 cipes
294 1553 456 1586 Alcaeus
490 1558 526 1587 et
562 1555 711 1598 Sappho
749 1557 839 1588 scri-

158 1600 313 1640 pserant
335 1609 405 1632 nec
430 1609 511 1632 eam
529 1599 736 1633 Simonides
757 1602 837 1644 ipse

159 1646 379 1686 aspernatus
405 1647 501 1683 erat,
526 1645 575 1680 cf.
593 1656 626 1688 p.
646 1647 775 1680 346D.
793 1647 838 1681 Ε.

158 1688 225 1720 sed
240 1688 418 1721 Prodicus
433 1700 544 1722 unam
558 1690 724 1733 linguam
740 1691 837 1724 Atti-

158 1743 241 1765 cam
258 1743 324 1776 pro
341 1733 487 1767 Graeca
509 1735 642 1777 habet,
676 1746 750 1778 qua
774 1738 838 1779 qui

160 1788 182 1810 a
205 1778 329 1820 pueris
356 1779 474 1811 locuti
501 1783 625 1822 erant,
658 1782 705 1814 iis
736 1782 835 1815 aliae

157 1833 284 1855 omnes
307 1822 464 1856 dialecti
493 1828 640 1867 agreste
665 1826 836 1868 quiddam

159 1871 224 1899 aut
245 1869 479 1911 peregrinum
503 1880 636 1904 sonare
658 1871 837 1905 videban-

157 1916 228 1947 tur.
263 1914 323 1946 Ita
340 1916 381 1945 ut
393 1914 636 1958 iudicaretur,
658 1916 743 1950 inde
760 1928 837 1950 ma-

157 1958 254 1990 xime
280 1958 421 1991 factum
446 1962 517 1998 est,
552 1961 647 2002 quod
674 1962 749 1994 iam
772 1962 836 1996 illo

156 2005 347 2045 tempore·
336 2014 375 2035 ιιι
395 2004 554 2038 Graecia
576 2016 701 2039 omnes
723 2007 837 2040 homi-

156 2058 224 2080 nes
247 2047 346 2081 docti
362 2048 486 2081 Attice
511 2049 774 2093 loquebantur,
797 2056 838 2085 ut

157 2092 255 2145 apud
273 2092 432 2126 Calliam
447 2095 672 2138 Protagoras
690 2100 727 2130 et
742 2097 837 2140 Hip-

157 2139 240 2180 pias
268 2148 341 2170 non
370 2140 491 2172 minus
519 2150 628 2182 quam
656 2142 835 2176 Prodicus

158 2187 196 2215 et
224 2183 398 2216 Socrates
431 2195 476 2218 ea
506 2185 634 2228 lingua
662 2188 721 2220 usi
753 2199 834 2221 esse

156 2227 312 2270 putandi
323 2233 421 2271 sunt,
439 2230 486 2263 cf.
500 2229 686 2265 Steinthal
702 2233 835 2269 Gesch.

157 2272 191 2304 d.
226 2273 464 2316 Sprachwiss.
497 2276 533 2311 b
567 2276 600 2309 d.
634 2277 696 2312 Gr
729 2289 764 2314 ιι.
791 2279 835 2314 R.

202 2386 249 2417 D
291 2377 343 2420 εὖ
364 2381 472 2429 οἷδ’,
505 2399 578 2421 οτι
602 2401 680 2423 και
704 2389 830 2436 Σιμ.]

155 2430 335 2463 Nimirum
354 2431 558 2465 Simonides
579 2434 686 2468 initio
704 2439 835 2469 carmi-

155 2476 232 2517 nis,
258 2486 367 2517 quum
384 2477 525 2510 diceret
547 2471 661 2521 ανδρ’
678 2475 834 2524 ἀγαθὸν

156 2518 343 2564 γενέσθαι
356 2517 535 2574 χαλεπόν,
556 2534 636 2556 eam
648 2527 834 2559 notionem

156 2566 241 2598 voci
258 2563 428 2609 χαλεπόν
451 2568 675 2604 subiecerat
710 2572 832 2612 Quare

157 2609 331 2644 Socrates
355 2623 422 2645 sua
445 2616 574 2654 sponte
600 2614 638 2646 in
654 2615 832 2660 Protago-

158 2664 221 2688 rae
248 2660 392 2698 partem
423 2658 610 2692 transiens
638 2661 717 2694 eius
746 2672 833 2695 cau-

159 2709 239 2732 sam
255 2701 329 2735 alio
346 2707 562 2745 argumento
578 2708 615 2737 et
629 2715 672 2738 eo
686 2707 833 2748 quidem

158 2746 327 2786 graviore
344 2747 523 2782 defendit.

202 2810 254 2833 ον
271 2812 316 2835 το
341 2799 502 2846 κακόν,
530 2799 626 2839 αλλ’
644 2818 662 2840 ο
684 2802 826 2863 αν-]

155 2843 310 2879 Poterat
336 2849 447 2883 etiam
476 2850 600 2884 dicere
628 2851 695 2886 και
719 2864 765 2888 ου
787 2865 829 2888 το

911 1225 1043 1262 κακόν.
1076 1229 1118 1262 Ρ.
1137 1229 1267 1262 3370:
1285 1224 1439 1283 μάλιστ’
1458 1223 1507 1263 ἄν
1525 1242 1591 1264 ου-

911 1286 981 1313 τως
1015 1270 1346 1318 εὐφραινοίμεθα,
1381 1270 1451 1320 οὔχ
1479 1270 1592 1330 ἡδοί-

910 1320 1015 1371 μεθα
1004 1345 1034 1371 ,
1068 1320 1132 1352 ubi
1155 1320 1268 1373 paulo
1297 1323 1404 1354 ante:
1435 1316 1590 1374 μαλιστ’

909 1376 959 1398 αν
976 1357 1095 1404 οὕτως
1112 1384 1157 1388 -
1175 1361 1418 1419 εὖδοκιμοῖτε
1435 1365 1502 1400 καὶ
1520 1362 1590 1401 οὐκ

910 1405 1154 1445 ε’παινοῖσθε.
1199 1410 1373 1443 Ceterum
1394 1406 1492 1445 ἄλλά
1515 1413 1590 1445 exi-

909 1466 981 1498 guo
998 1455 1196 1489 intervallo
1214 1457 1365 1498 saepius
1378 1458 1590 1500 repetitum

909 1505 951 1533 ut
981 1501 1169 1534 Phaedon.
1202 1512 1237 1544 p.
1262 1503 1306 1534 63
1328 1502 1372 1534 E.
1422 1502 1590 1546 SymPOS.

908 1557 943 1588 p.
962 1548 1026 1578 ‘211
1044 1547 1087 1586 Ε,
1105 1546 1220 1580 ubiv.
1240 1549 1365 1580 annot.
1384 1547 1507 1581 Stallb.

949 1585 1073 1624 Ἀλλά
1112 1589 1194 1624 καὶ
1232 1585 1316 1635 ἐγώ
1356 1588 1489 1635 οἶμαι
1518 1592 1587 1639 —-]

906 1636 1088 1669 Petulans
1118 1637 1381 1691 propemodum
1406 1638 1502 1671 haec
1532 1650 1592 1673 so·

904 1681 1112 1734 phistarum
1134 1683 1259 1715 irrisio
1277 1686 1345 1718 est.
1387 1683 1462 1724 Qui
1479 1694 1589 1726 quum

905 1727 944 1758 in
972 1729 1049 1759 suis
1080 1727 1125 1759 de
1152 1728 1348 1760 verborum
1376 1728 1591 1763 differentia

905 1772 1218 1814 disputationibus
1246 1772 1315 1805 illa
1339 1773 1383 1806 de
1398 1775 1589 1809 ,vocabulo

906 1816 1059 1869 δεινοῦ,
1090 1827 1186 1859 quae
1211 1817 1385 1852 Socrates
1408 1829 1589 1853 memora—

904 1863 999 1894 bat'
989 1872 1027 1894 ιιι
1052 1863 1322 1905 superioribus,
1356 1864 1452 1898 serio
1471 1866 1587 1899 tradi-

904 1907 1038 1948 disset,
1086 1911 1220 1959 atque
1227 1908 1319 1941 item
1357 1905 1527 1953 χαλεπόν
1565 1922 1588 1944 a

906 1933 1090 1986 Simonide
1122 1948 1246 1987 κακόν
1282 1954 1358 1987 dici
1395 1965 1441 1988 ex
1473 1957 1587 1989 animi

904 1998 1093 2030 sententia
1113 1998 1354 2039 affirmasset,
1383 2003 1509 2034 tamen
1532 2001 1586 2034 lu-

905 2043 999 2075 sisse
1028 2053 1127 2076 nunc
1152 2043 1289 2077 dieitur
1318 2055 1473 2088 eamque
1502 2057 1587 2080 sen-

904 2089 1061 2120 tentiam
1083 2090 1231 2122 nonnisi
1256 2101 1298 2123 eo
1323 2091 1480 2125 consilio
1502 2103 1585 2135 pro

904 2135 1090 2175 posuisse,
1123 2137 1165 2166 ut
1185 2134 1346 2178 videret,
1380 2147 1428 2169 an
1451 2137 1586 2170 Prota-

905 2189 1014 2221 goras
1054 2189 1158 2212 suam
1191 2181 1403 2223 opinionem
1440 2181 1586 2215 idoneis

905 2226 1131 2281 argumentis
1154 2225 1353 2259 defendere
1370 2230 1506 2278 posset.
1539 2229 1583 2261 In

903 2270 1027 2302 verbis
1044 2267 1114 2303 καὶ
1130 2270 1200 2303 σοῦ
1218 2270 1350 2304 δοκεῖν
1372 2266 1584 2316 αποπειρᾶ-

903 2314 1000 2347 σθαι
1024 2315 1139 2347 facile
1155 2317 1365 2364 quempiam
1387 2317 1585 2352 offenderit

902 2360 1003 2392 istud
1027 2359 1160 2393 δοκεῖν
1181 2364 1266 2403 post
1288 2363 1397 2404 οὶμαι
1419 2362 1579 2396 illatum.

905 2404 978 2437 Sed
1002 2405 1172 2438 similiter
1193 2405 1380 2439 Phaedon.
1404 2419 1438 2450 p.
1464 2409 1509 2441 60
1533 2408 1580 2441 C.

904 2443 1051 2491 ὥσπερ
1074 2441 1157 2483 οὖν
1179 2449 1246 2484 καὶ
1269 2446 1374 2503 αὐτῷ
1398 2464 1463 2496 μοι
1489 2450 1583 2486 ἔοι-

900 2505 982 2528 κεν
1009 2513 1072 2537 —‚
1106 2488 1218 2537 ἥκειν
1247 2492 1297 2540 δὴ
1329 2490 1578 2540 φαίνεται,

900 2541 966 2573 ubi
998 2551 1032 2573 v.
1067 2543 1193 2573 annot.
1223 2541 1369 2576 Phileb.
1401 2554 1436 2585 p.
1460 2546 1503 2576 32
1532 2543 1583 2575 C·

902 2580 944 2619 ἐν
975 2597 1049 2635 γαρ
1087 2580 1238 2625 τούτοις
1270 2584 1421 2639 οἶμαι,
1462 2583 1582 2621 κατά

901 2641 951 2683 γε
975 2642 1070 2683 την
1083 2625 1198 2684 ἐμὴν
1227 2627 1392 2675 δόξαν,
1425 2630 1581 2686 εἰλικρι-

900 2673 982 2708 νέσι
997 2686 1036 2708 τε
1050 2669 1243 2733 ἕκατεροις
1256 2676 1511 2721 γιγνομένοις,
1526 2674 1582 2718 ὡς

901 2719 983 2753 δοκ
994 2723 1051 2762 εἴ,
1074 2719 1141 2754 καὶ
1156 2718 1332 2764 ἀμίκτοις
1347 2741 1393 2746 —-
1408 2718 1581 2766 ἐμφανὲς

901 2745 1072 2798 ἔσεσθαι.
1106 2767 1234 2809 Neque
1259 2772 1468 2811 corruptum
1489 2772 1578 2812 puto

898 2811 1021 2843 locum
1027 2812 1208 2866 Lysiae
1234 2812 1338 2845 Orat.
1361 2815 1425 2854 30,
1449 2816 1486 2847 9.
1521 2811 1574 2848 ἔτι

900 2853 964 2899 δέ,
1003 2852 1130 2899 οἶμαι,
1169 2853 1403 2900 θαυμαστὸν
1439 2859 1577 2903 νομίζω
