1722 2964
0 0 964 74 Effiqffissssssffissfwreffz*ffff1sssv<sssssssssrfrfr'..‘*³2·ff·

43 37 49 45 r
156 46 157 49 Ἰ
205 39 218 51 -2
255 36 258 46 ῑ
283 38 291 46 ν,
394 39 395 42 ’
549 46 564 55 Α.
740 38 742 40 '

507 124 932 163 PROTAGonAs
973 106 1239 163 Rsae.s1

1520 118 1603 161 113

168 241 570 304 μεταλαμβάνοντα
585 239 697 300 αὐτῇ
713 241 769 298 τῇ
786 243 986 299 διανοίᾳ,
1009 237 1204 295 ’ἥδεσθαι
1221 236 1272 282 δὲ
1293 233 1505 283 ἐσθίοντά
1519 254 1561 282 τι
1576 232 1604 294 ἢ

172 311 285 358 ἄλλο
308 309 397 369 ἡδὺ
420 309 647 368 πάσχοντα
669 304 789 369 αὐτῷ
807 310 869 369 τῷ
893 304 1075 365 σώματι.
1125 307 1273 353 Ταῦτα
1296 297 1379 351 οὖν
1403 302 1604 358 εἰπόντος

177 383 257 427 τοῦ
290 382 543 437 Προδίκου,
579 377 734 424 πολλοὶ
769 374 891 421 πάνυ
925 377 1016 421 τῶν
1052 372 1288 432 παρόντων
1317 371 1602 426 ἀπεδέξαντο.

281 445 384 506 Cap.
411 444 575 492 XXIV.
623 442 753 491 Μετὰ
786 443 836 489 δὲ
865 440 944 489 τὸν
974 441 1203 502 Πρόδικον
1218 439 1391 495 Ἱππίας
1412 438 1438 486 ὁ
1467 437 1605 498 σοφὸς

179 515 324 574 εἶπεν,
337 509 391 562 Ὦ
409 513 586 573 ἄνδρες,
610 515 714 571 ἔφη,
737 513 784 557 οἱ
798 509 1030 570 παρόντες,
1053 508 1245 569 ἡγοῦμαι
1264 508 1350 568 ἐγὼ
1368 506 1482 567 ἡμᾶς
1495 522 1608 566 συγ-

178 595 324 642 γενεῖς
355 602 404 629 τε
434 583 511 628 καὶ
540 584 732 634 οἰκείους
763 580 839 625 καὶ
870 582 1053 632 πολίτας
1085 577 1283 632 ἅπαντας
1316 576 1432 623 εἶναι
1454 574 1606 635 φύσει,

175 650 230 697 οὗ
257 650 400 713 νόμῳ·
425 649 475 696 τὸ
499 648 584 709 γὰρ
607 646 760 707 ὅμοιον
781 649 843 709 τῷ
867 644 1006 708 ὁμοίῳ
1022 644 1158 705 φύσει
1183 647 1396 703 συγγενές
1420 647 1557 702 ἐστιν,
1580 640 1605 689 ὁ
1627 656 1662 690 D

174 719 229 764 δὲ
253 717 410 777 νόμος,
435 716 654 777 τύραννος
678 712 743 762 ἄν
773 716 864 761 τῶν
895 712 1176 774 ἀνθρώπων,
1209 711 1352 760 πολλὰ
1374 711 1494 771 παρὰ
1523 710 1607 770 τὴν

175 785 321 844 φύσιν
354 784 560 844 βιάζεται.

631 782 747 843 ἡμᾶς
779 776 863 830 οὖν
894 780 1082 842 αἰσχρὸν
1120 781 1204 840 τὴν
1234 781 1316 840 μὲν
1347 779 1488 839 φύσιν
1517 781 1608 826 τῶν

175 853 449 913 πραγμάτων
472 854 656 910 εἰδέναι,
689 849 974 910 σοφωτάτους
1009 850 1058 896 δὲ
1089 848 1220 903 ὄντας
1251 851 1341 895 τῶν
1366 846 1607 906 Ἑλλήνων,

175 923 251 967 καὶ
267 920 362 967 κατ’
385 920 492 967 αὐτὸ
507 923 636 967 τοῦτο
653 922 740 966 νῦν
764 917 1126 978 συνεληλυθότας
1149 919 1227 976 τῆς
1243 936 1291 963 τε
1308 914 1519 969 Ἑλλάδος
1545 919 1608 970 εἰς

265 1074 356 1118 Cap.
381 1075 515 1109 XXIV.
545 1076 588 1109 P.
612 1076 690 1108 337.
717 1074 759 1107 C.
792 1068 1006 1116 ἠγοῦμαι
1043 1067 1126 1116 ἐγὼ
1160 1067 1284 1115 ἡμᾶς
1315 1069 1460 1114 συγγ]
1502 1071 1610 1104 Libri

175 1131 301 1154 omnes
326 1116 443 1163 ὑμᾶς,
469 1119 566 1162 quod
589 1119 783 1152 Bekkerus
807 1118 853 1151 de
879 1119 1096 1151 coniectura
1118 1116 1310 1150 Heindorfi
1333 1119 1433 1149 reete
1450 1116 1609 1149 mutavit

176 1166 215 1198 in
240 1161 355 1209 ἡμᾶς.
382 1166 464 1198 Non
482 1166 579 1197 enim
594 1165 755 1218 Hippias
772 1174 811 1196 se
832 1174 853 1196 a
871 1164 1006 1196 ceteris
1030 1165 1217 1206 segregat,
1241 1165 1282 1194 ut
1305 1162 1471 1204 proxima
1494 1161 1609 1194 verba

174 1206 278 1253 ἡμᾶς
300 1202 374 1243 οὖν
398 1205 557 1253 αἰσχρὸν
579 1219 656 1243 κτε.
674 1210 843 1252 probant.
875 1208 984 1251 ang.
1010 1203 1111 1251 ’ὑμᾶς
1137 1210 1335 1241 tenuerunt
1351 1206 1485 1240 Stallb.
1501 1206 1608 1239 Turi-

179 1265 278 1288 cens.
297 1255 421 1290 Herm.
438 1254 639 1288 Deuschle.

174 1365 240 1400 καὶ
259 1364 395 1408 τέρψιν
410 1361 744 1409 καὶεῦφροσύνην·
765 1365 857 1399 ταῦ-

175 1424 221 1444 τα
254 1407 326 1455 γὰρ
357 1406 484 1445 πάντα
515 1411 585 1445 τοῦ
618 1407 754 1453 αὐτοῦ,
787 1411 856 1454 τῆς

174 1452 338 1500 ἡδονῆς,
356 1451 529 1499 ὀνόματά
545 1452 636 1490 ἔστι.

222 1502 264 1534 C.
319 1496 534 1540 εἰπόντος
577 1501 656 1535 τοῦ
698 1502 779 1544 Πρ.
812 1519 858 1525 ——

175 1541 200 1579 οἷ
209 1558 237 1579 π
246 1557 262 1579 ε
272 1544 322 1579 δέ
333 1545 385 1588 §a
395 1545 489 1590 ντο]
507 1547 557 1579 H.
568 1557 599 1580 e.
618 1547 858 1580 vehementer

174 1592 495 1634 probaverunt.

219 1636 308 1679 Cap.
330 1637 463 1670 XXIV.
505 1631 708 1680 ἡγοῦμαι
743 1661 751 1670 .
772 1661 782 1670 .
813 1631 858 1679 ἡ·

173 1680 262 1724 μᾶς
301 1685 548 1724 συγγενεῖς
594 1693 626 1715 τ.
672 1694 707 1715 κ.
748 1678 854 1724 οἰκ.]

174 1725 264 1758 Cum
304 1736 429 1758 omnes
470 1728 531 1768 qui
569 1727 666 1769 apud
698 1726 858 1759 Calliam

171 1771 433 1811 versabantur,
477 1772 611 1804 Graeci
645 1775 785 1807 essent,
818 1774 859 1803 ut

174 1826 401 1848 communem
439 1816 622 1849 haberent
668 1817 857 1859 originem.

173 1860 359 1903 linguam,
382 1860 583 1902 solemnia,
606 1862 645 1893 in
662 1861 718 1894 his
734 1862 859 1895 verbis

174 1906 298 1938 civilis
330 1907 602 1939 coniunctionis
634 1906 858 1939 Graecorum

172 1950 396 1984 desiderium
419 1951 569 1993 aliquod
583 1950 704 1984 videri
718 1955 858 1995 posset⁷

173 1996 247 2028 nisi
264 1996 432 2039 sophista
444 1997 525 2038 ipse
545 1997 591 2029 ab
607 2007 651 2029 ea
669 1997 858 2029 sententia

173 2041 284 2083 longe
302 2051 342 2074 se
367 2042 500 2074 abesse
524 2041 653 2074 statim
674 2042 857 2084 proderet.

174 2085 303 2118 Simile
334 2087 430 2118 enim
460 2085 573 2118 simili
600 2089 757 2120 naturae
773 2086 858 2130 lege

175 2135 371 2173 cognatum
391 2141 473 2164 esse
486 2131 586 2172 vult3
609 2135 649 2164 at
666 2142 760 2174 quae
779 2135 861 2165 erat

175 2185 299 2208 eorum
309 2177 368 2218 qui
377 2176 532 2209 aderant
541 2176 630 2209 talis
636 2176 840 2210 similitudo
850 2178 859 2209 ἵ

174 2220 376 2262 Aliquanto
408 2222 532 2254 verius
569 2221 699 2264 illique
733 2223 858 2255 coetui

176 2267 298 2308 aptius
315 2265 636 2300 dicerelicuitvffiv
653 2261 857 2311 εὐτυχούν-

175 2321 251 2343 των
278 2305 418 2349 πάντες
446 2308 520 2344 εἰσὶ
535 2315 732 2355 συγγενεῖς
764 2312 858 2354 (Me-

173 2355 303 2387 nandr.
337 2355 437 2388 Sent.
470 2355 571 2397 510);
610 2358 659 2389 cf.
697 2358 786 2400 Lys.
819 2369 854 2401 p.

220 2439 434 2483 ἅπαντας
466 2439 592 2478 εἶναι
618 2441 778 2489 φύσει,
802 2441 856 2480 οὗ

175 2485 317 2533 νόμῳ]
352 2491 408 2522 De
426 2490 657 2530 discrimine,
681 2492 777 2533 quod
798 2502 856 2525 so-

174 2534 323 2577 phistae
347 2536 444 2567 inter
476 2535 595 2577 legem
626 2538 664 2568 et
685 2539 856 2570 naturam

175 2580 344 2614 obtinere
368 2581 605 2621 statuebant,
637 2591 672 2614 v.
689 2591 784 2623 quae
809 2582 856 2614 ad

177 2623 285 2668 Gorg.
302 2625 452 2668 p.484B
471 2626 739 2659 annotavimus.
759 2627 855 2662 conf.

175 2668 291 2712 Legg.
306 2671 350 2703 X.
368 2681 405 2713 p.
420 2671 486 2704 889
504 2671 547 2703 E.
565 2670 720 2704 Theaet.
737 2682 772 2714 p.
790 2673 855 2705 172

175 2713 220 2748 Β.
237 2715 435 2758 Xenoph.
451 2715 561 2748 Mem.
580 2717 644 2756 IV,
661 2718 694 2757 4,
713 2718 767 2751 14.
791 2717 854 2749 Al-

175 2757 313 2792 luditur
343 2761 456 2792 etiam
481 2760 542 2792 hie
565 2760 611 2793 ad
632 2761 855 2794 versiculum

177 2802 348 2855 Pindari:
365 2800 498 2847 Νόμος
515 2801 534 2838 ὁ
553 2800 709 2839 πάντων
726 2805 854 2849 βασι-

174 2848 278 2888 λευς
305 2849 463 2883 θνατῶν
491 2861 531 2883 τε
559 2849 624 2883 καὶ
643 2845 854 2885 ἀθανάτων

244 2914 351 2941 PLA‘r,
377 2916 483 2941 Prior.

925 1359 1011 1409 ἄγει
1025 1364 1189 1398 δικαιῶν
1201 1359 1244 1397 τὸ
1257 1359 1484 1407 βιαιότατον
1494 1358 1611 1407 ὑπερ-

926 1406 1024 1452 τοὶτα
1041 1410 1139 1453 χερί·
1164 1409 1418 1452 τεκμαίρομαι
1442 1406 1610 1453 ἔργοισιν

919 1451 1142 1498 Ἡρακλέος.
1175 1455 1373 1489 Boeekh.
1397 1455 1443 1487 ad
1458 1456 1608 1498 Fragm.

925 1501 1075 1534 Pindar.
1107 1500 1150 1532 Τ.
1174 1499 1224 1534 ΙΙ.
1256 1511 1291 1543 p.
1317 1501 1384 1533 640
1400 1510 1454 1543 sq.
1487 1499 1608 1533 Stallb.

927 1545 1036 1578 Conf.
1060 1545 1238 1578 Herodot.
1262 1544 1333 1579 111.
1356 1546 1419 1578 38:
1458 1539 1608 1587 ὄρθ’ὧς

926 1601 991 1634 μοι
1008 1588 1137 1623 δοκέει
1155 1588 1354 1632 Πίνδαρος
1368 1589 1529 1632 ποιῆσαι
1547 1585 1610 1624 νό-

926 1647 999 1679 μον
1025 1630 1182 1668 πάντων
1213 1633 1376 1677 βασιλέα
1405 1631 1534 1678 φήσας
1557 1631 1610 1668 εἷ-

926 1692 1005 1714 ναι.
1027 1680 1181 1713 Pindari
1194 1681 1293 1721 voci,
1311 1680 1356 1713 de
1374 1691 1446 1722 qua
1461 1680 1611 1713 subtili-

927 1730 984 1759 ter
1021 1726 1226 1768 disputavit
1256 1725 1444 1759 Steinthal
1475 1725 1610 1759 Gesch.

927 1771 960 1802 d.
985 1770 1226 1813 Spraehwiss.
1256 1770 1294 1802 b.
1327 1770 1362 1802 d.
1393 1770 1543 1805 Griech.
1575 1781 1611 1805 n.

927 1816 1087 1848 Romern
1110 1826 1145 1858 p.
1164 1816 1210 1848 68
1225 1825 1280 1857 sq.
1292 1841 1302 1857 ,
1325 1815 1361 1848 ei
1376 1815 1491 1858 igitur
1513 1815 1611 1848 haud

930 1861 1101 1894 absimile
1146 1863 1203 1893 est
1233 1860 1478 1902 Talleyrandi
1518 1860 1612 1893 illud

928 1905 996 1938 ‘Oe
1015 1916 1084 1948 que
1102 1905 1139 1938 la
1152 1905 1332 1948 politique
1350 1905 1551 1948 conseille,
1575 1905 1611 1940 la

923 1951 1061 1992 justice
1078 1951 1299 1986 l'autorise’.

971 1996 1021 2028 D.
1067 1995 1149 2047 τῆς
1193 2006 1240 2029 τε
1281 1989 1502 2034 Ἑλλάδος
1544 1992 1611 2034 εἰς

928 2035 1046 2074 αὐτὸ
1079 2051 1129 2073 το
1171 2039 1478 2084 πρυτανεῖον]
1517 2041 1611 2084 Hip-

927 2087 1022 2129 pias,
1039 2086 1146 2119 homo
1162 2087 1352 2129 sapientia
1373 2095 1440 2118 sua
1457 2085 1610 2119 mirifice

928 2131 1078 2164 inflatus
1102 2131 1291 2174 sophistas
1315 2131 1512 2174 praedicat
1528 2135 1610 2164 tan-

929 2187 1037 2219 quam
1054 2178 1213 2209 omnium
1223 2177 1449 2210 Graecorum
1462 2177 1611 2219 sapien-

928 2223 1092 2255 tissimos
1104 2247 1112 2262 ‚
1146 2232 1262 2264 eaque
1303 2223 1386 2264 ipsa
1418 2221 1463 2253 de
1496 2231 1610 2254 eausa

928 2261 1029 2308 (κατ’
1055 2262 1150 2299 αὐτὸ
1176 2266 1305 2307 τοῦτο)
1332 2277 1371 2298 se
1388 2266 1611 2299 familiares·

926 2323 995 2355 que
1029 2323 1114 2345 suos
1130 2312 1223 2344 dicit
1250 2314 1287 2343 in
1311 2312 1410 2343 hanc
1427 2312 1535 2353 quasi
1552 2322 1609 2345 sa-

925 2368 1026 2390 cram
1051 2357 1176 2390 sedem
1200 2358 1335 2388 artium
1361 2367 1404 2389 ac
1421 2356 1610 2389 doetrina-

924 2413 1014 2442 rum,
1046 2403 1083 2435 h.
1109 2413 1142 2434 e.
1170 2401 1355 2442 Athenas,
1390 2403 1608 2435 convenisse

925 2450 1036 2490 atque
1068 2448 1107 2479 in
1135 2446 1242 2479 huius
1272 2447 1389 2489 ipsius
1418 2447 1520 2480 urbis
1546 2447 1608 2479 flo-

922 2492 1136 2524 rentissima
1173 2492 1466 2535 beatissimaque
1503 2491 1609 2525 domo

925 2537 1155 2570 commorari.
1203 2537 1436 2579 Prytanea
1460 2537 1610 2570 fuerunt

925 2581 1099 2615 aedificia
1122 2582 1263 2615 Vestae
1287 2593 1413 2623 saera,
1443 2582 1483 2614 in
1507 2582 1609 2614 ouius

923 2627 1098 2660 honorem
1130 2630 1329 2670 perpetuus
1356 2628 1410 2660 ibi
1437 2627 1535 2669 ignis
1553 2627 1608 2659 fo·

923 2673 1092 2705 vehatur.
1134 2672 1354 2705 Huiusmodi
1369 2675 1549 2715 prytanea
1568 2672 1607 2704 in

924 2717 1091 2749 omnibus
1113 2717 1296 2750 Graeciae
1319 2717 1470 2750 urbibus
1489 2721 1606 2751 erant.

922 2772 957 2795 v.
993 2762 1020 2793 O
1033 2763 1248 2797 asaubon.
1282 2762 1329 2795 ad
1359 2761 1492 2794 Athen.
1527 2762 1605 2795 XV.

922 2818 964 2857 p.¹
977 2808 1042 2839 700
1057 2807 1103 2841 D.
1130 2806 1249 2841 Stallb.
1267 2807 1400 2841 Athen.
1419 2818 1454 2850 p.
1474 2807 1584 2840 1871)
1601 2818 1608 2839 :

925 2863 995 2894 την
1030 2846 1243 2895 Ἀθηναίων
1281 2847 1413 2894 πόλιν,
1453 2847 1496 2885 τὸ
1537 2851 1604 2895 τῆς

1321 2906 1348 2948 8
