1690 2892
238 186 315 222 248
780 182 1036 222 PLATONIS

241 288 348 344 ἔχων
375 292 534 342 ληρεῖς,
564 289 636 331 ἴνα
663 289 796 343 εἰδῇς,
824 289 881 338 ὥς
907 290 1041 342 σοφὸς
1068 290 1129 330 ὢν
1155 302 1205 343 με
1230 292 1461 338 νουθετεῖς.
1489 289 1566 342 οὐχ

172 357 211 400 Β
241 354 327 408 ἅμα
349 354 487 400 διψῶν
506 367 549 394 τε
578 351 749 402 ἕκαστος
773 353 895 408 ἡμῶν
921 351 1128 396 πέπαυται
1154 352 1225 395 καὶ
1250 352 1337 406 ἅμα
1362 354 1567 407 ἡδόμενος

241 418 310 460 διὰ
348 424 426 459 τοῦ
465 418 625 467 πίνειν,·
677 419 812 459 ΚΑΛ.
853 418 943 459 Οὐκ
982 415 1078 460 οἶδα
1116 418 1139 459 ὅ
1175 433 1215 459 τι
1241 416 1384 470 λέγεις.
1441 419 1479 459 Γ
1480 419 1565 459 ΟΡ.

243 482 463 536 Μηδαμῶς
478 512 490 531 ,
537 476 571 523 ὦ
609 482 875 533 Καλλίκλεις,
925 479 1012 524 ἀλλ’
1058 482 1292 534 ἀποκρίνου
1335 480 1406 523 καὶ
1447 480 1567 534 ἡμῶν

241 545 387 595 ἕνεκα,
425 546 497 587 ἵνα
534 549 802 599 περανθῶσιν
829 546 872 588 οἱ
896 547 1026 600 λόγοι.
1086 548 1224 588 ΚΑΛ.
1258 541 1368 587 Ἀλλ’
1396 545 1458 586 ἀεὶ
1485 559 1567 586 τοι·

242 611 367 659 οὗτός
405 608 490 651 ἐστι
528 611 775 665 Σωκράτης,
825 605 859 652 ὦ
897 610 1076 664 Γοργία·
1124 609 1276 664 σμικρὰ
1313 609 1384 651 καὶ
1419 609 1566 662 ὀλίγου

240 675 335 725 ἄξια
354 675 545 728 ἀνερωτᾷ
561 674 631 716 καὶ
653 673 861 729 ἐξελέγχει.
910 677 1034 717 ΓΟΡ.
1058 671 1189 716 Ἀλλὰ
1211 674 1251 716 τί
1271 674 1337 716 σοὶ
1358 671 1566 727 διαφέρεις

242 740 410 788 πάντως
437 739 490 781 οὐ
518 739 570 794 σὴ
599 738 703 793 αὕτη
730 739 758 793 ἦ
784 741 894 794 τιμή,
925 734 958 781 ὦ
984 741 1248 787 Καλλίκλεις·
1277 739 1364 780 ἀλλ’
1390 738 1568 792 ὑπόσχες

177 808 213 853 G
243 804 462 857 Σωκράτει
500 802 700 858 ἐξελέγξαι
738 803 850 853 ὅπως
877 803 931 844 ἂν
958 804 1173 857 βούληται.
1230 804 1366 845 ΚΑΛ.
1400 799 1569 855 Ἐρώτα

241 869 294 922 δὴ
335 867 389 910 σὺ
427 866 479 909 τὰ
519 869 671 922 σμικρά
710 882 752 910 τε
780 867 850 910 καὶ
878 867 1002 909 στενὰ
1028 874 1179 918 ταῦτα,
1218 865 1382 921 ἐπείπερ
1410 868 1569 922 Γοργίᾳ

241 933 360 975 δοκεῖ
383 931 528 981 οὕτως.

308 1053 347 1085 Β.
396 1051 556 1095 σμικρὰ
579 1054 647 1085 καὶ
672 1051 752 1095 ὀλ.]
785 1053 979 1095 Stephanus
1002 1050 1121 1095 μικρά,
1154 1062 1220 1096 quo
1244 1051 1338 1085 codd.
1362 1056 1479 1085 carent
1500 1052 1570 1084 fere

243 1108 370 1131 01111168.

309 1162 501 1206 ὑπόσχες
528 1161 765 1207 Σωκράτει]
797 1163 854 1195 Sic
877 1161 1094 1196 Chrijat.
1119 1162 1223 1196 Coisl.
1247 1163 1332 1195 Ven.
1359 1162 1436 1197 ΞΣ.
1467 1161 1571 1194 vind.

243 1209 273 1242 1.
297 1208 329 1242 2.
353 1208 384 1242 6.
421 1209 498 1241 Par.
530 1208 720 1241 BCIVW.
760 1207 855 1241 Bodl.
887 1208 978 1241 Flor.
1007 1218 1037 1242 a.
1069 1208 1102 1240 b.
1132 1217 1160 1242 c.
1193 1206 1223 1239 d.
1252 1218 1297 1239 m.
1325 1217 1356 1239 ο.
1378 1217 1413 1240 x.
1459 1206 1571 1250 Vulgo

245 1251 422 1296 Σωκράτη.

314 1320 352 1353 C.
399 1319 521 1352 δοκεῖ
547 1318 693 1353 οὕτως.
742 1317 820 1352 ΣΩ.
859 1316 1105 1358 Εὐδαίμων
1135 1317 1199 1362 -]
1237 1317 1344 1351 Codd.
1372 1327 1442 1350 non
1470 1317 1571 1360 pauci

244 1376 320 1399 cum
342 1364 422 1398 edit.
445 1365 525 1398 Bas.
547 1362 578 1398 2.
603 1363 708 1397 δοκεῖ.
756 1363 787 1396 Σ
795 1361 834 1396 Ω.
873 1361 989 1398 Οὕτως
1012 1360 1196 1403 εὐδαίμων.

245 1485 265 1518 ὅ
296 1499 323 1519 τι
355 1487 441 1528 ἔχων
476 1487 592 1528 ληρεῖς
627 1484 731 1518 scribi
764 1485 875 1517 iussit.

244 1531 447 1565 Turicenses
485 1531 603 1563 eadem
639 1534 676 1562 ut
718 1534 876 1572 suspecta

244 1577 343 1609 uncis
366 1576 590 1608 incluserunt.
629 1574 666 1609 C.
690 1575 754 1607 Fr.
776 1575 875 1606 Her-

244 1631 425 1653 mannus
470 1620 531 1652 illa
578 1619 659 1652 hinc
698 1620 733 1651 in
770 1618 875 1651 alium

244 1666 359 1698 locum
397 1665 587 1703 transtulit;
630 1663 743 1707 posuit
785 1664 875 1695 enirn

244 1721 286 1743 ea
322 1714 398 1753 post
433 1707 504 1742 Οὐκ
537 1704 618 1742 οἶδα
654 1707 673 1741 ὅ
703 1720 731 1740 τι
761 1707 876 1750 λέγεις.

245 1754 636 1787 Winckelmannus
666 1753 810 1794 denique
834 1752 877 1784 ad

245 1799 449 1842 Euthydem.
483 1809 516 1841 p.
539 1797 631 1839 100.,
668 1802 708 1830 ut
736 1798 877 1830 offensio

246 1845 356 1877 omnis
386 1848 632 1883 removeretur,
673 1842 777 1875 verba
809 1840 877 1874 Καὶ

247 1887 377 1930 πρόϊθι·
397 1899 436 1932 γε
457 1898 565 1930 usque
587 1888 631 1920 ad
654 1885 705 1920 ὥν
727 1898 768 1926 με
798 1897 877 1918 νου-

246 1935 362 1968 θετεῖς
408 1932 545 1966 Callicli
598 1931 778 1965 tribuenda
829 1931 879 1963 iu-

246 1978 385 2011 dicavit.
459 1978 556 2010 Haec
607 1987 688 2010 vero
737 1975 880 2008 consilia

247 2023 363 2055 omnia
408 2032 512 2064 quum
549 2020 605 2054 vel
644 2021 809 2054 calidiora
846 2026 880 2053 et

247 2067 431 2101 audaciora
454 2067 510 2100 vel
532 2066 671 2099 inutilia
693 2066 773 2105 sint,
806 2069 878 2097 tum

247 2112 335 2144 nihil
387 2111 516 2144 habent
559 2109 877 2144 verisimilitudinis.

247 2157 319 2190 Nec
356 2167 437 2189 vero
468 2155 652 2198 quidquam
679 2153 879 2188 mutandum

247 2206 415 2244 putamus.
462 2202 575 2241 Quum
608 2201 698 2233 enim
725 2199 880 2232 Socrates

248 2246 388 2279 Callicli
401 2246 665 2288 exprobraverit,
681 2244 771 2287 quod
785 2241 878 2276 ἀκκί-

249 2292 340 2333 ζεται
395 2291 598 2332 simuletque
642 2289 880 2333 ignorantiam,

247 2341 320 2368 tum
364 2335 432 2368 huc
468 2335 652 2377 respiciens
686 2335 734 2367 ita
771 2333 882 2376 pergit

248 2380 377 2413 dicere:
418 2380 471 2412 Et
509 2379 775 2423 progredere
811 2377 881 2411 ad—

247 2425 332 2457 huc
370 2424 572 2467 longius,
612 2422 881 2467 quandoqui-

249 2469 339 2503 dem
357 2473 537 2512 apparet
550 2473 587 2501 te
603 2479 739 2511 nugas
758 2477 881 2510 agere

250 2515 388 2556 (quippe
427 2523 532 2555 quum
574 2518 634 2546 tua
670 2512 882 2556 ignorantiae

251 2557 422 2591 simulatio
445 2568 556 2591 merae
579 2568 691 2600 nugae
714 2558 816 2598 sint),
838 2560 883 2589 ut

251 2602 508 2645 intelligas,
556 2613 681 2644 quam
738 2607 781 2634 tu
820 2602 881 2634 sis

251 2648 446 2691 sapiens,
477 2647 548 2690 qni
571 2657 631 2679 me
654 2645 883 2689 reprehen—

251 2693 327 2726 dis.
363 2691 478 2726 Verba
493 2689 618 2733 πρόϊθι
635 2691 687 2726 εἰς
705 2691 739 2723 τὸ
757 2691 882 2732 ἔμπρο-

946 1485 1034 1516 σθεν
1062 1488 1152 1517 recte
1181 1485 1420 1526 interpretatur
1449 1484 1573 1517 Hein-

943 1529 1128 1561 dorfius:
1181 1528 1442 1571 progredere
1488 1529 1574 1562 lon-

942 1574 1039 1617 gius
1077 1573 1122 1605 in
1161 1572 1444 1615 disputando,
1486 1584 1574 1606 com-

942 1627 1067 1661 parans
1100 1617 1206 1661 Legg.
1237 1617 1333 1651 VIII.
1362 1628 1393 1660 p.
1424 1616 1500 1651 842.
1531 1620 1574 1650 A.

943 1663 1091 1703 Sophist.
1120 1672 1151 1705 p.
1182 1660 1258 1695 261.
1283 1663 1323 1694 Β.
1357 1663 1513 1704 Sympos.
1541 1674 1574 1704 p.

944 1706 1020 1742 174.
1050 1708 1090 1739 Β.
1151 1707 1204 1739 De
1238 1706 1325 1748 ἔχων
1359 1708 1472 1748 ληρεῖς
1506 1706 1573 1739 vid.

943 1751 1165 1785 Ruhnken.
1203 1750 1246 1784 ad
1278 1751 1407 1783 Timae.
1442 1762 1474 1793 p.
1498 1750 1574 1783 258.

944 1797 1169 1829 Hermann.
1209 1795 1252 1828 ad
1288 1796 1401 1839 Viget.
1434 1806 1468 1838 p.
1500 1794 1574 1829 777.

944 1852 977 1874 n.
1001 1839 1077 1874 228.
1112 1840 1339 1873 Matthiae.
1362 1840 1421 1872 Gr.
1445 1840 1475 1880 5.
1498 1839 1575 1874 567.

945 1890 1031 1919 extr.
1063 1885 1159 1918 Istud
1174 1882 1220 1920 ὥς
1239 1883 1349 1925 σοφὸς
1364 1882 1415 1917 ὤν
1430 1895 1471 1924 με
1497 1896 1575 1917 νου-

945 1932 1060 1964 &erote
1096 1935 1189 1972 patet
1225 1929 1354 1962 dictum
1390 1939 1464 1962 esse
1498 1939 1577 1962 cum

945 1974 1070 2008 acerba
1090 1975 1257 2014 irrisione,
1286 1978 1326 2006 ut
1346 1978 1579 2016 retorqueatur

946 2020 1101 2062 superior
1113 2018 1269 2052 Calliclis
1285 2019 1485 2060 criminatio,
1506 2029 1576 2061 qua

947 2066 1121 2098 Socratem
1167 2066 1227 2096 τοῦ
1273 2064 1482 2104 σοφίζεσθαι
1527 2064 1577 2096 in·

946 2109 1176 2142 simulaverat.

991 2198 1030 2230 B.
1079 2195 1165 2230 Οὖκ
1198 2192 1298 2229 οἶδα
1321 2193 1341 2228 ὅ
1364 2208 1397 2229 τι
1420 2195 1577 2240 λέγεις]

948 2243 1036 2275 Cum
1049 2242 1284 2285 indignatione
1296 2251 1336 2273 ac
1358 2240 1470 2274 taedio
1492 2242 1577 2274 haec

948 2286 1110 2320 Callicles
1141 2286 1355 2329 pronuntiat,
1387 2291 1426 2318 ut
1453 2296 1577 2318 sermo-

946 2342 1024 2364 nem
1047 2333 1247 2373 abrumpere
1274 2340 1339 2363 neo
1361 2330 1507 2373 amplius
1528 2340 1578 2363 re-

947 2375 1112 2419 spondere
1135 2375 1224 2408 velle
1247 2375 1412 2408 videatur.
1456 2375 1487 2407 A
1509 2385 1577 2416 quo

947 2421 1091 2454 consilio
1119 2430 1196 2453 eum
1218 2420 1412 2453 dehortatur
1433 2418 1504 2452 Gor
1529 2420 1579 2452 ’as

947 2466 1076 2499 verbis:
1116 2464 1293 2507 Μηδαμῶς
1320 2481 1365 2489 -
1393 2460 1461 2496 ἀλλ’
1518 2475 1578 2496 πο-

949 2512 1072 2552 κρίνου
1098 2522 1127 2542 κ.
1153 2522 1177 2542 t.
1201 2510 1228 2542 l..
1262 2509 1383 2551 ltaque
1405 2507 1449 2540 ad
1471 2507 1578 2550 μηδα-

948 2558 1019 2595 μῶς
1051 2553 1310 2598 intelligendum
1339 2563 1411 2585 esse
1441 2557 1581 2595 apparet

950 2602 1048 2632 τοῦτο
1080 2603 1169 2632 ποίει
1191 2603 1251 2632 aut
1272 2597 1383 2631 simile
1407 2597 1578 2639 quiddam.

948 2643 1093 2677 Phaedr.
1128 2654 1159 2686 p.
1194 2641 1271 2677 234-
1300 2642 1347 2675 E:
1390 2641 1578 2684 Μηδαμῶς,

949 2683 976 2722 ὥ
1014 2688 1213 2728 Σώκρατες,
1255 2683 1324 2720 ἀλλ’
1360 2684 1406 2721 αἱς
1440 2684 1579 2729 ἀληθῶς
