1702 2924
273 214 348 250 126
811 212 1069 252 PLATONIS

269 318 422 366 ἀδίκως
458 320 640 371 χρῆσθαι
675 324 726 372 τῇ
754 317 954 373 ῥητορικῇ
981 319 1052 361 καὶ
1079 316 1241 360 ἐθέλειν
1268 318 1440 362 ἀδικεῖν.
1466 326 1598 362 ταῦτα
1699 349 1702 361 .

194 384 231 425 Β
262 378 342 423 οὖν
371 379 455 435 ὅπῃ
484 381 582 423 ποτὲ
611 379 706 435 ἔχει,
746 382 805 436 μὰ
831 384 907 424 τὸν
933 383 1056 431 κύνα,
1087 377 1121 424 ὦ
1150 386 1191 424 Γ
1186 384 1322 436 οργία,
1350 384 1430 426 οὐκ
1455 384 1597 438 ὀλίγης
1696 379 1702 446 j

267 446 497 494 συνουσίας
525 444 651 495 ἐστίν,
680 444 780 495 ὥςτε
808 446 964 496 ἱκανῶς
991 445 1316 497 διασκέψασθαι.

353 510 456 567 Cap.
487 510 608 553 XVI.
669 511 813 552 ΠῼΛ.
860 511 910 551 Τι’
936 511 1020 561 δαί,
1053 503 1091 552 αἶ
1119 512 1363 564 Σώκρατες;
1392 510 1502 552 οὕτω
1530 509 1599 552 καὶ

267 577 322 617 σὺ
356 575 451 628 περὶ
487 581 561 629 τῆς
597 575 818 629 ῥητορικῆς
855 575 1061 626 δοξάζεις,
1104 572 1239 627 ὥςπερ
1276 581 1358 616 νῦν
1383 573 1533 628 uram
1570 573 1597 627 ἢ

269 640 369 687 οἴει..
409 637 473 681 ὅτι
502 639 684 692 Γοργίας
718 638 914 692 ᾐσχύνθη
951 648 1020 681 σοι
1046 639 1104 693 μὴ
1132 641 1498 693 προςομολογῆσαι
1523 637 1599 680 τὸν

268 703 492 758 ῥητορικὸν
527 703 662 756 ἄνδρα
700 701 758 756 μὴ
799 702 892 756 οὐχὶ
929 702 999 744 καὶ
1024 702 1076 744 τὰ
1103 704 1244 745 δίκαια
1270 701 1424 745 εἰδέναι
1450 701 1519 744 καὶ
1546 701 1597 744 τὰ

266 767 371 809 καλὰ
400 766 471 809 καὶ
497 767 549 808 τὰ
576 767 738 820 α’γαθοὶ,
772 766 842 808 καὶ
879 766 955 807 ἐὰν
980 766 1038 821 μὴ
1066 767 1169 821 ἔλθῃ
1198 773 1330 808 ταῦτα
1357 767 1475 816 εἰδὼς
1501 762 1592 818 παρ’

200 833 236 877 O
266 832 419 880 αὐτόν,
459 831 583 880 αὐτὸς
611 831 818 881 διδάξειν,
857 829 998 872 ἔπειτα
1026 829 1071 873 ἐκ
1096 832 1250 884 ταύτης
1275 830 1376 881 ἴσως
1401 837 1474 884 τῆς
1499 830 1597 883 ὁμο-

331 964 368 995 Ρ.
392 962 467 996 461.
513 964 551 995 Β.
602 963 654 995 Τί
675 962 764 1001 δαί,
790 957 818 995 ὦ
846 962 901 1005 Σ.]
937 963 995 995 Sic
1019 963 1134 995 Clark.
1167 973 1251 995 corr.
1275 962 1378 994 Coisl.
1403 963 1479 994 Par.
1503 961 1594 994 Bw.
1698 958 1702 1005 ζ

266 1008 365 1040 Vind.
392 1007 420 1040 1.
455 1008 544 1040 Flor.
569 1018 599 1039 a.
624 1017 652 1039 e.
677 1018 719 1039 m.
745 1018 775 1039 0.
808 1007 895 1039 Vett.
921 1006 1014 1039 editt.
1039 1006 1094 1045 δέ,
1127 1007 1217 1049 quod
1240 1017 1348 1049 nuper
1371 1006 1456 1039 duee
1479 1006 1594 1038 Herm.
1699 1007 1702 1039 j

265 1053 389 1085 iniuria
411 1056 622 1092 revocarunt,
647 1052 720 1084 scil.
743 1057 781 1083 ιιι
803 1062 870 1083 ιιοιι
894 1056 1063 1105 repertum
1086 1053 1122 1083 in
1146 1062 1194 1094 pr.
1219 1051 1335 1084 Clark.

333 1107 402 1129 σοι
431 1095 483 1139 μὴ
516 1076 921 1139 noos'ofaozoyrjoac]
954 1093 998 1139 μὴ
1029 1107 1093 1129 οιιι.
1123 1096 1198 1128 Par.
1222 1096 1261 1128 Ε.
1298 1095 1388 1128 Flor.
1413 1095 1436 1128 f.
1458 1106 1503 1135 s.,
1536 1093 1595 1127 sed

265 1141 331 1173 vid.
364 1146 479 1174 annot.
524 1141 635 1173 Locus
664 1142 808 1174 multum
838 1144 1001 1180 vexatus,
1043 1151 1145 1182 quem
1177 1140 1330 1173 videmur
1359 1145 1471 1173 tamen
1501 1149 1593 1171 nunc

263 1196 465 1228 persanasse
489 1185 761 1240 interpunctione
783 1185 969 1217 emendata.
994 1195 1026 1216 v.
1050 1185 1140 1217 infra.
1163 1195 1242 1217 ann.

330 1230 368 1263 ο.
415 1227 532 1262 ιοῡθ
563 1228 583 1261 ὃ
615 1227 901 1273 65767400111
924 1229 1038 1262 Clark.
1063 1229 1163 1261 vind.
1188 1229 1219 1261 1.
1242 1229 1273 1263 6.
1302 1229 1380 1261 Par.
1404 1227 1592 1261 Bssmw.

264 1275 353 1307 Flor.
377 1275 400 1307 f.
423 1285 450 1328 ρ.
490 1275 592 1307 Error
615 1278 716 1306 natus
739 1277 791 1306 est
813 1274 982 1317 scriptura
1005 1285 1113 1306 τουτο.
1136 1284 1168 1306 v·
1191 1284 1270 1306 ann.

330 1316 461 1353 αὐτὸς
485 1316 674 1362 ἀγαγών]
706 1319 764 1351 Sic
784 1318 899 1351 Clark.
924 1318 999 1351 Vat.
1026 1318 1069 1350 A.
1100 1318 1185 1351 Ven.
1211 1317 1250 1351 Σ.
1283 1317 1387 1351 Coisl.
1410 1327 1495 1351 corr.
1518 1317 1594 1350 Par.

308 1442 390 1483 Cap.
413 1441 505 1474 XVI.
538 1442 577 1474 B.
614 1439 675 1473 ὅτι
702 1441 894 1484 Γοργίας

264 1483 462 1529 ησχύνθη
499 1495 566 1518 σοι
596 1483 648 1528 μὴ
679 1496 894 1526 προςομο-

263 1532 441 1585 λογῆσαι
462 1543 486 1562 ι.
510 1527 540 1571 ὁ.
563 1527 704 1570 ἄνδρα
727 1527 778 1572 μὴ
801 1527 893 1570 οὐχὶ

265 1575 331 1606 καὶ
365 1573 410 1606 ιὰ
439 1573 481 1618 8.]
514 1575 632 1607 Oratio
661 1574 809 1608 hominis
832 1574 896 1606 fer-

263 1619 334 1651 vidi
357 1623 458 1661 atque
481 1618 663 1660 calidioris,
686 1629 772 1661 quae
795 1618 895 1661 plane

264 1664 369 1696 animi
380 1664 571 1705 mentisque
583 1664 766 1706 imaginem
784 1663 896 1703 refert,

263 1708 322 1741 sed
357 1707 474 1741 eadem
507 1708 686 1741 intellectu
715 1707 896 1740 difficilior.

261 1753 414 1786 Primum
456 1753 561 1795 igitur
604 1752 709 1785 Polus
754 1751 896 1791 dubitat,

262 1808 343 1830 num
366 1798 523 1830 Socrates
548 1798 621 1839 ipse
643 1807 763 1830 revera
785 1797 833 1829 ita
854 1796 896 1828 de

262 1843 432 1875 rhetorica
447 1842 580 1875 sentiat.
604 1842 722 1884 Itaque
737 1843 788 1874 sic
803 1841 894 1874 infit·

263 1887 377 1927 Quid
428 1897 544 1927 vero,
602 1898 622 1920 o
668 1886 896 1926 Socrates,

263 1942 359 1964 num
383 1932 514 1964 etiam
538 1932 598 1963 ita
621 1930 669 1963 de
691 1936 787 1963 arte
811 1930 895 1963 rhe-

263 1976 401 2008 torica
445 1975 606 2015 sentis,
652 1975 716 2008 uti
754 1975 894 2008 dicis?

232 2021 350 2063 ,Tum
387 2020 540 2062 sophista
569 2020 729 2062 Gorgiam
761 2020 811 2052 sic
839 2019 894 2052 de-

261 2064 387 2104 fendit,
418 2068 457 2096 ut
486 2075 528 2097 ex
552 2075 612 2104 eo,
647 2064 735 2116 quod
759 2067 895 2106 propter

260 2108 499 2142 verecundiam
517 2109 733 2148 concesserit,
753 2127 794 2132 —
817 2119 895 2140 con-

261 2153 362 2186 cessit
373 2157 485 2186 antem
501 2163 604 2195 supra
622 2164 651 2186 c.
664 2153 755 2185 XIV.
769 2163 801 2195 p.
817 2151 894 2185 459.

261 2198 304 2231 D.
322 2215 363 2224 --
377 2196 454 2231 460.
469 2198 511 2230 A.
530 2215 574 2221 —
597 2202 763 2230 oratorem
787 2197 894 2230 colere

260 2243 362 2275 etiam
405 2242 568 2275 iustitiam
608 2235 652 2275 et
682 2242 892 2275 honestatem

261 2287 388 2327 solere,
418 2287 616 2328 neutiquam
639 2286 800 2329 consequi
825 2296 893 2318 mo-

259 2336 348 2372 neat,
371 2335 409 2363 ut
423 2331 482 2364 illc
505 2341 621 2364 secum
644 2331 718 2374 ipso
741 2341 893 2373 pugnare

259 2375 506 2409 existimandus
551 2375 605 2408 sit.
672 2376 725 2408 De
769 2374 893 2416 quibus

259 2421 371 2454 verbis
410 2430 502 2453 nunc
534 2419 720 2452 videamus.
764 2419 811 2451 Et
838 2419 893 2451 hic

259 2465 394 2508 quidem
424 2465 584 2507 quoniam
613 2461 658 2507 μὴ
685 2464 892 2504 προςομολο-

257 2513 358 2553 γῆσαι
388 2510 458 2542 fere
485 2509 575 2542 idem
598 2514 650 2542 est
672 2507 760 2563 quod
781 2505 892 2549 ἀπαρ-

263 2555 419 2592 zaroem,
451 2559 542 2587 reete
571 2551 616 2596 μὴ
639 2551 719 2595 ουχί
745 2553 893 2596 ponitur,

259 2598 350 2641 quod
385 2602 517 2632 constat
554 2599 602 2630 ita
634 2601 711 2641 post
746 2597 892 2640 negandi

259 2643 364 2676 verba
392 2643 519 2676 inferri.
542 2653 574 2675 v·
598 2643 641 2675 ad
665 2641 837 2675 Phaedon.
860 2652 892 2684 p.

261 2687 313 2721 72.
337 2689 380 2721 D.
418 2687 563 2720 Elmsl.
599 2687 641 2719 ad
676 2686 778 2730 Soph.
809 2686 892 2719 Oed.

962 1441 1044 1482 'lyr
1069 1438 1178 1472 v.13.
1224 1440 1352 1494 Itaque
1371 1450 1450 1471 mox
1473 1438 1595 1471 dicitur

962 1485 1031 1517 sic:
1066 1486 1140 1516 τίνα
1168 1483 1233 1515 οἴει
1246 1481 1528 1537 ἀπαριήσεσθαι
1550 1494 1596 1537 μη

962 1526 1036 1570 οὐχὶ
1078 1529 1132 1560 καὶ
1176 1525 1283 1560 αὑτὸν
1317 1527 1523 1561 ἐπίστασθαι
1558 1539 1596 1560 ια

963 1573 1095 1611 &lumm-
1119 1574 1195 1613 Quo
1210 1572 1371 1614 loquendi
1383 1583 1506 1616 genere
1525 1583 1595 1606 non

962 1618 1045 1650 satis
1061 1621 1235 1660 perspecto
1255 1617 1364 1650 Corn
1374 1627 1492 1650 arius
1515 1622 1595 1649 ante

963 1660 1082 1704 ἠσχύνι
1073 1663 1121 1704 θη
1162 1662 1330 1715 interponi
1373 1661 1483 1694 voluit
1520 1673 1593 1694 ουκ.

963 1708 1051 1739 Τιιιιι
1074 1706 1118 1738 ad
1141 1703 1204 1738 ἐὰν
1226 1717 1270 1750 μη
1294 1706 1377 1748 ἔλθῃ
1401 1707 1463 1740 int.
1488 1702 1506 1738 ὁ
1532 1705 1593 1749 τὴν

964 1747 1148 1804 ρητορικῂν
1176 1719 1388 1791 βουλόμενος
1413 1751 1544 1790 μαθεῖν
1568 1762 1594 1783 s.

964 1806 1010 1830 τις
1021 1796 1117 1848 μαθη
1120 1795 1244 1827 σεσθαι
1258 1794 1387 1834 μέλλων
1412 1792 1472 1838 τὴν
1497 1792 1594 1837 ῥητο·

965 1837 1073 1883 ρικήν.
1106 1839 1159 1871 Ad
1182 1836 1286 1874 αὐτὸς
1303 1837 1458 1880 διδάξειν
1479 1847 1593 1872 autem

963 1896 1006 1917 ex
1022 1894 1219 1928 praegresso
1236 1881 1281 1927 μὴ
1302 1886 1596 1927 προεομολογῆσαι

964 1930 1104 1962 verbum
1118 1928 1310 1961 affirmandi
1326 1928 1509 1971 petendum
1531 1933 1594 1970 est,

961 1984 1053 2007 more
1075 1984 1145 2005 non
1167 1973 1383 2015 infrequenti.
1418 1973 1595 2006 Hactenus

961 2019 1066 2062 igitur
1087 2019 1122 2050 in
1147 2017 1233 2050 vado
1256 2018 1371 2050 omnia
1396 2022 1486 2050 sunt.
1528 2017 1595 2050 Sed

961 2064 998 2095 in
1013 2063 1177 2105 proximis
1194 2061 1276 2094 olim
1290 2062 1450 2094 haerebat
1465 2062 1595 2095 vitium.

961 2106 1155 2141 Ponebatur
1199 2107 1289 2138 enim
1328 2111 1405 2148 post
1443 2105 1595 2148 διδάξειν

959 2156 1037 2192 aut,
1065 2150 1164 2206 'quod
1203 2151 1424 2193 Stephano
1452 2150 1595 2193 placuit,

959 2201 1036 2239 post
1058 2196 1171 2228 ἔπειτα
1196 2195 1331 2247 signum
1354 2195 1594 2238 interrogandi.

959 2240 1067 2282 Atqui
1110 2244 1188 2282 post
1232 2237 1385 2280 διδάξειν
1429 2245 1595 2273 commate

959 2283 1238 2327 distinguendum
1277 2284 1351 2316 suit.
1404 2283 1596 2317 Cohaerent

960 2330 1050 2362 enim
1062 2330 1147 2361 ista.
1164 2329 1276 2361 ἔπειτα
1290 2327 1327 2361 ἐκ
1341 2326 1460 2382 ταύτης
1472 2340 1501 2361 κ.
1516 2340 1540 2361 t.
1554 2329 1593 2367 2„

959 2384 1037 2407 eum
1058 2383 1255 2417 praegresso
1278 2372 1339 2405 illo
1364 2370 1384 2415 ἢ
1406 2373 1490 2407 otu.
1518 2383 1594 2405 sen-

959 2429 1034 2451 sum
1064 2417 1125 2450 ubi
1157 2421 1367 2460 spectamus,
1395 2417 1594 2449 arctissime.

961 2464 1174 2504 Quamquam
1202 2462 1301 2495 illata
1330 2465 1409 2493 sunt
1430 2471 1491 2504 per
1514 2471 1594 2494 ana—

960 2506 1134 2548 coluthon,
1164 2504 1436 2549 quandoquidem
1459 2515 1519 2548 pro
1542 2517 1594 2546 eo,

961 2551 1051 2594 quod
1086 2562 1160 2584 esse
1189 2548 1594 2590 debebat,e²vavtab1·u
1633 2548 1638 2553 “
1699 2556 1702 2563 ”

962 2596 1151 2638 amastrin-,ae
1184 2596 1253 2628 iam
1279 2592 1383 2627 verbo
1411 2593 1507 2626 finito
1538 2604 1595 2636 ρο·

959 2641 1070 2673 nitur:
1101 2639 1259 2673 ἐναντίον
1290 2650 1318 2671 ιι
1342 2637 1490 2680 σιιέβη,
1520 2649 1594 2681 per·

959 2685 1038 2718 inde
1070 2695 1110 2718 ac
1131 2685 1163 2718 si
1184 2683 1250 2717 οἴει
1272 2693 1340 2716 non
1363 2683 1591 2715 antecesserit.
