1748 2944
294 155 372 191 212
839 153 1096 193 PLATONIS

295 261 476 311 δοξάζει,
518 255 630 302 ταῦτ’
667 260 747 315 ἤδη
775 258 886 302 ἐστὶν
913 260 1018 302 αὐτὰ
1045 260 1222 314 τάληθῆ.
1249 259 1386 302 ἐννοῶ
1410 261 1515 315 γὰρ,
1555 261 1618 303 ὄτι

185 331 264 373 487
295 326 370 367 τὸν
407 324 611 379 μέλλοντα
649 326 868 378 βασανιεῖν
905 325 1059 374 ἱκανῶς
1095 331 1232 379 ψυχῆς
1267 325 1361 378 πέρι
1399 325 1542 379 ὀρθῶς
1575 341 1617 367 τε

297 391 428 444 ζώσης
465 390 534 431 καὶ
570 389 627 443 μὴ
665 390 760 442 τρία
796 392 879 444 ἄρα
915 392 980 431 δεῖ
1012 388 1144 443 ἐ’χειν,
1187 392 1213 430 ἃ
1249 389 1303 431 σὺ
1340 390 1477 431 πάντα
1503 388 1617 444 ἔχεις,

296 454 526 508 ἐπιστήμην
561 468 603 495 τε
641 454 710 496 καὶ
737 457 908 496 εὔνοιαν
935 455 1004 496 καὶ
1030 454 1276 508 παρρησίαν.
1306 453 1387 508 ἐγὼ
1413 454 1494 508 γὰρ
1520 457 1616 496 πολ·

297 523 384 567 λοῖς
420 518 682 573 ἐντυγχάνω,
724 521 765 560 οἳ
802 519 870 573 ἐμὲ
898 521 974 573 οὐχ
1002 514 1086 561 οἷοί
1113 534 1155 560 τε
1185 518 1261 560 εἰσὶ
1288 520 1525 571 βασανίζειν
1550 519 1618 560 διὰ

295 585 343 635 τὸ
370 582 427 637 μὴ
451 583 578 637 σοφοὶ
598 580 718 634 εἶναι,
748 581 882 635 ὥςπερ
911 586 983 625 σύ·
1014 582 1145 637 ἕτεροι
1171 584 1215 625 δὲ
1243 582 1367 636 σοφοὶ
1396 583 1473 637 μέν
1500 585 1618 626 εἰσιν.

297 649 376 690 οὐκ
404 647 600 690 ἐθέλουσι
627 647 670 690 δέ
698 665 767 702 μοι
797 648 932 702 λέγειν
959 648 1037 701 τὴν
1063 649 1268 703 ἀλήθειαν
1295 649 1363 689 διὰ
1390 650 1438 690 τὸ
1465 649 1522 702 μὴ
1550 650 1617 702 κή-

296 714 444 754 δεσθαί
479 729 584 767 μου,
622 710 756 766 ὥςπερ
795 714 871 754 σύ·
909 713 967 754 τὼ
994 712 1038 754 δὲ
1065 713 1168 763 ξένω
1196 713 1326 763 τώδε,
1368 715 1550 766 Γοργίας
1576 727 1619 754 τε

229 783 266 824 Β
296 777 367 819 καὶ
397 780 569 827 Πῶλος,
606 778 728 831 σοφὼ
754 777 831 831 μὲν
859 776 929 818 καὶ
956 769 1065 830 φίλὼ
1093 777 1214 819 ἐστὸν
1242 777 1340 831 ἐμώ,
1378 776 1620 828 ἐνδεεστέρα)

297 841 342 884 δὲ
377 842 611 896 παρρησίας
647 841 717 884 καὶ
751 841 1110 895 αἰσχυντηροτὲρω
1137 845 1297 895 μᾶλλον
1323 848 1400 883 τοῦ
1427 841 1618 890 δέοντος·

296 910 384 956 πῶς
410 907 491 961 γὰρ
519 910 593 956 οὓς
633 903 665 947 ὤ
703 921 747 958 γε
786 907 842 955 εἰς
877 914 1082 948 τοσοῦτον
1120 907 1317 960 αἰσχύνης
1345 906 1619 960 ἐληλύθατον,

299 969 397 1020 ὥςτε
433 972 501 1013 διὰ
538 972 586 1013 τὸ
624 971 898 1025 αἰσχύνεσθαι
934 975 1066 1026 τολμᾷ
1107 969 1300 1023 ἑκάτερος
1327 972 1468 1013 αὐτῶν
1496 972 1621 1019 αὐτὸς
1648 987 1650 989 ·

298 1037 410 1089 αὐτῷ
448 1035 617 1078 ἐναντία
657 1036 790 1089 λέγειν
826 1035 1019 1078 ἐναντίον
1054 1038 1221 1077 πολλῶν
1245 1032 1512 1089 ἀνθρώπων,
1551 1035 1621 1076 καὶ.

364 1158 402 1189 Ρ.
425 1156 500 1190 487.
550 1155 789 1200 ἐπιστήμην
812 1168 854 1189 τε
877 1157 943 1190 καὶ
968 1154 1168 1200 εὔνοιαν]
1195 1158 1259 1190 Pro
1272 1154 1415 1189 εὔνοιαν
1428 1162 1509 1190 vett.
1527 1158 1620 1190 editt.

300 1201 423 1243 δόξαν,
463 1202 552 1244 quod
587 1202 710 1234 falsum
752 1213 825 1234 esse
863 1202 1018 1244 proxima
1055 1201 1155 1235 docet
1185 1203 1443 1245 argumentatio.
1496 1203 1621 1235 Verum

299 1247 462 1289 praebent
495 1247 590 1279 codd.
625 1248 694 1279 fere
728 1257 867 1286 omnes;
903 1247 992 1279 Flor.
1022 1247 1045 1279 f.
1076 1257 1102 1279 s.
1146 1247 1245 1279 vind.
1279 1245 1310 1279 2.
1346 1247 1430 1280 Ven.
1466 1246 1505 1279 Σ.
1537 1258 1619 1280 corr.

299 1291 404 1333 δόξαν
426 1292 563 1324 habent.

365 1359 405 1392 B.
452 1359 519 1390 καὶ
545 1357 640 1398 ἐμοὶ
666 1369 682 1390 ε
697 1353 731 1400 ἶ]
756 1358 868 1400 ἔμοιγε
891 1357 992 1389 Vind.
1015 1356 1046 1390 6.
1077 1355 1178 1401 ε”μοιγ’
1203 1357 1303 1391 Vind.
1327 1357 1359 1391 7.

369 1428 454 1458 τίνι
494 1427 709 1467 τεκμηρίῳ
747 1428 931 1466 zeniam:
978 1423 1057 1467 ἑγαί
1096 1435 1161 1457 σοι
1199 1423 1303 1468 ἐρῶ]
1347 1425 1448 1458 vind.
1477 1425 1509 1460 6.
1547 1427 1621 1459 Par.

302 1471 355 1503 W.
379 1481 444 1502 rec.
477 1473 539 1502 τίνι
569 1469 608 1501 δὲ
632 1481 718 1509 τεκμ.
741 1482 791 1511 χρ.
840 1470 905 1501 Sed
938 1471 971 1501 in
1003 1470 1065 1502 hac
1095 1470 1259 1502 orationis
1288 1470 1460 1503 alacritate
1483 1472 1623 1504 coniun—

302 1516 445 1547 ctionem
484 1514 650 1547 eiusmodi
679 1525 748 1546 non
778 1514 1033 1546 desideraveris.
1087 1515 1170 1547 Post
1201 1518 1329 1556 χρῶμαι
1359 1525 1437 1548 eum
1467 1516 1623 1548 Bekkero

301 1561 435 1603 signum]
452 1559 726 1601 interrogationis
744 1559 779 1590 in
799 1559 912 1591 locum
929 1557 1136 1602 ὑποστιγμῆς
1158 1560 1404 1592 substituimus.
1450 1561 1501 1593 De
1524 1562 1623 1593 inter·

300 1605 474 1647 rogatione
515 1605 679 1636 sermonis
720 1603 892 1636 animandi
929 1614 1051 1636 caussa
1086 1604 1216 1636 mediae
1251 1605 1396 1638 orationi
1425 1606 1623 1648 interposita

300 1649 448 1681 diximus
479 1648 521 1681 ad
545 1650 700 1691 Sympos.
724 1659 753 1681 c.
776 1647 808 1681 6.
837 1653 870 1680 et
896 1659 999 1690 supra
1021 1659 1054 1690 p.
1076 1647 1152 1682 453.
1177 1649 1215 1680 C.
1260 1650 1455 1682 Formulam
1480 1649 1548 1692 ἐγώ
1571 1661 1623 1683 σοι

301 1694 370 1736 ἐρῶ
400 1695 450 1727 sic
480 1693 587 1727 solere
617 1693 779 1736 subiungi
807 1692 1130 1736 interrogationibus
1159 1693 1430 1726 demonstrarunt
1459 1695 1624 1736 exemplis

345 1822 382 1853 P.
399 1819 475 1854 487.
500 1823 595 1862 τρία
614 1818 695 1862 ἄρα
714 1820 784 1853 δεῖ
802 1819 926 1864 ἔχειν]

300 1867 327 1901 F
338 1867 376 1898 ic
387 1867 505 1898 inus:
546 1867 628 1897 tria
660 1867 929 1908 potissimum

302 1911 323 1943 h
333 1922 353 1943 a
360 1911 381 1942 b
390 1922 407 1944 e
416 1922 433 1943 r
442 1922 470 1943 e.
495 1911 689 1953 Aptissime.
714 1910 801 1942 Vide
817 1911 932 1953 igitur,

302 1966 383 1987 num
421 1953 543 1995 μάλισ
554 1967 596 1987 τα
631 1966 691 1998 pro
722 1953 743 1987 ἄ
755 1967 773 1997 ρ
785 1967 806 1987 α
836 1965 930 1998 repo-

302 2000 450 2032 nendum
479 2001 531 2034 sit.

346 2046 384 2077 B.
409 2043 680 2086 ένδεεστέρω
702 2043 749 2076 δὲ
772 2040 929 2086 παρρη-

305 2099 323 2122 σ
336 2092 375 2121 ιά
385 2100 400 2122 ς
429 2088 491 2132 -]
536 2090 639 2121 Notat
681 2088 834 2122 Calliclis
871 2089 931 2120 im—

302 2134 495 2177 pudentiam
505 2157 514 2170 ,
545 2144 611 2175 qua
641 2136 742 2166 antea
764 2134 799 2164 in
822 2133 931 2175 philo-

302 2179 426 2221 sophos
467 2183 567 2220 atque
607 2178 717 2220 ipsum
759 2178 930 2210 Socratem

302 2224 532 2256 invehebatur.
577 2222 689 2255 Verba
718 2223 843 2261 μᾶλλον
873 2225 931 2254 τοῦ

303 2267 440 2302 δέοντο,Ὶ
485 2267 653 2300 adduntur
692 2266 930 2309 comparativis

302 2323 407 2355 epexe
433 2313 500 2345 esis
511 2312 632 2356 gratia.
667 2311 830 2344 Similiter
842 2311 931 2344 infra

303 2368 334 2399 p.
366 2357 408 2390 48
434 2381 441 2389 .
474 2358 522 2389 D:
573 2355 660 2398 πέρα
696 2359 754 2388 τοῦ
792 2355 930 2389 atomos

305 2401 505 2443 σοφώτεροι.
540 2401 660 2433 Latine
683 2401 931 2443 interpreteris:

305 2446 643 2479 verecundiores
659 2450 773 2486 sunt,
789 2450 829 2478 et
845 2445 930 2488 qui—

304 2490 393 2522 dem
415 2490 510 2533 plus
534 2490 656 2523 iusto.
698 2491 793 2523 Bona
816 2496 867 2522 est
889 2490 929 2522 de

303 2535 370 2567 hac
392 2546 427 2567 re
450 2534 655 2568 Herbstii
680 2535 731 2567 dis
756 2535 864 2567 utatio
887 2534 930 2566 ad

303 2580 458 2622 Xenoph.
476 2579 589 2622 Symp.
615 2580 641 2614 Ι,
670 2581 701 2619 ἓ.
747 2603 755 2612 .
778 2579 864 2612 conf.
888 2578 931 2612 ad

304 2625 405 2667 Hipp.
429 2625 508 2657 Mai.
525 2634 557 2666 p.
572 2623 648 2657 285.
664 2625 701 2656 B.
738 2624 930 2657 Formulam

304 2672 373 2703 πῶς
404 2668 470 2712 γὰρ
501 2667 563 2707 οὔ;
605 2669 754 2710 reliquae
785 2669 929 2701 orationi

995 1821 1044 1853 sic
1058 1821 1228 1863 interponi
1244 1820 1352 1853 solere
1365 1820 1479 1854 decuit
1493 1827 1624 1864 praeter

996 1866 1029 1898 Η
1038 1875 1096 1897 em
1105 1876 1121 1897 s
1131 1870 1170 1897 te
1180 1865 1224 1898 rh
1233 1876 1290 1898 us.
1313 1866 1356 1899 ad
1371 1866 1510 1899 Lucian.
1535 1867 1622 1899 Tim.

998 1911 1030 1951 §-
1043 1910 1074 1943 2.
1104 1910 1245 1943 Heind
1257 1911 1333 1943 ors.
1355 1910 1398 1943 ad
1421 1911 1453 1943 h.
1477 1911 1499 1943 l.
1534 1912 1624 1944 Eun—

997 1955 1073 1988 dem
1107 1966 1205 1988 usum
1240 1955 1404 1988 formulae
1436 1959 1506 1990 πῶς
1536 1955 1600 1999 γάρ
1611 1969 1621 1992 .-

996 1999 1182 2033 illustravit
1222 2000 1254 2033 G
1261 2011 1282 2033 a
1289 2005 1303 2032 t
1311 2011 1332 2033 a
1342 2001 1365 2033 k
1373 2011 1391 2032 e
1400 2011 1424 2033 r.
1462 2002 1515 2033 De
1545 2001 1622 2033 stilo

998 2045 1038 2078 N.
1066 2045 1105 2076 T.
1138 2056 1170 2087 p.
1195 2043 1246 2077 73.
1294 2045 1550 2078 Valckenar.
1580 2046 1623 2078 ad

997 2089 1172 2122 Phoeniss.
1195 2099 1226 2120 v.
1251 2088 1347 2124 1614.
1383 2090 1442 2122 Sic
1465 2093 1537 2123 :wis
1558 2088 1622 2132 γὰρ

997 2131 1059 2172 οὔ,·
1082 2143 1182 2176 saepe
1194 2133 1282 2166 dixit
1302 2135 1623 2175 Demosthenes,

996 2182 1034 2210 ut
1066 2178 1119 2210 De
1151 2178 1272 2210 Coron.
1305 2189 1337 2221 p.
1367 2177 1443 2212 274.
1472 2178 1549 2213 325.
1579 2180 1623 2212 al.

996 2222 1047 2256 ed.
1071 2222 1184 2265 Reislg.

1040 2265 1146 2300 ὤςιε
1199 2265 1270 2299 διὰ
1326 2267 1367 2300 τὸ
1421 2267 1621 2310 αἰσχύνε-

999 2313 1099 2344 σθαι
1129 2310 1190 2355 ——]
1221 2311 1319 2344 Ridet
1347 2311 1450 2346 verba
1472 2313 1624 2346 Calliclis

996 2368 1028 2400 p.
1046 2355 1122 2390 482.
1146 2358 1189 2389 D.
1212 2357 1251 2389 E.

1043 2401 1347 2434 πεπαίδευσαί
1368 2412 1407 2434 ιε
1429 2401 1508 2444 γὰρ
1534 2401 1621 2434 ἰκα-

1001 2449 1078 2480 νῶς
1122 2446 1273 2489 Respicit
1285 2446 1327 2479 ad
1344 2447 1447 2478 verba
1469 2444 1623 2479 callielin

998 2502 1028 2533 p.
1119 2515 1127 2523 .
1151 2492 1197 2523 A:
1230 2489 1316 2523 ὅσοι·
1339 2490 1491 2524 παιδείας
1513 2490 1623 2532 χάριν.

997 2541 1035 2567 ut
1049 2536 1149 2567 etiam
1165 2547 1207 2568 ex
1225 2534 1378 2568 hocloco
1401 2540 1515 2577 pateat
1537 2535 1621 2568 nihil

997 2579 1045 2611 ibi
1069 2580 1303 2623 corrigendum
1326 2590 1411 2612 esse.

1042 2624 1080 2656 C.
1125 2624 1379 2667 Τίσανδρον
1410 2623 1450 2656 τὸ
1464 2636 1482 2655 ν
1511 2621 1545 2656 Ἀ
1559 2635 1622 2665 φι-

999 2668 1017 2699 δ
1030 2673 1123 2701 ναῖο
1134 2681 1152 2701 1¹
1174 2668 1237 2713 —]
1256 2666 1416 2710 ’Δφιδναι
1430 2674 1463 2702 et
1488 2668 1625 2711 Χολαρ·
