1690 2892
376 196 616 238 GORGIAS.
644 195 689 235 P.
719 195 813 234 497.
845 197 939 232 498.
969 193 1027 233 ed.
1059 193 1114 232 St.
1337 192 1415 228 251

74 309 378 364 παραπλησίως
404 322 462 362 γε.
517 307 614 349 ΣΩ.
647 300 789 347 Οὐδὲν
815 302 1020 358 διαφέρει.
1050 302 1244 357 χαίρουσι
1271 295 1310 342 δ’
1341 295 1422 342 οὖν
1451 300 1489 343 Β

75 374 145 417 καὶ
173 376 216 417 οἱ
241 375 393 424 δειλῶς
425 374 563 415 ΚΑΛ.
591 371 778 426 Σφόδρα
799 384 860 424 γε.
901 371 1003 411 ΣΩ.
1036 368 1125 410 Καὶ
1153 368 1196 411 οἵ
1221 369 1421 421 ἄφρονες,

74 440 131 490 ὥς
162 438 282 482 ἔοικε.
342 441 479 482 ΚΑΛ.
521 438 624 480 Ναί.
680 438 783 478 ΣΩ.
827 435 1103 487 Προςιόντων
1144 431 1190 475 δὲ
1226 432 1270 474 οἱ
1295 429 1423 474 δειλοὶ

74 507 212 560 μόνον
228 509 480 555 λυποῦνται,
508 500 538 558 ἢ
563 503 636 546 καὶ
662 502 706 545 οἱ
733 502 950 555 α’νδρεῖοι;
981 502 1120 542 ΚΑΛ.
1147 499 1421 554 Ἀμφότεροι.

76 573 178 614 ΣΩ.
199 564 314 626 Ἀρα
341 571 520 625 ὁμοίως;
550 571 691 611 ΚΑΛ.
719 570 904 610 Μᾶλλον
930 567 1034 616 ἴσως
1061 566 1104 608 οἱ
1129 565 1270 607 δειλοί.
1319 565 1420 606 ΣΩ.

71 634 316 680 Ἀπιόντων
342 634 381 679 δ’
410 633 465 679 οὐ
489 637 654 691 μᾶλλον
680 635 925 689 χαίρουσιν·
968 634 1106 674 ΚΑΛ.
1133 627 1270 680 Ἴσως.
1324 631 1423 672 ΣΩ.

81 699 257 745 Οὐκοῦν
277 706 516 745 λυποῦνται
541 700 620 756 μὲν
646 700 719 742 καὶ
746 699 944 754 χαίρουσι
970 697 1042 741 καὶ
1072 697 1115 739 οἱ
1140 699 1327 750 ἄφρονες
1356 695 1426 738 καὶ

77 769 121 811 οἱ
156 770 361 824 φρόνιμοι
400 767 472 810 καὶ
499 767 542 810 οἱ
569 765 699 809 δειλοὶ
726 765 797 807 καὶ
825 765 869 807 οἷ
894 760 1082 818 ἀνδρεῖοι
1109 763 1427 817 παραπλησίως,

77 833 134 884 ὥς
162 834 217 876 σὺ
244 836 353 890 φῄς,
393 836 556 889 μᾶλλον
590 831 637 875 δὲ
664 832 707 875 οἱ
731 830 861 874 δειλοὶ
887 834 976 873 τῶν
1003 826 1237 882 ἀνδρείωνς
1288 830 1424 870 ΚΑΛ.
1458 830 1494 874 C

81 901 209 954 Φημί.
273 902 373 943 ΣΩ.
417 897 553 941 Ἀλλὰ
589 897 676 953 μὴν
713 898 761 940 οἵ
791 912 840 952 γε
880 897 1085 951 φρόνιμοι
1121 894 1194 938 καὶ
1235 890 1429 947 ἀνδρεῖοι

77 962 259 1020 ἀγαθοί
301 966 344 1008 οἱ
381 966 426 1008 δὲ
463 964 594 1014 δειλοὶ
630 964 702 1007 καὶ
739 966 928 1017 αφρονες
954 962 1100 1012 κακοί;
1152 961 1289 1002 ΚΑΛ.
1320 959 1426 1001 Ναί.

77 1033 179 1073 ΣΩ.
212 1031 526 1087 Παραπλησίως
552 1033 637 1085 α”ρα
663 1030 860 1085 χαίρουσι
894 1028 964 1072 καὶ
990 1031 1229 1070 λυποῦνται
1256 1026 1299 1068 οἱ
1324 1024 1428 1080 α’γα-

76 1097 152 1139 θοὶ
188 1097 259 1139 καὶ
296 1098 339 1140 οἱ
364 1098 509 1148 κακῶς
563 1098 700 1138 ΚΑΛ.
743 1095 871 1150 Φημί.
927 1095 1032 1136 ΣΩ.
1067 1085 1156 1147 ’Ap’
1186 1088 1267 1134 οὖν
1293 1106 1427 1144 παρα-

77 1163 264 1217 πλησίως
301 1163 407 1206 εἰσὶν
445 1162 607 1217 α’γαθοὶ
645 1160 718 1203 καὶ
756 1159 882 1202 κακοὶ
920 1160 963 1202 οἱ
997 1159 1158 1214 αγαθοί
1192 1173 1236 1200 τε
1275 1158 1346 1200 καὶ
1389 1157 1432 1200 οἱ

77 1230 224 1279 κακοί;
270 1229 297 1284 ἢ
347 1229 418 1271 καὶ
466 1226 526 1271 ἔτι
572 1229 738 1282 μᾶλλον
774 1226 934 1281 ἀγαθοὶ
970 1226 1043 1268 καὶ
1078 1224 1204 1268 κακοί
1241 1224 1348 1266 εἰσιν
1389 1223 1431 1265 οἱ

77 1294 222 1344 κακοί;

164 1360 270 1420 Cap.
300 1360 424 1404 LIII.
485 1360 624 1399 ΚΑΛ.
673 1356 795 1399 Ἀλλὰ
840 1356 899 1412 μὰ
945 1355 1016 1397 Δί’
1067 1356 1149 1398 οὐκ
1196 1351 1278 1398 οἶδ’
1328 1351 1352 1397 ὅ
1391 1370 1431 1396 τι
1459 1355 1502 1397 D

76 1425 219 1479 λέγεις.
287 1428 386 1468 ΣΩ.
442 1427 535 1469 Οὐκ
572 1419 683 1468 οἶσθ’
695 1457 709 1477 ,
757 1425 822 1467 ὅτι
866 1425 968 1474 τοὺς
1008 1420 1208 1479 ἀγαθοὺς
1246 1424 1429 1478 ἀγαθῶν

79 1489 165 1547 φῂς
200 1492 416 1547 παρουσίᾳ
454 1488 562 1534 εἶναι
597 1491 806 1545 αγαθούς,
836 1491 997 1540 κακοὺς
1024 1490 1069 1532 δὲ
1096 1493 1264 1541 κακῶνς
1303 1490 1356 1532 τὰ
1384 1489 1429 1532 δὲ

78 1557 226 1613 ἀγαθὰ
263 1553 374 1599 εἶναι
410 1557 486 1607 τὰς
520 1557 701 1613 ἡδονάς,
749 1556 859 1599 κακὰ
897 1555 942 1599 δὲ
978 1555 1054 1606 τὰς
1089 1557 1234 1607 ἀνίας-ς
1289 1558 1428 1598 ΚΑΛ.

66 1620 251 1678 ’'Eymye.
308 1625 405 1667 ΣΩ.
460 1624 637 1666 Οὐκοῦν
671 1626 762 1673 τοῖς
799 1624 994 1678 χαίρουσι
1032 1623 1208 1677 πάρεστι
1244 1622 1429 1676 τάγαθά,

81 1764 217 1797 Omittit
240 1764 277 1798 οἱ
298 1765 376 1798 Par.
399 1766 426 1799 I.
473 1764 637 1798 Defendit
666 1765 850 1798 articulum
873 1765 1011 1805 Herm,
1042 1765 1125 1807 quia
1148 1764 1324 1798 chiasmus
1352 1774 1431 1797 eum

81 1814 231 1844 excuset.
278 1811 386 1852 Atqui
408 1815 481 1843 tum
503 1812 608 1843 etiam
632 1811 687 1843 καὶ
713 1810 749 1843 οἱ
771 1809 928 1853 ἄφρονες
953 1810 1136 1843 dicendum
1159 1811 1235 1842 fuit.

150 1853 395 1934 οἱῙᾶΈαθοί
424 1868 465 1888 τε
495 1856 564 1888 καὶ
598 1856 640 1889 οἱ
669 1855 815 1900 κακοί]
847 1856 1006 1889 Alterum
1036 1855 1072 1888 οἱ
1104 1866 1169 1891 om.
1201 1855 1319 1899 steph.
1350 1866 1430 1888 cum

80 1901 171 1934 vind

147 1944 186 2002 51¹„
199 1946 268 1979 καὶ
301 1946 360 1978 ἔτι
391 1947 551 1986 μᾶλλον
581 1944 745 2001 ἀγαθοὶ
778 1947 851 1980 καὶ
876 1949 1005 1979 κακοί
1023 1946 1150 1979 εἰσιν
1173 1947 1215 1979 οἱ
1237 1959 1265 1979 κ.
1276 1945 1315 1990 J
1342 1946 1383 1979 V
1408 1943 1430 1990 ἢ

79 1992 134 2024 καὶ
167 1991 213 2024 ἔτι
242 1992 369 2031 μᾶλλον
398 1989 529 2035 ἀγαθοὶ
561 1992 598 2024 οἱ
620 1990 749 2035 ἀγαθοὶ
776 2005 804 2026 κ.
829 2005 858 2025 κ.
905 1992 1107 2025 Delevimus
1132 1992 1168 2024 οἱ
1190 1990 1343 2036 ἀγαθοί,
1377 2003 1431 2025 as-

80 2038 249 2070 sentiente
270 2037 373 2070 etiam
388 2038 516 2076 Herm..
541 2039 602 2081 qui
624 2048 700 2070 voc.
724 2039 825 2071 uncis
849 2038 1000 2070 seclusit.
1023 2049 1055 2070 v.
1081 2049 1160 2071 ann.
1179 2038 1262 2071 cod.
1279 2037 1382 2070 vind.
1399 2037 1430 2071 7.

80 2081 100 2125 ἢ
129 2083 174 2115 ἔτι
204 2083 332 2123 μᾶλλον
363 2082 399 2115 οἱ
420 2080 552 2126 αγαθοὶ
577 2085 633 2115 καὶ
659 2086 762 2116 κακοι
781 2083 875 2116 εἰσιν
898 2083 934 2116 οἱ
956 2085 1076 2123 uano&
1118 2084 1240 2116 Deleto
1265 2084 1372 2127 igitur
1395 2083 1431 2116 οἱ

79 2132 156 2170 post
185 2125 206 2171 ἢ
234 2129 362 2167 μᾶλλον
396 2133 523 2161 temere
562 2130 766 2172 interposito
800 2140 916 2162 veram
946 2129 1054 2162 habes
1082 2129 1275 2162 lectionem.
1329 2129 1431 2171 Quod

80 2178 195 2206 autem
226 2174 281 2206 καὶ
315 2177 394 2206 ante
426 2175 474 2206 ἔτι
503 2175 539 2206 in
571 2175 638 2208 hoc
669 2175 816 2217 aliisque
844 2175 944 2207 libris
975 2175 1087 2215 deest,
1124 2179 1240 2208 tuetur
1269 2175 1431 2208 voculam

78 2219 176 2252 locus
197 2229 231 2262 p.
253 2217 330 2254 498.
354 2220 395 2252 Ε.
441 2220 482 2252 In
507 2220 624 2254 Clark.
649 2224 683 2254 et
703 2221 782 2255 Vat.
809 2225 860 2254 est
884 2221 940 2253 καὶ
966 2220 1002 2253 οἱ
1025 2223 1128 2253 κακοί
1146 2221 1239 2253 εἰσιν
1262 2220 1299 2254 οἱ
1321 2222 1429 2254 κακοί.

79 2345 222 2391 ἀγαθοί,
255 2347 375 2381 fraude
397 2349 590 2388 manifesta,
615 2361 719 2393 quam

79 2394 210 2435 primus
227 2393 468 2427 animadvertit
487 2396 518 2427 R
525 2406 546 2427 o
554 2406 578 2428 u
587 2396 682 2428 thiu
691 2407 718 2429 s.

79 2439 218 2471 Etenim
261 2439 298 2472 οἱ
338 2440 436 2472 κακοὶ
481 2444 562 2473 sunt
594 2442 720 2482 μᾶλλον

79 2482 230 2527 ἀγαθοί,
271 2490 440 2527 quatenus
482 2487 611 2525 μᾶλλον
646 2490 717 2529 χαί-

82 2539 218 2570 ρουσιν,
242 2534 276 2562 et
291 2531 338 2563 ἔτι
351 2532 481 2570 μᾶλλον
503 2534 611 2570 κακοί,
636 2543 719 2574 qua-

79 2579 179 2607 tenus
195 2576 323 2614 μᾶλλον
337 2577 539 2616 λυποῦνται,
555 2579 717 2619 quoniam

79 2620 267 2652 secundum
309 2621 466 2654 Calliclis
512 2624 718 2656 sententiam

79 2665 163 2698 boni
199 2670 281 2699 sunt
309 2668 368 2709 qui
398 2668 593 2710 percipiunt
622 2669 718 2701 volu-

79 2715 217 2752 ptatem,
238 2712 323 2744 mali
339 2718 461 2745 eontra
483 2714 543 2755 qui
566 2713 717 2747 dolorem

79 2756 240 2789 sentiunt.
293 2758 520 2791 Concluditur
554 2769 635 2792 mox
667 2771 719 2793 ar—

785 2352 998 2407 gumentatio
1014 2363 1046 2394 p.
1063 2351 1139 2385 499.
1156 2352 1197 2384 A.
1215 2351 1271 2384 his
1294 2350 1429 2384 verbis·

792 2394 935 2430 Οὐκοῦν
968 2395 1097 2437 ὁμοίως
1132 2399 1283 2450 γίγνεται
1325 2395 1430 2431 κακὸς

787 2442 844 2475 καὶ
882 2439 1020 2498 ἀγαθὸς
1061 2446 1106 2486 τῷ
1146 2439 1274 2497 ἀγαθῷ
1312 2441 1334 2486 ἢ
1372 2443 1429 2476 καὶ

787 2489 916 2528 μᾶλλον
947 2479 1089 2531 ἀγαθὸς
1109 2486 1127 2521 o‘
1152 2486 1275 2527 κακός;
1316 2488 1430 2529 Quam

788 2534 1062 2573 conclusionem,
1096 2534 1177 2566 licet
1205 2545 1289 2567 vera
1320 2536 1366 2567 sit
1388 2545 1429 2567 ac

785 2580 999 2620 necessaria,
1031 2558 1195 2612 Callicles
1218 2581 1288 2612 iam
1311 2580 1429 2612 mirari

786 2625 932 2657 videtur.
986 2625 1143 2658 Astius
1172 2636 1283 2668 nuper
1312 2626 1429 2668 legen-

786 2670 867 2702 dum
890 2671 993 2702 coni.:
1027 2669 1049 2713 ἢ
1076 2671 1122 2703 ἔτι
1145 2672 1273 2710 μᾶλλον
1296 2668 1428 2714 α’γαθοὶ

786 2716 823 2747 οἱ
868 2718 971 2747 κακοί
1013 2715 1106 2748 εἰσιν
1152 2717 1208 2749 καὶ
1252 2717 1348 2749 κακοὶ
1393 2715 1429 2749 οἱ

787 2759 938 2804 ἀγαθοί;
