1676 2938
402 213 642 254 GORGIAS.
671 214 715 252 P.
748 216 840 252 508.
874 216 966 251 509.
997 212 1055 251 ed.
1087 211 1142 250 St.
1366 212 1445 247 283

95 327 215 378 σῶμα
253 323 299 364 τὸ
339 322 442 377 ἐμὸν
471 326 568 365 οὔτε
596 323 645 364 τὸ
674 322 929 376 βαλάντιον,
969 321 1073 362 ἀλλὰ
1102 321 1150 362 τὸ
1178 320 1350 361 τύπτειν
1376 317 1448 360 καὶ

96 388 166 443 ἐμὲ
187 388 258 431 καὶ
279 388 330 430 τὰ
352 387 431 445 ἐμὰ
453 388 609 438 ἀδίκως
629 386 701 430 καὶ
721 385 888 441 τέμνειν
907 385 979 428 καὶ
1000 386 1168 440 αἴσχιον
1189 385 1259 427 καὶ
1282 385 1449 434 κάκιον,

95 455 166 497 καὶ
215 453 409 497 κλέπτειν
447 468 493 506 γε
533 453 620 507 ἅμα
660 452 733 495 καὶ
771 452 1160 506 ἀνδραποδίζεσθαι
1197 450 1267 493 καὶ
1305 464 1448 504 τοιχω-

97 523 244 575 ρυχεῖν
291 519 363 562 καὶ
400 519 645 574 συλλήβδην
683 518 831 561 ὁτιοῦν
870 518 1034 560 ἀδικεῖν
1071 516 1142 559 καὶ
1180 515 1251 570 ἐμὲ
1288 514 1360 558 καὶ
1398 514 1450 556 τὰ

98 585 176 640 ἐμὰ
213 590 271 638 τῷ
308 585 528 627 ἀδικοῦντι
567 585 639 626 καὶ
675 585 827 627 κάκιον
863 582 935 626 καὶ
966 583 1133 637 αἴσχιον
1162 578 1271 623 εἶναι
1299 581 1326 636 ἢ
1357 579 1448 633 ἐμοὶ

96 654 155 707 τῷ
180 649 460 705 ἀδικουμένῳ.
488 656 622 692 ταῦτα
649 650 754 705 ἡμῖν
781 653 872 691 ἀνω
901 648 988 691 ἐκεῖ
1014 647 1060 690 ἐν
1087 651 1177 696 τοῖς
1205 645 1451 702 ἔμπροσθεν

98 718 242 771 λόγοις
269 716 381 759 οὕτω
411 714 614 770 φανέντα,
644 715 703 764 ὡς
731 714 813 768 ἐγὼ
841 712 962 769 λέγω,
997 712 1212 768 κατέχεται
1239 712 1311 755 καὶ
1338 712 1450 755 δέδε-

97 798 186 832 ται,
225 782 295 824 καὶ
333 783 370 823 εἰ
410 782 717 836 ἀγροικότερόν
756 796 794 822 τι
835 781 969 822 εἰπεῖν
1005 778 1112 829 ἐστι,
1153 779 1342 833 σιδηροῖς
1381 778 1453 820 καὶ
1482 781 1565 824 509

97 848 400 903 ἀδαμαντίνοις
436 848 604 902 λόγοις,
644 847 701 896 ὠς
738 850 850 900 γοῦν
885 845 940 888 ἂν
968 845 1128 897 δόξειεν
1156 845 1314 887 οὑτωσί
1324 876 1335 895 ,
1376 840 1453 894 οὓς

100 971 181 1005 ΞΣ.
220 971 323 1005 Vind.
354 970 385 1004 1.
416 970 448 1004 2.
480 969 511 1004 7.
548 972 626 1004 Par.
655 970 832 1004 BCEFI.
869 970 962 1003 Flor.
991 969 1023 1002 d.
1054 981 1086 1003 0.
1117 981 1151 1002 x.
1189 969 1288 1003 Bodl.
1311 970 1453 1001 Meerm.

97 1018 177 1049 Bas.
207 1016 239 1050 1.
270 1016 303 1050 2.
331 1016 529 1060 βαλάντιον.
562 1028 594 1052 v.
627 1015 671 1050 ad
701 1016 879 1059 Remp.1.
910 1027 943 1059 p.
973 1014 1051 1049 348.
1084 1016 1127 1047 D.
1168 1015 1229 1048 IX.
1254 1025 1286 1058 p.
1311 1013 1388 1048 575.
1413 1015 1453 1047 Β.

97 1063 253 1106 Sympos.
276 1073 309 1105 p.
334 1061 411 1096 190.
434 1063 474 1095 Ε.

165 1108 235 1141 καὶ
259 1106 417 1141 κάκιον
442 1108 510 1141 καὶ
536 1109 584 1140 αι
590 1118 711 1149 σχιον
735 1102 875 1150 εἶναι]
901 1105 981 1139 Alio
1006 1106 1125 1139 ordine
1150 1106 1207 1138 καὶ
1232 1106 1370 1147 αἴσχιον
1396 1105 1452 1138 καὶ

64 1193 68 1197 ὁ
98 1152 218 1186 κάκιον
248 1149 341 1186 εἶναι
382 1155 470 1187 Ven.
503 1152 583 1186 ΞΣ.
621 1152 725 1185 Vind.
755 1151 787 1185 2.
819 1150 850 1185 7.
887 1152 964 1184 Par.
997 1152 1067 1184 IV.
1110 1152 1203 1185 Flor.
1233 1151 1266 1186 b.
1299 1151 1332 1183 d.
1362 1151 1454 1195 Aug.

100 1200 239 1231 Mearm.
262 1198 362 1232 Bodl.

165 1242 256 1277 ἄνω
281 1244 377 1276 ἐκεῖ
397 1243 444 1276 ἐν
468 1249 559 1278 τοῖς
581 1243 810 1284 ἔμπροσθε
824 1241 861 1286 ν]
886 1242 1062 1285 Hirschig.
1077 1239 1150 1274 ἅνω
1164 1241 1454 1274 e'uecdelerivult.

99 1290 217 1322 Clark.
250 1290 327 1324 Vat.
353 1287 505 1330 πρόσθε.
537 1289 643 1322 Coisl.
668 1289 753 1321 Ven.
781 1287 811 1321 Ξ
821 1287 862 1322 Σ.
898 1287 1002 1321 Vind.
1017 1287 1048 1320 2.
1067 1287 1099 1321 6.
1123 1289 1200 1322 Par.
1217 1288 1271 1320 IV
1281 1288 1338 1320 W.
1361 1287 1453 1321 Flor.

98 1334 132 1370 b.
151 1347 186 1367 x.
211 1334 308 1368 Bodl.
324 1332 498 1377 πρόσθεν.
523 1335 614 1367 Vett.
630 1334 722 1367 editt.
741 1334 958 1376 ἔμπροσθεν.
991 1333 1189 1376 Scripturae
1202 1333 1288 1366 haee
1304 1333 1454 1366 varietas

98 1380 281 1414 admodum
305 1381 467 1423 frequens
491 1385 556 1422 est,
578 1380 620 1413 de
644 1390 714 1423 qua
736 1380 806 1412 iam
829 1380 866 1413 in
891 1378 1127 1423 superioribus
1153 1379 1387 1423 exposuimus.

100 1494 256 1526 Trinum.
290 1493 352 1534 IV,
378 1493 420 1533 2,
450 1492 506 1528 20.
540 1496 741 1526 sectores

98 1539 303 1572 zonarios
319 1542 432 1579 vocat
448 1550 480 1571 V.
497 1539 740 1572 Casaubon.

101 1584 145 1617 ad
179 1584 305 1616 Athen.
341 1595 372 1626 p.
410 1583 485 1618 121.
538 1585 741 1627 Xenoph.

809 1493 958 1525 tenenda
1003 1496 1085 1526 sunt
1130 1503 1217 1535 quae
1257 1493 1455 1526 acutissime

810 1538 1001 1581 disputavit
1023 1539 1255 1573 Hermann.
1277 1538 1322 1571 ad
1339 1540 1456 1592 Viger.

810 1595 843 1627 p.
866 1583 944 1617 832.
990 1584 1128 1617 Etenim
1153 1584 1209 1616 καὶ
1235 1583 1271 1616 ει
1291 1581 1454 1626 ἀγροικό-

99 1630 257 1672 Sympos.
278 1630 337 1671 IV,
357 1628 419 1662 36.
446 1627 490 1662 δι’
515 1630 654 1662 ἔνδειαν
676 1630 741 1670 μὲν

99 1674 164 1717 γὰρ
183 1673 294 1718 δήπου
320 1675 357 1707 οἱ
379 1675 444 1714 μὲν
467 1673 682 1713 κλέπτουσα,
708 1675 744 1707 οἱ

101 1719 140 1753 δὲ
171 1719 456 1762 τοιχωρυχοῦσιι,
487 1720 523 1753 οἱ
547 1720 587 1753 δὲ
609 1718 699 1762 ἀιδρ
704 1733 741 1753 α·

101 1765 314 1807 ποδίζονται.
343 1766 486 1798 Memor.
503 1767 529 1806 I,
543 1765 576 1806 2,
592 1765 659 1807 62.,
681 1767 743 1799 ubi

99 1811 218 1843 eadem
242 1811 386 1843 crimina
408 1815 639 1844 recensentur.

147 1854 235 1888 ἄνω
269 1855 366 1888 ἐκεῖ
395 1855 440 1888 ἐν
471 1861 560 1891 τοῖς
586 1857 742 1898 ἔμπρο-

104 1902 214 1934 σθεν
238 1901 285 1945 L]
310 1902 427 1934 Nimia
450 1902 536 1934 haec
559 1902 596 1934 in
620 1912 656 1934 re
681 1901 743 1933 vili

101 1947 260 1979 dictionis
305 1946 456 1979 ubertas.
532 1947 742 1979 Ficinus:

102 1993 205 2024 haec
228 1993 435 2034 superius
457 2002 477 2024 a
496 1992 625 2025 nobis
649 2003 743 2025 con-

102 2047 240 2070 cessa.
287 2037 371 2070 Inde
402 2048 472 2070 non
500 2038 590 2070 male
614 2037 742 2070 Find-

101 2083 231 2115 eisen.
263 2083 413 2115 extudit:
447 2080 666 2124 ἀνωτέρω
698 2081 743 2115 ἐν

103 2132 195 2161 τοῖς
221 2128 342 2168 ἔμπρ.
368 2129 394 2160 λ.
442 2128 554 2161 Simili
584 2129 743 2161 ubertate

101 2184 204 2215 supra
227 2183 260 2215 p.
281 2172 358 2207 467.
382 2174 430 2206 B:
454 2171 530 2216 ἄρτι
553 2192 597 2198 —
621 2172 743 2207 τούτου

104 2216 278 2260 πρόσθεν.
329 2220 398 2251 Res
422 2219 524 2252 icitur
554 2223 669 2252 autem
701 2218 744 2252 ad

101 2274 154 2304 ea,
186 2273 275 2305 quae
298 2274 374 2306 cap.
442 2268 510 2298 .et
532 2262 586 2298 43.
611 2276 633 2298 a
656 2265 740 2298 Polo

101 2314 136 2342 et
159 2308 305 2341 Callicle
327 2312 409 2341 sunt
422 2263 607 2343 leoncessa.

147 2355 186 2386 P.
210 2353 291 2387 509.
346 2354 417 2387 καὶ
457 2354 500 2386 εἰ
535 2353 740 2398 α’γρὸικό-

104 2411 145 2432 τε
158 2411 238 2440 ρον
267 2397 322 2442 τι]
359 2399 471 2442 Attigi
492 2400 674 2433 formulam
698 2401 742 2433 ad

102 2455 135 2486 p.
149 2442 227 2479 462.
243 2445 283 2477 Ε.
318 2445 461 2477 Inverso
479 2445 597 2478 ordine
619 2456 652 2488 p.
664 2444 742 2479 486.

104 2490 151 2522 C·
183 2490 221 2522 εἴ
241 2502 268 2522 τι
291 2490 347 2522 καὶ
372 2487 622 2533 ἀγροικότερον
644 2490 741 2534 εἰρῆ-

105 2535 199 2573 σθαι,
223 2534 314 2567 unde
338 2535 416 2578 quis
436 2535 580 2578 colligat
601 2536 743 2578 perinde

103 2590 190 2620 esse,
213 2584 329 2612 utrum
352 2580 389 2613 εἰ
409 2582 470 2612 καί
489 2591 534 2613 an
557 2581 612 2613 καὶ
637 2581 673 2614 εἰ
693 2582 743 2614 di-

103 2628 212 2665 catur,
236 2636 338 2667 quam
363 2626 567 2658 sententiam
591 2624 743 2669 amplexi

104 2673 185 2702 sunt
227 2670 522 2704 Heindorfius
565 2671 608 2703 ad
647 2672 681 2703 h.
718 2673 742 2704 1.

102 2714 333 2748 Matthiae.
365 2716 424 2749 Gr.
454 2716 610 2759 amplior.
634 2717 678 2749 T.
699 2718 742 2750 11.

102 2770 135 2802 p.
160 2758 248 2792 1252
271 2771 341 2804 seq.
365 2761 436 2794 alii.
479 2762 604 2795 Verum
629 2765 742 2796 tamen

813 1628 916 1671 τερόν
957 1642 985 1661 τι
1016 1629 1130 1662 εἰπεῖν
1163 1629 1234 1662 ἐστι
1264 1630 1454 1674 significat:

812 1675 881 1707 vel
902 1679 1000 1715 tum,
1025 1677 1061 1708 si
1083 1675 1204 1708 dictu
1223 1676 1282 1708 sit
1303 1675 1455 1718 paullo

811 1720 1099 1762 inurbanius,
1119 1732 1187 1763 quo
1200 1721 1373 1753 indicatur
1385 1732 1456 1753 rem

812 1777 887 1798 esse
928 1767 1094 1799 incertam
1132 1771 1193 1799 aut
1227 1777 1296 1798 non
1328 1777 1456 1799 veram.

811 1812 931 1853 Itaque
974 1811 1040 1844 hoc
1077 1812 1155 1844 loco
1197 1813 1353 1844 Socrates
1389 1812 1457 1844 hoc

811 1868 913 1890 suum
945 1856 986 1889 de
1013 1857 1246 1899 disputatione
1270 1857 1381 1890 adhuc
1405 1858 1456 1889 in·

812 1903 931 1935 stituta
941 1901 1107 1946 iudicium
1120 1914 1190 1935 non
1204 1913 1278 1935 esse
1291 1913 1456 1945 arrogans

812 1953 872 1980 aut
895 1946 1104 1980 inurbanum
1129 1948 1313 1991 significat.
1360 1948 1456 1981 Dicit

813 1993 905 2026 enim
928 1993 1013 2025 hoc:
1037 1993 1164 2034 haec,
1189 2005 1301 2036 quae
1324 1997 1456 2026 antea

812 2038 1047 2081 disputata
1103 2043 1209 2071 sunt
1257 2039 1455 2082 (etiamsi

812 2084 942 2116 dictu
1009 2084 1069 2116 sit
1130 2084 1455 2126 immodestius,

813 2128 925 2172 quod
977 2133 1128 2163 tamen
1175 2141 1261 2162 non
1318 2132 1455 2172 puto),

813 2175 967 2207 vincta
1028 2179 1131 2208 sunt
1197 2176 1456 2209 rationibus

813 2220 975 2252 ferreis
1035 2225 1081 2253 et
1133 2220 1454 2254 adamantinis.

810 2266 918 2298 Seeus
950 2269 1002 2298 est
1033 2277 1065 2308 p.
1090 2265 1166 2299 486.
1192 2267 1248 2306 C.‚
1283 2266 1346 2298 ubi
1377 2267 1456 2299 Cal-

810 2311 908 2343 licles
922 2310 1042 2344 iudicii
1059 2312 1113 2343 sui
1136 2312 1357 2344 acerbitatem
1381 2313 1456 2355 ipse

811 2356 1002 2389 confitetur.
1028 2357 1147 2398 Itaque
1163 2357 1201 2389 εἴ
1214 2369 1241 2389 τι
1257 2357 1313 2389 καὶ
1334 2355 1455 2400 α’γροι·

811 2400 959 2443 κότερον
973 2401 1143 2445 εἰρῆσθαι
1157 2403 1207 2434 ibi
1230 2402 1344 2435 valet:
1369 2404 1454 2436 etsi

811 2448 937 2480 dictu
979 2447 1135 2490 paullo
1177 2448 1454 2481 inurbanius

811 2496 894 2532 est,
918 2493 1054 2524 sicuti
1079 2497 1155 2525 est.

859 2537 1064 2580 σιδηροῖς
1103 2539 1174 2570 καὶ
1216 2535 1453 2578 ἀδαμαντί-

815 2594 908 2616 νοις
947 2580 1134 2627 λόγοις]”
1158 2583 1311 2626 Elegans
1349 2588 1455 2616 meta-

811 2628 929 2670 phora.
945 2626 1198 2667 Ἀδαμάντινον
1211 2629 1267 2661 καὶ
1283 2629 1456 2671 σιδηροῦν

811 2673 936 2705 dicitur
955 2673 1123 2715 quidquid
1147 2678 1198 2707 est
1220 2674 1456 2706 firmissimum

811 2723 846 2750 et
860 2718 1113 2751 indissolubile.
1135 2730 1167 2751 v.
1190 2720 1386 2752 Perizon.
1412 2718 1456 2751 ad

811 2764 886 2798 Ael.
900 2764 998 2797 Varr.
1010 2764 1100 2798 Hist.
1114 2764 1175 2806 VI,
1196 2764 1247 2798 12.
1263 2769 1296 2797 et
1308 2764 1454 2807 interpp.
