1696 2918
433 194 677 235 GORGIAS.
706 195 750 234 P.
787 197 881 233 455.
913 194 973 232 ed.
1004 193 1062 233 St.

1349 194 1426 229 109

70 308 209 348 ὄντων
235 305 433 360 μαθητής
460 313 542 347 σου
569 303 833 358 βουλόμενος
860 300 1079 357 γενέσθαι,
1112 301 1170 350 ὠς
1198 299 1281 354 ἐγώ
1309 314 1430 348 τινας

70 371 223 426 σχεδὸν
250 371 321 414 καὶ
348 369 533 425 συχνοὺς
561 369 846 423 αἰσθάνομαι,
892 369 934 410 οἳ
960 368 1062 416 ἴσως
1090 361 1344 421 αἰσχύνοιντ’
1373 367 1430 407 α”ν

71 446 116 477 σε
144 434 385 490 ἀνερέσθαι.

451 428 522 477 ὑπ’
553 434 659 490 ἐμοῦ
687 429 769 476 οὖν
795 433 1123 488 ἀνερωτώμενος
1150 432 1331 486 νόμισον
1358 430 1430 473 καὶ
1458 427 1502 470 D

69 501 140 543 ὑπ’
170 500 344 544 ἐκείνων
382 501 707 555 ἄνερωτοῖσθαι,
753 499 804 540 Τί
842 499 970 554 ἡμῖν,
1011 493 1045 540 ὦ
1075 498 1261 552 Γοργία,
1299 494 1428 548 ἔσται,

70 566 145 608 ἐάν
185 579 254 609 σοι
288 569 512 621 συνῶμενς
561 565 658 620 περὶ
694 565 826 606 τίνων
861 571 914 619 τῇ
960 565 1080 606 πόλει
1117 562 1429 618 συμβουλεύειν

70 628 156 674 οἷοί
181 647 225 674 τε
254 631 465 687 έσόμεθα;
492 632 676 684 πότερον
699 630 796 683 περὶ
821 630 990 672 δικαίου
1010 630 1149 684 μόνον
1167 627 1239 670 καὶ
1260 628 1428 678 αδίκου,

70 697 96 752 ἢ
125 697 194 740 καὶ
225 698 320 751 περὶ
350 697 413 739 ὡν
439 703 522 739 νῦν
550 695 603 751 δὴ
632 696 867 774 Σωκράτης
895 693 1033 748 ἔλεγες
1075 696 1207 747 πειρῶ
1244 689 1326 735 οὗν
1354 693 1429 734 αὐ-

70 767 161 812 τοῖς
188 764 511 818 ἀποκρίνεσθαι.
568 765 609 804 Γ
609 763 697 804 ΟΡ
723 756 838 802 ”Αλλ
868 759 951 814 ἐγώ
978 769 1048 801 σοι
1075 761 1354 813 πειράσομαι,
1394 751 1429 798 ὦ

71 829 321 881 Σώκρατες,
363 830 516 883 σαφῶς
556 827 835 876 αποκαλύψαι
872 825 953 880 τὴν
989 831 1064 880 τῆς
1092 825 1319 879 ρητορικῆς
1357 824 1428 865 δύ-

70 909 202 948 ναμιν
230 894 426 936 ἅπασαν·
469 893 598 942 αὐτὸς
634 892 717 947 γὰρ
745 893 884 940 καλῶς
920 890 1145 946 ὑφηγήσω.
1184 886 1318 932 οἶσθα
1345 888 1428 943 γὰρ

72 959 227 1014 δήπου,
257 956 323 1002 ὅτι
350 959 402 1000 τὰ
430 958 586 1012 νεώρια
612 965 746 999 ταῦτα
779 956 851 999 καὶ
878 956 931 998 τὰ
958 957 1070 1011 τείχη
1098 956 1149 998 τὰ
1177 954 1430 1010 Ἀθηναίων
1458 959 1498 1001 Ε

71 1024 143 1067 καὶ
179 1025 208 1080 ἦ
254 1027 346 1066 τοῖν
389 1023 573 1078 λιμένων
611 1022 853 1077 κατασκευὴ
892 1020 937 1063 ἐκ
983 1027 1058 1075 τῆς
1098 1019 1432 1075 Θεμιστοκλέους

72 1091 319 1145 συμβουλῆς
345 1089 524 1144 γέγονε,
561 1089 612 1131 τὰ
641 1084 679 1130 δ’
723 1088 768 1130 ἐκ
795 1094 870 1142 τῆς
899 1086 1186 1141 Περικλέους,
1225 1081 1311 1127 ἀλλ’
1351 1086 1431 1128 οὐκ

71 1249 151 1289 gata
174 1243 379 1288 ἀνέρεσθαι,
404 1255 509 1288 quam
532 1245 738 1288 scripturam
768 1244 899 1286 ubique
931 1243 1200 1286 repudiavimus.
1247 1243 1311 1275 Est
1339 1242 1433 1275 enim

74 1291 218 1324 verbum
242 1289 520 1324 αὐθυπότακτον.

139 1337 179 1368 Ε.
204 1335 340 1369 καὶτὰ
366 1338 482 1378 τείχη
507 1333 553 1367 τὰ
576 1332 840 1378 ἩΑθηναιων]
866 1333 1055 1366 SicClark.
1072 1334 1150 1366 Vat.
1169 1333 1214 1365 A.
1232 1332 1336 1365 Coisl.
1353 1333 1431 1365 Par.

73 1381 244 1414 BGVW.
269 1381 360 1414 Flor.
386 1392 416 1414 a.
442 1382 475 1413 b.
500 1392 529 1414 o.
555 1391 589 1412 x.
635 1380 750 1436 Vulgo
776 1380 832 1412 καὶ
858 1378 896 1411 τὰ
923 1381 1012 1421 τείχη
1037 1383 1106 1434 τῶν
1129 1376 1344 1434 ’ᾼθηναίωκ
1367 1377 1431 1410 Ed.

74 1427 152 1460 Bas.
177 1425 210 1460 2.
239 1427 295 1459 καὶ
320 1425 360 1459 τὰ
383 1429 473 1469 τείχη
497 1424 536 1458 τὰ
569 1429 638 1458 τῶν
660 1422 736 1458 ’.Αθ
767 1425 861 1458 Flor.
884 1434 914 1457 c.
954 1425 1010 1457 καὶ
1036 1423 1074 1456 τὰ
1104 1426 1194 1467 τείχη
1217 1421 1433 1466 Αθηναίων.

75 1577 194 1600 raeum
217 1567 402 1608 transtulit,
426 1577 532 1609 quum
548 1566 717 1599 Phalereo

75 1617 177 1655 portu
200 1616 303 1645 antea
325 1612 554 1645 Athenienses
587 1612 644 1644 usi
667 1621 719 1644 es-

75 1661 162 1690 sent.
183 1658 226 1690 V.
257 1657 482 1690 Plutarch.
514 1661 548 1689 et
570 1657 718 1700 Nepet.

76 1703 162 1735 vitt.
172 1703 417 1736 Themistoclis
446 1706 548 1745 atque
563 1703 580 1734 Ι
587 1713 611 1735 ιι
619 1713 636 1735 s
645 1703 719 1734 tin.

76 1748 121 1789 11,
140 1747 194 1782 10.
216 1749 262 1781 Et
278 1748 430 1781 celebres
450 1753 531 1781 sunt
547 1747 601 1780 illi
620 1748 720 1788 muri,

76 1804 98 1826 a
120 1793 260 1826 Socrate
291 1794 407 1827 statim
430 1798 509 1836 post
538 1793 719 1832 nominati,

78 1839 139 1880 qui
163 1837 200 1871 τὸ
224 1837 361 1881 μακρὸν
383 1843 489 1881 τεῖχος
521 1848 583 1870 seu
607 1836 720 1879 μακρὰ

79 1885 168 1926 τείχη
213 1888 247 1917 et
297 1883 397 1927 σκέλη
444 1882 719 1926 appellabantur,

77 1930 239 1972 utrinque
275 1929 459 1972 iungentes
498 1929 621 1961 Piraeo
665 1938 721 1960 ur·

78 1973 168 2006 bem.
231 1974 361 2007 Eorum
390 1973 477 2006 alter
508 1971 544 2006 τὸ
561 1971 721 2028 βόρειον

77 2017 279 2059 vocabatur,
304 2019 392 2051 alter
405 2023 521 2051 autem
539 2017 576 2051 τὸ
594 2030 719 2050 νοτιον.

77 2063 318 2097 Fundamenta.
355 2064 478 2097 iecisse
523 2062 723 2106 perhibetur

79 2109 202 2142 Cimon
215 2133 224 2149 ‚
256 2110 306 2142 nti
330 2108 479 2142 ostendit
500 2119 519 2141 e
542 2109 721 2142 Plutarchi

80 2154 223 2187 Cimone
253 2155 481 2187 Meursius
519 2154 560 2186 de
597 2155 720 2187 Piraeo

80 2209 110 2232 c.
142 2198 194 2240 2.,
224 2210 310 2242 opus
341 2210 422 2232 vero
451 2200 635 2242 perfecisse
658 2200 721 2232 Pe-

78 2243 181 2277 ricles
213 2255 316 2286 opera
349 2245 544 2278 Callicratis
575 2245 722 2277 archite-

80 2289 138 2322 cti.
165 2288 214 2322 Τὸ
238 2288 278 2322 δὲ
300 2288 436 2342 μακρὸν
459 2294 584 2332 τεῖχος,
608 2290 722 2332 inquit

79 2334 349 2368 Plutarchus
371 2335 408 2366 in
431 2335 564 2368 Pericle
587 2345 620 2377 p.
645 2334 721 2369 160.

80 2380 134 2420 A,
166 2380 247 2421 περὶ
277 2373 319 2411 οὗ
354 2378 541 2422 Σωκράτης
572 2378 725 2412 ἀκοῦσαί

83 2434 191 2467 φησιν
215 2422 317 2458 αὐτὸς
344 2423 598 2480 εἰςηγουμένου
626 2423 722 2478 γνώ-

81 2480 150 2512 μην
204 2468 430 2511 Περικλέους,
505 2466 722 2514 ἠργολάβησε

83 2512 347 2570 Καλλικράτης”

125 2559 165 2591 Ε.
212 2556 294 2591 ἀλλ’
335 2570 414 2591 ουκ
446 2557 491 2591 ἐκ
531 2563 615 2591 τῶν
654 2559 705 2602 δη

82 2615 114 2656 μ
115 2615 152 2636 ιο
163 2615 183 2636 υ
195 2615 213 2645 ρ
223 2616 242 2646 y
251 2603 318 2647 ῶν]
344 2603 623 2646 Breviloquent-ia
636 2605 722 2637 haec

80 2649 173 2681 viros
202 2649 321 2682 doctos
359 2649 448 2681 male
478 2649 610 2681 habuit.
671 2651 723 2682 Ita

81 2694 378 2726 Buttmannus
432 2697 466 2726 et
511 2694 724 2727 Heindor-

81 2738 169 2771 sius
206 2738 390 2782 legendum
428 2740 647 2772 coniecerunt
684 2738 723 2772 ἐκ

788 1569 845 1643 ἑῗῖ
861 1564 1242 1653 ἔέἔίῇζργαέῖοᾱὸῗῗ
1250 1564 1431 1651 Ἥιῗῗ

788 1655 864 1688 141.
890 1654 928 1688 ἑκ
951 1658 1008 1699 τῆς
1025 1658 1094 1688 τῶν
1113 1654 1338 1698 δημιουργῶν
1359 1665 1433 1687 cor-

787 1702 880 1745 rigit,
904 1701 995 1744 quod
1009 1706 1214 1743 receperunt
1229 1702 1332 1733 etiam
1358 1700 1385 1732 C
1398 1711 1433 1732 ο-

790 1757 885 1779 raes
898 1751 932 1779 et
949 1746 1175 1789 Hirschig.
1191 1747 1372 1778 Bastius
1388 1745 1432 1777 ad

768 1792 931 1835 ‘Gregon
941 1791 1095 1824 Corinth.
1102 1802 1136 1834 p.
1145 1790 1221 1824 360.
1231 1790 1433 1831 „Librarii”,

788 1838 912 1879 inquit,
935 1836 1017 1876 „ubi
1029 1837 1097 1869 duo
1111 1836 1252 1873 articuli
1270 1836 1434 1878 deinceps

788 1886 981 1924 ponuntur,
1005 1881 1150 1914 alterum
1175 1882 1312 1924 saepius
1336 1882 1434 1914 omit-

788 1927 896 1959 tunt.”
964 1927 1111 1960 Codices
1155 1931 1270 1959 tamen
1314 1937 1434 1959 manu-

789 1973 909 2015 scripti
931 1972 1109 2016 vulgatam
1131 1972 1314 2005 lectionem
1336 1976 1435 2005 tuen-

790 2022 845 2050 tur
869 2028 1000 2050 omnes.
1046 2018 1117 2051 Nec
1139 2028 1221 2050 vero
1245 2017 1435 2060 quidquam

788 2063 1001 2095 mutandum.
1031 2063 1224 2118 Xenoph.
1262 2064 1365 2096 Mem.
1389 2064 1435 2104 ΙΙ,

789 2107 822 2149 4,
845 2108 885 2142 6:
930 2106 948 2141 ὁ
972 2106 1038 2152 γὰρ
1063 2105 1201 2152 ἀγαθὸς
1227 2109 1327 2149 φίλος
1351 2108 1434 2141 &ct-v

791 2152 855 2186 τὸν
879 2152 984 2186 τάττει
1009 2153 1098 2196 πρὸς
1123 2157 1191 2186 πᾶν
1214 2153 1251 2185 τὸ
1277 2153 1434 2186 ἐλλεῖπον

791 2202 836 2243 τῷ
863 2200 953 2243 φίλῳ
978 2199 1034 2231 καὶ
1071 2202 1130 2242 τῆς
1155 2202 1221 2231 τῶν
1246 2198 1350 2231 ι”διων
1373 2211 1433 2232 κα-

790 2247 958 2287 τασκευῆς
996 2245 1052 2277 καὶ
1084 2247 1154 2276 τῶν
1183 2247 1314 2276 κοινῶν
1345 2242 1434 2286 πρά-

791 2290 892 2343 gewp,
917 2290 951 2322 h.
977 2300 1008 2322 e.
1037 2289 1093 2321 καὶ
1120 2292 1177 2332 τῆς
1203 2293 1272 2322 τῶν
1303 2293 1434 2322 κοινῶν

791 2333 965 2376 πράξεων.
1028 2334 1126 2367 Nihil
1163 2334 1231 2367 hoe
1262 2345 1328 2367 usu
1366 2345 1435 2367 cre-

789 2379 885 2412 brius
920 2380 957 2412 in
983 2378 1310 2422 comparationibus.
1342 2380 1432 2412 conf.

789 2425 978 2458 Boeckh.
1001 2425 1176 2467 Explicat.
1192 2425 1292 2458 Pind.
1310 2435 1343 2468 p.
1357 2424 1434 2460 104.

789 2470 1023 2503 Matthiae.
1058 2471 1117 2503 Gr.
1150 2470 1181 2509 §-
1210 2468 1289 2504 453.
1326 2471 1435 2503 Frit-

791 2516 894 2548 sche
941 2515 1098 2555 Quaestt.
1144 2514 1232 2547 Luc.
1277 2526 1311 2558 p.
1356 2514 1435 2549 108.

790 2559 1037 2603 Kiessling.
1070 2559 1113 2592 ad
1138 2560 1285 2593 Theocr.
1309 2561 1354 2601 11,
1380 2559 1433 2593 15.

790 2606 910 2647 Neque
934 2605 1070 2637 Latinis
1094 2608 1146 2637 est
1168 2605 1254 2638 haec
1271 2606 1360 2638 ratio
1385 2606 1435 2637 in-

791 2651 930 2682 usitata.
961 2660 994 2681 v.
1027 2650 1167 2683 Cicer.
1214 2651 1267 2683 De
1300 2651 1435 2683 Orator.

792 2696 818 2734 1,
841 2694 874 2735 4,
899 2693 951 2727 15.
976 2695 1119 2728 Tuscul.
1143 2695 1178 2736 Ι,
1203 2695 1235 2736 1,
1258 2695 1290 2728 2.
1314 2696 1432 2737 ibique

791 2739 1010 2772 Kuehner.
