1682 2944
283 190 334 225 42
752 190 1101 230 PROLEGOMEN
1105 194 1134 230 A

282 299 513 346 ostenditur,
552 313 650 351 quae
688 313 805 352 quum
835 302 881 340 ad
920 302 1083 352 speciem
1120 304 1248 353 potius
1286 304 1467 344 scientiae
1495 318 1609 357 quam

282 355 329 392 ad
359 355 526 393 eiusdem
555 356 755 395 veritatem
783 359 1061 396 accommodata
1080 358 1141 406 sit,
1170 359 1322 397 omnino
1349 372 1468 411 quum
1489 361 1609 400 omnis

280 410 456 457 virtutis,
495 415 578 449 tum
616 411 800 462 imprimis
836 413 1006 452 iustitiae
1044 413 1155 453 laude
1193 427 1326 453 vacare
1355 415 1609 455 existimanda

281 465 342 504 sit.
407 465 518 507 Quod
555 470 683 505 tamen
721 481 766 506 eo
803 469 914 506 modo
950 470 1162 519 peragitur,
1209 476 1254 508 ut
1290 471 1410 520 ipsius
1446 471 1606 521 Gorgiae

280 521 403 559 famae
433 524 472 560 et
500 522 771 574 existimationi
810 528 1006 573 parcatur,
1045 525 1144 564 sicut
1170 526 1329 564 Phaedr.
1360 540 1395 576 p.
1427 527 1518 565 267.
1547 530 1607 574 A„

280 576 468 627 siquidem
496 578 530 615 ei
560 579 691 618 nativa
709 580 894 630 quaedam
922 580 1010 617 boni
1039 584 1079 618 et
1106 580 1197 619 iusti
1218 582 1447 620 verecundia
1475 582 1607 633 utique

280 633 507 671 conceditur.
572 634 623 672 Et
650 634 721 672 hoc
748 635 898 687 quidem
929 635 1097 674 universi
1126 637 1341 675 certaminis
1368 638 1522 675 initium
1550 643 1609 676 est

280 692 319 727 et
345 689 468 738 prima
494 690 602 740 quasi
630 703 780 739 pugnae
808 691 1032 739 congressio.

364 744 530 794 Suscipit
557 745 693 784 deinde
720 759 929 784 sermonem
957 746 1091 792 Polus,
1131 746 1281 785 iuvenis
1315 749 1496 796 magistro
1536 749 1604 787 ali-

279 803 423 850 quanto
467 800 638 848 calidior,
686 801 971 848 contentiosior,
1017 802 1211 849 audacior,
1249 803 1315 854 qui
1354 815 1424 841 nec
1457 804 1607 843 dubitat

279 867 451 893 caussam
488 856 694 895 rhetorices
722 857 896 908 quamvis
923 857 1048 894 minus
1076 858 1274 896 honestam
1302 859 1478 907 gnaviter
1505 860 1604 898 tueri

279 923 323 948 ac
351 912 562 950 defendere.
619 913 666 949 Iu
694 925 768 964 quo
806 913 930 951 utitur
956 913 1104 951 dicendi
1142 926 1279 962 genere
1307 914 1509 963 sophistice
1547 927 1606 952 or-

280 970 371 1005 nato
400 970 439 1005 et
454 967 656 1006 artificiose
676 969 942 1007 calamistrato.
982 970 1020 1006 Is
1048 981 1149 1015 vero,
1168 974 1415 1021 posteaquam
1434 971 1605 1009 Socrates

279 1022 453 1061 ostendit·
480 1023 707 1061 rhetoricam
744 1024 815 1062 sibi
853 1024 974 1062 videri
1012 1023 1123 1062 iuxta
1161 1037 1245 1062 cum
1283 1025 1507 1075 sophistica,
1546 1026 1606 1064 cui

279 1078 479 1116 admodum
507 1078 558 1117 sit
585 1083 767 1128 cognata,
805 1083 925 1118 artem
953 1092 1035 1118 esse
1062 1079 1174 1129 plane
1203 1080 1451 1118 adulatoriam
1479 1085 1518 1119 et
1546 1094 1605 1119 eo-

278 1131 475 1184 quinariae
493 1134 595 1172 haud
615 1134 825 1173 absimilem
843 1139 976 1185 utpote
995 1135 1120 1172 omnia
1138 1135 1262 1184 gratia
1278 1139 1393 1187 atque
1411 1136 1607 1186 voluptate

278 1189 500 1228 metientem
527 1190 579 1240 (p.
609 1194 701 1228 462.
730 1191 769 1229 C.
799 1212 855 1218 —-
884 1195 974 1229 465.
1004 1190 1085 1238 E.)‚
1120 1191 1293 1239 neglecta
1318 1192 1390 1229 hac
1418 1192 1608 1230 sententia

278 1244 383 1283 illam
410 1249 591 1295 protenus
629 1246 823 1285 contendit
859 1246 931 1288 hoc
958 1246 1111 1297 quidem
1146 1246 1286 1285 habere
1313 1247 1525 1296 proprium,
1563 1252 1608 1285 ut

278 1301 361 1339 eius
400 1315 470 1351 ope
508 1303 554 1340 ad
591 1302 797 1339 maximam
833 1302 874 1339 in
910 1301 1104 1351 republica
1150 1302 1513 1341 auctoritatem
1559 1307 1608 1341 et

278 1357 560 1406 potentiam
596 1357 852 1407 perveniatur.
919 1358 1055 1408 Itaque
1094 1369 1178 1394 eam
1224 1358 1280 1395 ab
1326 1370 1416 1395 usu
1453 1361 1501 1396 et
1544 1358 1607 1396 ef-

278 1413 417 1451 fectu
454 1413 585 1451 laudat
620 1412 852 1464 mirificeque
885 1413 1078 1462 praedicat
1104 1424 1234 1450 eorum
1261 1412 1502 1459 felicitatem,
1540 1413 1607 1464 qui

279 1468 364 1507 aliis
391 1469 432 1506 in
460 1468 653 1518 republica
680 1469 766 1518 plus
794 1469 960 1506 habeant
986 1473 1026 1506 et
1053 1467 1179 1505 omnia
1206 1467 1360 1506 arbitrio
1389 1481 1457 1506 suo
1499 1481 1606 1518 pera-

278 1536 368 1573 gere
403 1525 571 1575 adeoque
609 1524 702 1561 alios
740 1524 924 1573 supplicio
962 1524 1112 1561 afficere
1148 1523 1304 1572 possint.
1361 1523 1485 1564 Quam
1522 1537 1606 1562 sen·

279 1579 439 1618 tentiam
467 1580 583 1618 etiam
601 1580 906 1630 Thrasymachus
934 1578 1101 1617 defendit
1128 1578 1187 1616 De
1207 1579 1366 1629 Republ.
1396 1580 1427 1616 Ι.
1456 1592 1492 1628 p.
1514 1582 1606 1617 338.

280 1637 326 1673 A.
356 1648 460 1687 seqq.
517 1636 615 1673 Tum
642 1648 733 1674 vero
761 1648 892 1674 severe
927 1635 965 1672 id
994 1634 1139 1682 agitur,
1177 1639 1222 1672 ut
1258 1634 1371 1672 istam
1398 1634 1607 1684 potentiam

278 1703 413 1730 revera
440 1691 585 1728 nullam
614 1703 695 1729 esse
725 1691 893 1742 adeoque
913 1690 1175 1739 impotentiam
1193 1690 1318 1727 vocari
1346 1690 1483 1727 debere
1501 1690 1607 1728 evin-

280 1750 398 1785 catur.
456 1745 605 1797 Quippe
643 1747 846 1796 opponitur
883 1745 939 1783 illi
969 1745 1155 1795 opinioni,
1194 1758 1243 1782 ex
1280 1758 1385 1783 mera
1410 1745 1514 1783 vitae
1543 1758 1609 1783 ex·

279 1806 410 1841 ternae
438 1803 562 1852 specie
590 1803 745 1849 ductae,
783 1801 1043 1852 philosophiae
1079 1800 1177 1838 ratio
1214 1805 1254 1838 et
1287 1800 1471 1846 doctrina,
1508 1813 1606 1852 quae

278 1858 468 1897 internam
496 1858 660 1896 hominis
688 1857 808 1896 vitam
836 1861 981 1907 spectat
1017 1857 1181 1907 indeque
1219 1857 1266 1894 de
1294 1868 1386 1894 vera
1422 1856 1606 1907 cuiusque

278 1913 456 1952 libertate
485 1926 528 1951 ae
556 1913 727 1963 potentia
762 1912 944 1951 iudicium
971 1911 1140 1950 assumit.
1197 1912 1366 1950 Docetur
1393 1911 1495 1949 enim
1522 1911 1607 1949 rhe-

279 1969 424 2008 toricen
453 1972 492 2007 et
518 1969 697 2018 politicen
716 1969 839 2006 facere
865 1968 1019 2019 quidem
1046 1980 1172 2019 quae
1199 1967 1391 2013 lubeat,
1420 1979 1490 2004 nec
1516 1979 1608 2005 vero

280 2037 405 2076 quae
443 2024 575 2063 velit
613 2025 721 2072 (465.
750 2024 794 2062 E.
823 2023 955 2074 seqq.),
993 2023 1134 2074 quippe
1170 2034 1289 2073 quum
1317 2022 1401 2059 luce
1428 2022 1608 2060 scientiae

280 2083 407 2119 careat
433 2081 593 2131 ideoque
621 2080 745 2130 ipsum
774 2092 867 2128 opus
902 2078 1093 2116 actionum
1130 2078 1382 2115 humanarum
1416 2077 1496 2115 fere
1523 2089 1609 2127 per-

279 2138 403 2175 mutet
431 2148 518 2173 cum
545 2136 632 2182 fine,
661 2135 728 2186 qni
757 2135 811 2172 eis
828 2134 1042 2184 propositus
1070 2146 1152 2171 esse
1173 2133 1319 2171 debeat.
1357 2133 1451 2170 Esse
1478 2138 1606 2171 autem

280 2191 397 2230 finem
424 2190 575 2229 illarum
603 2190 702 2228 nihil
729 2190 832 2228 aliud
861 2202 974 2241 quam
1002 2190 1197 2235 bonum,
1235 2200 1311 2239 quo
1338 2188 1510 2236 neglecto
1546 2187 1608 2226 vel

279 2247 485 2286 maximam
512 2246 723 2297 potentiam
749 2245 925 2283 miseram
963 2244 1163 2290 exsistere,
1201 2244 1506 2294 quandoquidem
1540 2242 1607 2281 in·

282 2303 419 2342 iuste
467 2315 614 2351 agere
659 2301 780 2340 multo
816 2301 867 2339 sit
901 2300 1009 2350 peius
1054 2311 1168 2351 quam
1214 2298 1458 2336 iniuriam
1503 2310 1605 2348 per-

279 2358 397 2409 peti.
455 2358 586 2397 Unum
614 2358 716 2395 enim
752 2357 910 2407 probum
947 2359 986 2394 et
1013 2356 1152 2393 bonum
1180 2354 1305 2392 virum
1333 2366 1416 2392 esse
1441 2355 1607 2400 beatum,

279 2414 493 2465 improbum
521 2417 560 2452 et
587 2413 730 2451 malum
759 2416 888 2450 contra
923 2410 1132 2456 infelicem,
1171 2410 1339 2461 adeoque
1374 2409 1515 2447 iniuste
1550 2410 1606 2446 fa-

281 2470 443 2509 cientem
481 2482 564 2507 esse
606 2468 858 2515 miseriorem,
905 2466 937 2505 si
974 2466 1118 2504 nullam
1165 2466 1247 2503 luat
1282 2464 1481 2515 pravitatis
1515 2476 1607 2502 suae

280 2537 452 2576 poenam,
481 2536 594 2576 quam
622 2524 654 2562 si
674 2536 719 2562 ea
737 2523 936 2562 afficiatur.
979 2522 1077 2559 Nam
1105 2522 1206 2572 quod
1234 2520 1382 2559 dicatur
1407 2519 1606 2569 turpius

282 2581 436 2633 quidem
474 2577 659 2630 (αἴσχιον)
696 2592 778 2618 esse
816 2578 956 2617 iniuste
991 2589 1122 2626 agere,
1160 2589 1274 2628 quam
1310 2575 1391 2626 pati
1418 2574 1606 2621 iniuriam,

280 2649 353 2675 nec
379 2649 470 2675 vero
498 2635 641 2686 peius
671 2631 843 2684 (κάκιον),
871 2633 910 2672 id
927 2632 1037 2671 nihili
1057 2645 1151 2678 esse,
1179 2630 1483 2684 quandoquidem
1510 2630 1605 2668 illud

283 2695 323 2733 et
349 2692 499 2745 turpius
536 2695 576 2731 et
610 2690 719 2742 peius
747 2690 860 2730 simul
894 2700 977 2728 esse
1003 2688 1217 2739 reperiatur
1250 2686 1303 2737 (p.
1331 2685 1608 2733 474—476.).
