1702 2924
210 130 287 166 120

755 124 1014 164 PLATONIS

144 238 180 283 C
213 231 306 288 ἔχει,
335 231 527 287 μηχανὴν
550 229 594 274 δέ
612 246 706 273 τινα
728 234 906 280 πειθοῦς
932 230 1165 285 εὑρηκέναι,
1194 229 1294 279 ὥςτε
1321 230 1549 284 φαίνεσθαι

211 302 299 347 τοῖς
326 298 406 339 οὐκ
434 297 564 339 εἰδόσι
591 298 752 350 μᾶλλον
779 294 932 337 εἰδέναι
957 298 1043 337 τῶν
1070 295 1257 336 εἰδότων.

299 363 403 420 Cap.
434 362 556 405 XIV.
616 362 658 402 Γ
657 361 743 402 ΟΡ.
799 356 971 401 Οὐκοῦν
998 359 1130 412 πολλὴ
1160 358 1367 415 ῥᾳστώνη,
1398 352 1432 399 ὦ
1455 357 1547 399 Σώ-

213 443 382 482 κρατες,
423 428 608 482 γίγνεται
644 425 701 482 μὴ
739 427 936 480 μαθόντα
976 426 1050 475 τὰς
1086 429 1215 474 α”λλας
1240 425 1405 479 τέχνας,
1444 423 1547 465 ἀλλὰ

213 493 314 546 μίαν
340 493 511 546 ταύτην,
541 490 670 544 μηδὲν
700 491 979 532 ἐλαττοῦσθαι
1005 492 1092 531 τῶν
1117 491 1411 544 δημιουργῶνς
1448 490 1547 532 ΣΩ.

210 557 262 598 Εἰ
287 555 363 610 μὲν
391 554 634 598 ἐλαττοῦται
659 555 686 609 ἢ
715 553 771 609 μὴ
802 554 1043 596 ἐλαττοῦται
1076 555 1099 596 ό
1128 555 1267 609 ῥήτωρ
1295 556 1380 595 τῶν
1407 556 1549 595 ἄλλων

215 620 283 662 διὰ
319 621 366 662 τὸ
406 620 541 668 οὕτως
568 617 688 673 ἔχειν,
730 615 882 661 αὐτίκα
909 618 1245 671 ἐπισκεψόμεθα,
1283 617 1358 660 ἐάν
1384 634 1424 660 τι
1449 618 1551 672 ἡμῖν

215 685 321 737 πρὸς
360 685 491 738 λόγου
529 682 557 738 ἦ
570 697 580 707 “

620 690 700 726 νῦν
729 683 773 725 δὲ
798 684 893 725 τόδε
921 683 1127 735 πρότερον
1155 684 1427 736 σκεψώμεθα,
1469 674 1552 736 ἆρα

145 753 187 795 D
216 749 414 803 τυγχάνει
451 749 545 803 περὶ
580 750 628 791 τὸ
667 749 832 790 δίκαιον
858 746 928 789 καὶ
955 747 1003 788 τὸ
1030 747 1179 789 ἄδικον
1206 746 1276 789 καὶ
1302 744 1350 788 τὸ
1378 747 1552 801 αἰσχρὸν

218 813 287 854 καὶ
312 815 358 855 τὸ
382 812 513 854 καλὸν
538 813 608 854 καὶ
635 813 805 865 ἀγαθὸν
831 810 901 853 καὶ
927 811 1061 853 κακὸν
1088 810 1222 859 οὕτως
1249 808 1354 864 ἔχων
1381 810 1405 852 ό
1433 811 1552 865 ῥητο-

218 877 334 930 ρικὸς
362 878 418 926 ὡς
437 877 532 931 περὶ
552 878 600 918 τὸ
633 877 821 930 ὑγιεινὸν
847 876 914 918 καὶ
945 874 1038 927 περὶ
1065 875 1115 916 τὰ
1142 877 1247 916 ἄλλα
1275 867 1337 916 ὧν
1364 875 1409 916 αἱ
1433 877 1554 916 ἄλλαι

218 941 369 995 τέχναι,
399 938 506 983 αὐτὰ
528 939 605 994 μὲν
626 938 706 982 οὐκ
727 941 858 989 εἰδώς,
887 941 925 982 τί
953 940 1122 993 ἀγαθὸν
1149 936 1177 992 ἢ
1203 940 1243 981 τί
1269 940 1402 982 κακόν
1429 939 1553 987 ἐστιν,

219 1002 247 1059 ἢ
273 1006 313 1047 τί
338 1005 470 1048 καλὸν
497 1002 526 1059 ἦ
552 1006 592 1046 τί
619 1005 811 1059 αἰσχρόν,
848 1001 877 1058 ἢ
903 1005 1068 1046 δίκαιον
1096 1002 1122 1057 ἦ
1149 1004 1309 1054 ἄδικον,
1348 1004 1483 1044 πειθὼ
1510 1002 1555 1045 δὲ

218 1068 313 1122 περὶ
359 1065 503 1111 αὐτῶν
550 1067 917 1123 μεμηχανημένος,
966 1065 1066 1118 ὥςτε
1102 1068 1245 1110 δοκεῖν
1283 1066 1436 1110 εἰδέναι
1473 1064 1554 1110 οὐκ

287 1207 325 1240 C.
372 1211 454 1240 τῶν
478 1206 778 1251 δημιουργῶν]
811 1210 878 1239 τῶν
901 1204 1011 1239 ἄλλων
1034 1205 1281 1250 [δημιουργῶν]
1304 1205 1476 1249 Hirschig.

286 1272 439 1306 αὐτίκα
468 1272 822 1317 ἐπισκεψόμεθα]
854 1271 1121 1314 ἐπισκεψώμεθα
1152 1273 1231 1305 Vat.
1259 1272 1364 1305 Coisl.
1395 1273 1480 1305 Ven.
1514 1271 1554 1304 Σ.

219 1319 320 1351 vind.
345 1319 375 1351 1.
398 1318 429 1352 2.
455 1318 485 1352 7.
517 1320 592 1351 Par.
615 1319 678 1352 FI.
725 1318 793 1351 Sed
822 1319 975 1351 futurum
1006 1318 1043 1350 in
1072 1318 1128 1350 hie
1157 1317 1312 1350 formulis
1335 1317 1499 1350 usitatum
1523 1321 1557 1350 et

218 1363 418 1407 legitimum.
465 1363 555 1396 Dein
584 1364 700 1396 Herm.
730 1363 847 1396 invitis
871 1362 967 1396 codd.
992 1367 1026 1395 et
1047 1366 1129 1395 vett.
1152 1362 1246 1397 editt.
1270 1362 1428 1395 omnibus
1451 1373 1469 1395 e
1493 1372 1554 1395 suo

219 1408 358 1442 arbitrio
383 1409 520 1451 scripsit
543 1406 630 1450 πρὸς
654 1406 768 1451 λόγον.

263 1534 346 1577 Cap.
360 1535 453 1567 XIV.
469 1535 508 1567 C.
532 1531 855 1589 Οὑκοῦνπολλὴ

222 1577 443 1632 ῥᾳστώνη]
469 1579 501 1612 h.
520 1590 548 1612 e.
573 1577 698 1622 πολλὴν
725 1576 854 1622 ῥᾳσιιό-

218 1636 284 1667 νην
313 1623 465 1666 παρέχει,
507 1628 545 1656 ut
579 1625 663 1656 alibi
696 1623 858 1665 loquitur,

219 1669 252 1701 h.
291 1679 319 1701 e.
355 1669 535 1701 multum
573 1669 707 1701 habet
749 1678 856 1700 com-

218 1713 446 1746 moditatis
470 1718 511 1746 et
534 1713 787 1746 levamenti.
812 1731 854 1736 —

188 1757 354 1800 ,μηδεν
373 1757 665 1790 ἐλαττοῦσθαι
688 1761 768 1789 τῶν
789 1757 839 1799 δη

220 1806 463 1845 μιουργιῦν,
499 1802 629 1835 nulla
661 1802 702 1833 in
734 1813 776 1834 re
806 1769 855 1834 avb

221 1846 460 1903 opificibus
484 1846 698 1889 superari.
722 1865 765 1870 —
790 1842 855 1878 διὰ

221 1891 261 1925 τὸ
299 1890 434 1926 οὕτως
471 1893 602 1933 ἔχειν,
648 1901 695 1924 sc.
731 1889 786 1923 διὰ
820 1888 854 1922 τὸ

219 1939 302 1976 μίαν
336 1935 460 1978 ταύιτηι
496 1935 614 1978 τὲχιην
644 1936 781 1975 μαθεῖν.
813 1953 856 1959 --

220 1979 728 2020 αὐτικαέπισκεψόμεθα.
753 1981 856 2013 Recte

222 2025 366 2058 Schol.
382 2022 539 2058 αὔτικα
558 2022 695 2058 εὐθέως
715 2025 770 2057 καὶ
794 2037 855 2057 πα-

224 2073 392 2112 ραχρῆμα·
420 2067 855 2109 νῦνδὲμικρὸνῦστε-

223 2126 308 2155 ροι.
358 2114 445 2148 Vide
483 2113 525 2145 ad
565 2124 598 2155 p
630 2112 707 2146 450.
739 2113 776 2145 C
812 2131 856 2137 —

221 2157 297 2191 ἐάν
329 2170 360 2191 τι
394 2156 500 2202 ἡμῖν
532 2157 641 2199 πρὸς
666 2155 798 2200 λόγου
822 2152 854 2200 ᾖ.

222 2202 470 2256 Olympiod.
494 2203 576 2235 Ms.:
601 2200 768 2234 ἀντὶτοῦ·
794 2201 857 2235 ἐὰι

221 2246 301 2291 ἡμῖν
324 2245 492 2290 χρήσιμον
524 2260 543 2290 ῃ
578 2246 612 2279 τὸ
639 2243 726 2287 ὑπὲρ
751 2245 856 2290 λόγου

222 2295 344 2335 ζητεῖν.
398 2291 579 2335 Significat
614 2291 781 2323 formula·
819 2292 856 2324 si

221 2337 325 2380 quid
358 2337 408 2369 ad
438 2340 633 2369 nostram
664 2335 858 2369 condunt

221 2382 590 2423 disputationem,
642 2381 775 2423 proprie
821 2381 857 2413 si

222 2426 322 2469 quid
346 2430 411 2458 cst
439 2436 457 2458 e
481 2427 653 2458 ratione
676 2429 857 2458 nostrae

222 2471 561 2513 disputationis.
601 2480 633 2502 v·
664 2470 857 2503 Fischer.

221 2515 263 2548 ad
274 2514 411 2548 Wellcr.
425 2516 466 2547 Τ.
480 2516 539 2547 111.
552 2516 589 2547 P.
603 2515 646 2548 11.
665 2525 698 2557 p.
709 2513 775 2548 251
787 2525 857 2557 seq.

221 2566 255 2592 et
274 2570 359 2602 quos
381 2560 500 2593 laudat
516 2559 662 2592 Matth.
680 2560 738 2593 Gr.
754 2559 857 2602 ampl.

221 2607 250 2646 ἕ.
275 2604 352 2638 590.
375 2605 414 2637 Β.
460 2605 538 2638 Non
569 2615 653 2647 opus
686 2607 738 2638 est
770 2602 857 2646 πρὸς

923 1531 1027 1576 λόγον
1061 1533 1179 1566 invitis
1214 1533 1311 1566 libris
1345 1543 1454 1575 nuper
1482 1533 1559 1566 Pla-

923 1579 996 1611 toni
1030 1577 1225 1619 obtrusum,
1267 1578 1348 1610 licet
1382 1578 1449 1611 hac
1486 1579 1560 1620 ipsa

924 1622 1069 1659 formula
1079 1622 1163 1655 alibi
1175 1633 1256 1655 usus
1269 1623 1314 1655 sit
1324 1622 1560 1665 philosophus,

923 1668 1024 1700 sicuti
1062 1667 1272 1700 ostendimus
1310 1667 1353 1699 ad
1383 1668 1557 1710 Protagor.

922 1723 955 1755 p.
979 1710 1054 1745 343.
1079 1713 1123 1744 D.
1146 1711 1335 1744 etPhileb.
1356 1721 1410 1766 p.
1413 1710 1468 1745 33.
1491 1713 1530 1745 Β.

968 1757 1012 1788 D.
1055 1755 1190 1790 οὕτως
1214 1757 1322 1798 ἔχων
1346 1767 1363 1788 ο
1392 1754 1559 1799 ρἠτορι-

925 1799 1020 1844 κός]
1060 1801 1286 1857 Explicantur
1320 1801 1406 1833 haec
1437 1801 1560 1835 deinde

924 1845 1038 1878 verbis
1070 1843 1154 1879 αὐτὰ
1185 1846 1250 1885 μὲν
1282 1843 1346 1879 οὐκ
1376 1844 1480 1880 εἰδώς
1503 1864 1558 1885 -,

925 1888 1035 1923 πειθώ
1061 1889 1100 1923 δὲ
1128 1891 1207 1931 περὶ
1232 1887 1348 1923 αυτῶν
1370 1901 1558 1933 μεμηχανη-

925 1934 1038 1974 μένος,
1063 1933 1145 1970 diste
1168 1936 1284 1968 δοκεῖν
1307 1947 1335 1968 κ.
1361 1946 1385 1967 τ.
1410 1937 1437 1968 λ.
1477 1935 1561 1968 Post

926 1979 961 2011 τὸ
1002 1979 1106 2013 καλὸν
1148 1980 1238 2022 quod
1284 1979 1444 2023 deinceps
1490 1990 1559 2013 non

925 2025 1086 2067 repetitus
1124 2030 1176 2057 est
1215 2024 1399 2064 articulus,
1441 2024 1558 2057 eodem

924 2068 1023 2100 modo
1054 2069 1143 2101 infra
1174 2079 1205 2111 p.
1235 2067 1310 2102 488.
1342 2069 1380 2101 C.
1412 2067 1488 2102 498.
1521 2070 1559 2102 C.

924 2113 1052 2146 Criton.
1075 2124 1107 2155 p.
1126 2111 1180 2146 47.
1200 2113 1238 2146 C.
1262 2113 1433 2146 Phaedon.
1457 2124 1489 2156 p.
1507 2112 1559 2147 75.

925 2158 963 2190 C.
986 2156 1039 2190 94.
1053 2159 1096 2190 D.
1127 2157 1296 2190 Alcibiad.
1319 2159 1346 2190 Ι.
1369 2168 1402 2200 p.
1423 2157 1496 2191 117.
1517 2159 1559 2191 A.

924 2202 1159 2258 Euthyphron.
1177 2213 1210 2244 p.
1225 2201 1255 2235 7.
1274 2202 1323 2243 C.,
1347 2203 1407 2235 ubi
1424 2213 1455 2234 v.
1479 2213 1561 2235 ann.

924 2265 967 2271 —
996 2258 1054 2279 ων
1085 2246 1129 2279 αι’
1160 2244 1277 2279 ἄλλαι
1307 2246 1472 2289 τέχναι,
1512 2257 1560 2280 sc.

924 2296 1055 2334 praeter
1079 2290 1244 2334 ἰατρικήν.

969 2359 1007 2390 Ε.
1033 2355 1081 2390 οὐ
1104 2358 1180 2401 γὰρ
1208 2357 1284 2391 σὸν
1309 2357 1453 2401 ἔργον]
1478 2368 1558 2391 non

925 2403 1037 2435 enim
1066 2403 1143 2435 hoc
1174 2404 1366 2435 muneris
1396 2408 1460 2435 est
1483 2403 1559 2435 tui.

925 2457 958 2479 v.
982 2447 1194 2480 Valcken.
1225 2447 1268 2481 ad
1291 2447 1406 2489 Eurip.
1432 2447 1562 2479 Phoen-

925 2502 958 2524 v.
993 2490 1069 2524 447.
1106 2493 1238 2535 interpp

925 2537 1040 2579 Symp.
1066 2537 1123 2578 lv,
1150 2536 1205 2570 46.

968 2604 1006 2636 P.
1023 2603 1100 2638 460.
1138 2599 1400 2647 &sunjon
1424 2597 1560 2646 εἶπες]

1241 2516 1250 2525 .
1287 2491 1331 2524 ad
1369 2491 1561 2534 Xenoph.
