1702 2924
370 195 615 236 GORGIAS.
643 195 814 233 1³:454.
843 196 937 232 455.
966 193 1027 232 ed.
1059 192 1116 230 st.
1341 189 1418 227 107

67 306 116 347 τὸ
143 303 320 354 εἰδέναι-ς
351 306 476 346 ῙῸΡ.
508 305 657 358 Δῆλον
684 302 840 357 δήπου,
874 295 908 343 ὦ
934 300 1175 354 Σώκρατες,
1207 298 1272 341 ὅτι
1301 296 1343 349 ἐξ
1370 290 1422 352 ἧς

69 371 119 412 τὸ
146 371 372 412 πιστεύειν.
427 369 530 411 ΣΩ.
568 370 612 410 Η
635 364 838 422 ῥητορικὴ
866 369 974 420 ἄρα,
1004 365 1062 415 ὡς
1088 362 1211 410 ἔοικε,
1240 367 1422 412 πενθοῦς

69 436 331 490 δημιουργός
359 433 444 477 ἐστι
470 438 762 487 πιστευτικῆς,
802 428 890 473 ἀλλ’
919 432 972 473 οὐ
999 431 1299 484 διδασκαλικῆς
1324 426 1419 482 περὶ
1449 423 1532 466 455

70 501 118 542 τὸ
146 501 313 543 δίκαιόν
339 515 383 541 τε
411 498 483 557 καὶ
511 499 674 540 ἄδικον.
731 499 773 539 Γ
773 499 859 539 ΟΡ.
900 498 1001 539 Ναί.
1061 497 1164 537 ΣΩ.
1207 491 1312 537 Οὐδ’
1337 497 1421 548 ἄρα

69 566 367 614 διδασκαλικὸς
394 565 419 608 ὁ
446 564 588 620 ῥήτωρ
609 562 694 606 ἐστὶ
711 563 996 616 δικαστηρίων
1017 576 1061 603 τε
1081 562 1154 604 καὶ
1174 563 1262 603 τῶν
1281 563 1422 602 ἄλλων

70 633 208 685 ὄχλων
237 630 413 673 δικαίων
440 643 483 671 τε
511 629 609 683 πέρι
627 629 699 671 καὶ
717 624 892 678 ἀδίκων,
922 628 1028 669 ἀλλὰ
1056 628 1246 676 πιστικὸς
1269 627 1419 681 μόνον.

69 697 123 739 οὐ
149 696 233 750 γὰρ
262 696 403 751 δήπου
431 697 560 749 ὄχλον
596 695 634 749 γ’
664 694 719 736 ἂν
756 694 932 736 δύναιτο
968 700 1179 736 τοσοῦτον
1215 692 1263 735 ἐν
1291 692 1421 748 ὀλίγῳ

67 763 210 818 χρόνῳ
236 761 401 812 διδάξαι
427 759 540 802 οὕτω
569 760 731 815 μεγάλα
758 760 997 814 πράγματα.
1047 760 1174 801 ΓΟΡ.
1209 759 1275 799 Οὐ
1303 758 1420 811 δῆτα.

154 827 262 886 Cap.
291 828 350 871 X.
409 830 510 870 ΣΩ.
545 827 653 880 Φέρε
693 827 770 880 δή,
809 826 967 880 ἴδωμεν
979 857 990 874 ,
1032 826 1072 866 τί
1111 839 1213 867 ποτε
1250 824 1320 866 καὶ
1359 822 1421 865 λέ-

67 909 199 950 γομεν
226 893 318 948 περὶ
349 897 439 950 τῆς
452 894 699 948 ῥητορικῆς·
741 891 823 945 ἐγὼ
861 891 940 946 μὲν
966 891 1049 945 γάρ
1076 906 1143 933 τοι
1170 885 1263 933 οὐδ’
1289 891 1418 938 αὐτός
1448 892 1486 934 Β

69 975 136 1002 πω
164 960 352 1014 δύναμαι
389 966 663 1014 κατανοῆσαι,
701 958 725 1000 ὅ
762 973 802 999 τι
837 956 957 1011 λέγω.
996 957 1101 999 ὅταν
1138 956 1234 1010 περὶ
1262 957 1421 1009 ἰατρῶν

135 1071 283 1149 ζὶὶ).,δ455.
338 1071 527 1104 δικαίων
559 1083 600 1104 τε
630 1069 730 1113 πέρι
761 1071 832 1103 καὶ
864 1067 940 1113 dd]
994 1069 1073 1102 Vat.
1107 1068 1252 1101 δικαίων
1290 1080 1324 1101 τε
1364 1070 1420 1102 καὶ

68 1129 131 1160 περ
172 1129 193 1149 α
219 1143 226 1150 .

135 1204 239 1240 ἀλλὰ
262 1205 457 1241 πιστικὸς
480 1205 631 1250 μόνον]
657 1205 828 1240 πειστικὸς
853 1205 959 1238 Coisl.
985 1206 1060 1237 Par.
1086 1205 1293 1238 BCFVW.
1328 1205 1419 1238 Flor.

69 1264 100 1285 a.
124 1263 154 1286 c.
179 1253 210 1285 d.
233 1263 278 1284 m.
303 1263 333 1284 ο.
358 1252 464 1284 Vides
488 1253 594 1295 igitur
615 1252 931 1294 praestantissimos
955 1250 1067 1291 codd„
1091 1251 1193 1283 etiam
1207 1250 1337 1291 Clark„
1361 1261 1421 1293 pro

67 1298 161 1341 vulg.
187 1297 340 1332 πιστικὸς
361 1308 527 1340 pugnare,
551 1301 590 1329 ut
612 1297 776 1329 miremur
798 1297 915 1330 Herm.
941 1299 975 1328 et
997 1296 1085 1328 alios
1109 1296 1219 1328 invita
1242 1306 1422 1349 argumen-

67 1344 208 1376 tationis
240 1344 371 1375 ratione
400 1343 580 1385 scripsisse
611 1340 791 1377 πειστικός.
847 1343 885 1374 Ιιι
910 1342 989 1374 Par.
1011 1342 1039 1374 Ι.
1071 1339 1224 1376 πιστικός
1256 1342 1421 1374 omissum

73 1393 133 1421 est.
158 1388 247 1421 conf.
269 1399 302 1431 Ρ.
326 1385 457 1421 493.Α

137 1480 178 1510 τί
199 1489 301 1510 ποτε
324 1478 394 1510 καὶ
420 1476 617 1521 λέγομεν]
642 1476 794 1521 λέγωμεν
818 1477 904 1509 Ven.
931 1476 1011 1509 ΞΣ.
1036 1476 1140 1510 Vind.
1166 1475 1215 1518 7.,
1246 1481 1285 1510 ut
1317 1476 1421 1510 Find—

68 1525 173 1557 eisen.
197 1523 361 1556 suadente
385 1523 561 1566 Stephano
584 1523 740 1566 scripsit;
765 1522 825 1556 sed
848 1533 880 1554 v.
905 1533 984 1555 ann.

68 1606 170 1645 atque
193 1602 405 1635 audientium
429 1602 564 1635 animos
580 1612 621 1634 eo
638 1606 708 1635 stu-
777 1602 979 1635 vocularum
1009 1599 1052 1634 οὐ
1082 1599 1148 1645 γὰρ
1176 1600 1289 1645 δήπου
1314 1620 1357 1625 -
1381 1613 1421 1645 γε

70 1648 128 1680 det
150 1648 350 1690 perducere,
382 1652 421 1679 ut
450 1648 518 1690 ipsi
547 1647 603 1680 vel
634 1648 708 1680 sine
778 1647 822 1680 ad
857 1647 1004 1691 Apolog.
1045 1647 1177 1680 Socrat.
1213 1658 1246 1690 p.
1286 1645 1340 1680 20.
1381 1647 1420 1680 C.

70 1694 217 1726 scientia
231 1693 384 1726 habeant
406 1693 556 1733 fidem
583 1703 707 1725 πειστι
776 1693 963 1736 tetigimus.

69 1736 129 1773 κὸς
143 1742 281 1781 propter
295 1738 538 1781 disputationis
555 1743 707 1771 tenorem
729 1766 731 1768 .
822 1739 906 1781 Cap.
930 1739 973 1770 X.
1006 1740 1047 1769 τί
1072 1748 1177 1770 ποτε
1206 1738 1277 1770 καὶ
1302 1736 1420 1780 λέγο-

68 1784 146 1816 ideo
170 1783 238 1816 dici
260 1794 355 1816 nunc
377 1794 448 1816 non
472 1784 601 1826 potuit,
627 1785 708 1826 quia
777 1783 866 1827 μει]
903 1783 1054 1838 Sophist.
1084 1794 1119 1825 p.
1142 1781 1220 1816 232.
1243 1783 1292 1815 B:
1338 1783 1419 1825 περὶ

66 1829 103 1861 id
126 1830 230 1861 etiam
262 1840 339 1862 eam
370 1829 628 1883 persuasionem
653 1829 709 1861 de·
778 1840 871 1863 τινος
896 1826 964 1869 ἄρα
988 1828 1044 1861 καὶ
1080 1830 1212 1869 (panim
1258 1829 1313 1860 De
1336 1828 1419 1870 Rep.

68 1875 238 1917 signaret,
275 1885 364 1916 quae
386 1874 429 1906 ad
453 1876 569 1906 πίστιν
591 1871 709 1917 ἀληθῆ
778 1874 836 1906 IV.
867 1885 900 1916 Ρ.
923 1872 1000 1906 434.
1032 1874 1074 1905 D.
1108 1873 1250 1905 Lachet.
1278 1884 1314 1915 p.
1342 1839 1421 1906 182.

69 1919 285 1952 efficiendam
320 1919 450 1951 valeat:
484 1919 575 1960 quod
609 1930 708 1951 secus
777 1920 824 1951 E:
855 1921 889 1951 τί
921 1920 975 1951 καὶ
1002 1917 1081 1952 δέος
1104 1916 1150 1950 ἂν
1174 1915 1256 1950 affin}
1281 1915 1420 1957 μανθά-

69 1963 174 1997 habet
198 1964 330 1998 Politic.
360 1974 393 2006 p.
417 1962 494 1996 304.
525 1965 568 1996 D.
601 1965 708 2007 Legg.
780 1976 877 2003 τ·;ειν
893 1963 1064 1996 Alcibiad.
1078 1964 1104 1996 Ι.
1117 1974 1149 2007 Ρ.
1163 1962 1236 1997 166
1247 1963 1291 1996 C:
1319 1963 1419 2001 ἔστω,

68 2009 128 2041 lv.
141 2020 172 2052 p.
187 2007 263 2042 723.
276 2008 320 2041 al.
345 2010 398 2041 De
421 2009 532 2041 forma
544 2009 708 2042 vocabuli
777 2021 807 2042 ει
834 2007 962 2051 βοιᾝλει
988 2008 1098 2043 οὕτως
1134 2010 1192 2041 ἵνα
1217 2006 1260 2052 δὴ
1282 2010 1339 2041 καὶ
1365 2009 1416 2041 εἰ·

66 2065 137 2086 non
160 2059 212 2086 est
235 2053 327 2096 quod
349 2053 495 2086 dubites.
532 2055 618 2087 Nam
642 2055 708 2087 sic·
779 2054 826 2087 δῶ
852 2053 871 2086 ὅ
891 2066 918 2087 τι
931 2066 987 2087 και
1003 2054 1105 2095 ἐρεῖς.
1129 2054 1323 2097 Euthyphr.
1335 2066 1369 2097 p.
1387 2053 1419 2088 6.

65 2101 116 2132 uti
158 2110 237 2132 cum
276 2098 373 2142 τέχνη
412 2098 580 2141 τεχνικός,
628 2110 707 2132 cum
776 2101 823 2131 B:
868 2102 902 2132 τί
921 2097 987 2143 γὰρ
1014 2100 1069 2132 καὶ
1096 2099 1276 2156 φήσομει;
1311 2099 1420 2143 Legg.

71 2143 218 2184 πόλεμος
247 2142 446 2184 πολεμικός,
478 2155 554 2176 cum
587 2144 706 2184 μάντις
776 2147 836 2178 ΙΙΙ.
861 2144 937 2179 698.
975 2146 1020 2178 C:
1055 2142 1119 2187 λέγ’
1144 2143 1165 2177 ὅ
1197 2157 1224 2177 τι
1256 2145 1312 2177 καὶ
1339 2156 1388 2188 φῃ
1382 2144 1419 2180 'su

67 2187 227 2228 μαντικός
258 2194 439 2232 cognatum
472 2195 541 2228 est,
580 2192 630 2223 ita
654 2202 706 2223 πι-
775 2191 954 2223 Lucian.
1003 2192 1139 2233 Nigrin.
1168 2201 1200 2232 p.
1229 2189 1285 2223 40.
1317 2192 1346 2230 ἓ.
1379 2190 1418 2223 2.

70 2232 181 2268 σηκός
205 2245 279 2267 cum
306 2237 426 2272 πίστις,
452 2233 570 2269 πιστός
594 2241 627 2268 et
653 2247 706 2268 πι-
776 2234 874 2269 οὔπω
897 2234 1070 2276 μαι-θάιω
1102 2234 1122 2267 δ
1155 2248 1183 2268 τι
1213 2236 1271 2268 καὶ
1302 2235 1417 2279 λέγεις.

69 2278 203 2312 στεύειν
237 2279 394 2312 cohaeret
415 2284 590 2322 tamquam
619 2280 707 2314 radi-
774 2281 862 2314 Ibid.
887 2283 917 2322 ἓ.
941 2281 984 2314 3:
1017 2279 1132 2323 ἠρώτα
1156 2281 1176 2313 ὅ
1195 2293 1224 2313 τι
1241 2283 1296 2313 καὶ
1314 2279 1418 2322 πράτ-

67 2325 166 2356 cibus
190 2325 272 2357 suis.
314 2324 411 2357 Salso
433 2336 515 2358 vero
539 2330 706 2359 oratorem
776 2337 870 2366 τοιμι.
915 2326 1130 2369 Explanavit
1176 2326 1271 2359 hunc
1316 2337 1419 2359 usum

67 2380 161 2402 nunc
184 2380 254 2402 non
271 2368 496 2408 πιστευτικόν,
521 2371 581 2403 sed
599 2382 705 2404 πιστι-
775 2371 921 2404 voculae
960 2373 1021 2404 καί
1055 2372 1334 2404 Hermannus
1375 2371 1420 2404 ad

67 2412 131 2446 κὸν
140 2415 301 2457 appellat,
310 2425 378 2456 quo
388 2416 556 2448 vocabulo
564 2417 706 2459 gravius
774 2418 892 2459 Viger.
930 2428 962 2460 p.
999 2415 1077 2450 837.
1151 2417 1419 2459 Stephanum

66 2459 149 2502 quid
164 2460 213 2492 rei
228 2460 273 2492 sit
286 2459 518 2502 significatur:
542 2462 708 2505 intelligit
775 2461 928 2505 λέγωμεν
974 2462 1200 2505 corrigentem
1252 2463 1419 2495 refutavit

68 2506 193 2547 quippe
227 2515 339 2537 merae
372 2507 519 2539 πίστεως
561 2507 706 2539 scientia
775 2507 1001 2540 Heindorf.
1047 2507 1091 2539 ad
1129 2508 1234 2551 Hipp.
1281 2508 1311 2547 §-
1360 2507 1417 2541 36.

66 2549 248 2582 destitutae
285 2549 461 2582 artificem.
491 2561 525 2583 v·
556 2551 704 2594 Poppo
774 2552 946 2585 Videlicet
976 2562 1098 2585 sensus
1127 2552 1183 2586 hic
1213 2556 1282 2585 est:
1316 2553 1418 2595 quid

66 2595 110 2627 ad
134 2594 290 2637 Xenoph.
315 2595 440 2637 Cyrop.
464 2596 503 2636 Ι,
526 2594 570 2636 6,
594 2595 648 2630 10.
672 2602 707 2629 et
774 2597 947 2630 tandem
971 2598 1047 2638 sit,
1077 2597 1191 2640 quod
1214 2597 1416 2630 dicimus.

67 2639 255 2673 Lobeek.
280 2639 324 2672 ad
348 2640 451 2683 Soph.
477 2640 571 2673 Aiac.
582 2652 615 2684 p.
629 2640 704 2676 140.
775 2643 1026 2676 Coniunctivus
1057 2643 1281 2686 significaret:
1317 2643 1417 2685 quid

68 2685 161 2717 Usus
205 2685 370 2717 vocabuli
425 2685 482 2717 hic
527 2696 706 2730 argumen-
774 2688 944 2720 tandem
968 2688 1172 2721 dicamus.

67 2729 189 2763 tationi
211 2730 486 2763 accommodatus
510 2734 571 2764 est.
596 2732 705 2766 Usum
819 2734 859 2767 B.
894 2731 999 2766 ὅταν
1023 2734 1124 2778 περὶ
1158 2733 1324 2776 ἰατρῶν
1354 2733 1415 2767 αἱ·
