1696 2976
210 163 264 205 82
306 151 309 154 ⁴
754 166 1051 203 rma-oms

212 293 336 326 σκειν
367 281 559 337 ποιητῶν
590 276 773 336 ἀγαθῶν
803 277 1017 338 ποιήματα
1048 280 1120 324 καὶ
1145 278 1436 338 ἐκμανθάνειν
1457 276 1594 336 ἀναγ-

134 366 199 398 326
212 345 430 403 κάζουσιν,
455 348 503 392 ἐν
525 342 590 399 οἷς
613 346 769 391 πολλαὶ
790 345 871 403 μὲν
892 345 1173 404 νουθετήσεις
1197 351 1344 403 ἔνεισι,
1368 347 1523 391 πολλαὶ
1546 345 1592 390 δὲ

213 415 397 467 διέξοδοι
429 414 501 458 καὶ
533 417 702 458 ἔπαινοι
735 413 807 457 καὶ
843 411 1031 471 ἐγκώμια
1063 416 1260 460 παλαιῶν
1289 411 1465 472 ἀνδρῶν
1487 410 1595 470 ἀγα-

210 482 329 535 θῶν,
354 483 427 526 ἵνα
449 478 472 525 ὁ
497 490 599 532 παῖς
624 481 762 537 ζηλῶν
783 482 959 538 μιμῆται
990 482 1062 525 καὶ
1085 478 1286 539 ὀρέγηται
1309 482 1499 532 τοιοῦτος
1522 497 1595 537 γε-

210 549 378 595 νέσθαι.
405 550 451 592 οἵ
469 544 505 591 τ’
536 539 591 591 αὖ
615 547 863 605 κιθαρισταὶ
893 548 1017 605 ἕτερα
1040 550 1216 592 τοιαῦτα
1239 544 1526 606 σωφροσύνης
1548 563 1595 590 τε

211 616 513 672 ἐπιμελοῦνται
537 614 608 659 καὶ
631 612 746 666 ὅπως
770 610 826 659 ἂν
848 616 893 659 οἱ
907 616 997 659 νεόι
1014 614 1152 672 μηδὲν
1170 616 1463 672 κακουργῶσι.
1489 609 1595 670 πρὸς

210 681 259 725 δὲ
276 679 456 737 τούτοις,
483 678 659 726 ἐπειδὰν
678 684 917 738 κιθαρίζειν
933 679 1151 738 μάθωσιν,
1170 679 1316 726 ἄλλων
1332 673 1389 726 αὖ
1407 680 1596 737 ποιητῶν

210 745 394 805 ἀγαθῶν
417 746 630 806 ποιήματα
649 745 919 802 διδάσκουσι,
951 750 1215 806 μελοποιῶν,
1248 752 1310 801 εἰς
1338 746 1391 793 τὰ
1422 750 1592 804 κνθαρί-

211 914 284 965 εἰν,
306 906 540 954 πολυηκόους
562 904 596 943 τ’
622 904 662 943 ἕν
679 912 761 948 ταῖς
777 904 870 943 οἴνα-

207 965 362 1007 »γνωσεσι
391 955 594 993 ποιοῦντας
615 952 680 987 καὶ
702 955 868 1006 πολυμα-

208 1001 307 1042 θεῖς,
339 994 449 1061 ολους
485 997 643 1050 ποιητὰς
675 993 868 1050 ἐκμανθά-

208 1055 321 1078 νοντα
393 1041 431 1077 οἱ
451 1040 493 1077 δὲ
516 1038 554 1076 ἐκ
578 1038 729 1076 πάντων
750 1038 868 1094 κεφά-

209 1090 296 1122 λαια
339 1086 425 1130 nug
407 1088 536 1140 ξαντες
557 1087 626 1120 καί
650 1098 756 1126 τινας
773 1080 867 1138 plag

207 1129 333 1211 έήσεις
365 1131 418 1184 εἰς
446 1127 560 1166 ταυτὸ
593 1126 867 1182 ξυναγαγόντες

226 1173 465 1230 κμανθάνειν
483 1174 578 1219 φασὶ
600 1175 684 1209 δεῖν
707 1173 760 1214 εἰς
775 1171 868 1219 μνή-

207 1234 282 1275 μην
313 1219 559 1277 τιθεμένους,
594 1218 628 1253 εἰ
658 1217 783 1270 μέλλει
815 1231 871 1259 τις

208 1262 358 1310 αγαθός
387 1278 478 1309 ημιν
504 1264 569 1299 καὶ
598 1260 715 1307 σοφὸς
743 1259 782 1297 ἐκ
805 1275 871 1297 πο

208 1312 316 1344 λυπει
318 1311 401 1354 ρίας
422 1308 488 1343 καὶ
509 1309 753 1352 πολυμαθίας
769 1306 871 1352 γενέ·

208 1356 314 1389 σθαι.
347 1355 466 1390 Stallb.

252 1421 454 1465 ποιητῶν
501 1415 689 1463 ἀγαθῶν
720 1414 867 1472 ποιή-

207 1477 323 1510 ματα
359 1466 552 1517 Phaedr.p
558 1465 646 1498 ,278
665 1464 710 1496 C:
720 1459 867 1507 Ὁμήρῳ

207 1509 273 1544 καὶ
291 1521 308 1544 ε
338 1522 393 1549 τις
410 1476 552 1548 ἅλλοςΡ
545 1500 594 1542 αὖ
619 1508 771 1552 ποίησιν
792 1514 869 1550 ψι-

208 1551 288 1598 λὴν
310 1552 542 1588 συντέθεικε.
589 1553 869 1586 Grammatistae

209 1600 303 1632 enim
327 1599 488 1632 carmina
511 1598 659 1630 musicis
679 1597 793 1630 modis
810 1608 867 1629 ca-

207 1643 326 1677 rentia
340 1643 577 1682 tradiderunt,
597 1642 752 1683 quibus
743 1652 779 1673 m
789 1652 870 1684 pro—

207 1689 312 1721 ximis
341 1688 457 1730 lyrica
485 1690 731 1730 opponuntur3
762 1697 794 1719 v.
825 1686 870 1717 de

206 1734 297 1775 Leg.
314 1743 348 1775 p.
367 1732 479 1772 81013,
499 1741 543 1764 ac
559 1731 734 1773 plerique,
749 1734 789 1762 ut
805 1740 871 1772 par

208 1780 305 1818 erat,
338 1776 486 1809 Homeri
524 1776 677 1807 maxime
710 1775 870 1807 carmina

207 1821 430 1860 tractabant,
447 1820 517 1853 etsi
540 1823 643 1852 erant
665 1820 727 1861 qui
749 1819 814 1851 illa
830 1822 870 1851 nt

207 1864 666 1916 nimispriscafastidirent.
682 1863 869 1896 Plutarch.

207 1910 325 1943 Alcib
341 1910 427 1942 VII:
455 1903 587 1959 ἐπέστη
611 1903 867 1951 (Ἀλκιβιάδης)

207 1948 619 2014 χραμματοδιδασκάλῳ
641 1950 706 1984 καὶ
723 1950 870 1994 βιβλίον

206 1992 583 2082 333⁶}2335J3133v,
597 1987 871 2091 ,ῗῆἶὲἕῖωὲχεῗῖ

196 2081 379 2138 “Ομη’ρ9υ,
417 2066 587 2127 κονδύλῳ
616 2080 870 2138 καθικόμενος

209 2125 347 2182 αὐτοῦ,
385 2130 510 2173 παρῆλ
491 2130 597 2162 λθεν.
644 2124 795 2181 Ετέρου
826 2126 868 2162 δὲ

208 2156 411 2218 φήσαντος,
429 2172 529 2218 ἔχειν
534 2169 699 2216 Ὅμηρον
713 2167 786 2225 ὑφ’
802 2168 870 2206 αὖ-

207 2219 274 2252 τοῦ
306 2200 590 2270 διωρθωμένον·
640 2212 739 2259 Εἶτ’,
779 2214 853 2270 ἔφη

208 2259 406 2315 ’γράμματα
429 2258 650 2301 διδάσκεις.
670 2242 760 2295 ,καὶ
784 2242 868 2304 οὐχὶ

209 2303 296 2346 τοὺς
329 2306 436 2347 νέους
452 2302 661 2345 παιδεύεις.
719 2306 871 2338 Praeter

206 2353 399 2385 Homerum
429 2351 610 2384 Hesiodus
640 2353 677 2383 et
691 2350 874 2393 Theognis

207 2398 245 2429 in
276 2397 408 2429 scholis
431 2397 511 2429 usui
535 2398 655 2436 erant,
679 2394 723 2427 do
747 2394 812 2426 illo
835 2406 870 2427 v.

207 2441 380 2474 Aeschin.
395 2451 445 2475 or.
453 2443 486 2480 3,
495 2442 550 2481 73,
559 2440 602 2473 de
617 2440 684 2472 hoc
698 2438 871 2472 Welcker

209 2486 370 2528 Theogn.
386 2495 418 2527 p.
438 2486 490 2517 72.
510 2486 660 2517 Isocrat.
677 2486 711 2525 2,
727 2485 779 2517 43.

254 2524 578 2573 ἐκμανθάνειν]
598 2530 664 2563 int.
680 2530 719 2561 in
734 2526 868 2560 scholis

210 2574 310 2618 ipsis.
357 2574 463 2606 Ratio
492 2583 562 2615 qua
590 2574 627 2605 in
654 2573 725 2605 hac
752 2582 790 2605 re
811 2572 869 2604 usi

210 2623 295 2652 sunt
340 2618 612 2662 grammatistae
654 2619 870 2650 memoratur

210 2663 407 2716 Euthydff.
416 2661 534 2695 2760.
553 2659 651 2704 τίδέ,
666 2653 854 2695 ὦΚλεινία

205 2703 320 2740 ὁπότε
351 2706 712 2758 αποστοματίζοι
741 2700 791 2758 ὖμ
793 2684 868 2738 ivd

210 2746 499 2795 γραμματιστής,
528 2746 677 2802 πότεροι
700 2716 868 2794 ἔμανθα-

210 2807 278 2830 νον
294 2796 366 2829 τῶν
382 2794 530 2829 παίδων
552 2791 596 2827 τὰ
620 2790 868 2846 ἀποστοματι-

209 2836 358 2885 ζόμενα,
376 2836 416 2874 οἴ
427 2831 580 2883 envoi*
555 2850 578 2883 η
595 2835 633 2872 οἱ
646 2834 826 2883 ἀμαθεῖς,

983 913 1023 947 P.
1041 913 1116 945 326.
1156 910 1320 944 πολλαὶ
1363 909 1410 944 δὲ
1453 907 1595 963 διέξο-

935 956 1007 990 δοι
1023 955 1083 999 -J
1109 955 1332 997 Διεξελθεῖν
1354 955 1403 1000 τῷ
1428 951 1522 998 λόγῳ
1540 958 1596 987 est

935 1002 1139 1034 oratione
1157 1011 1384 1043 persequi
1405 1000 1594 1052 quod-sae-

932 1056 1123 1088 penumero
1132 1047 1299 1087 copiosae
1306 1044 1525 1078 narrationis
1533 1043 1596 1075 ha-

935 1090 998 1123 bet
1013 1089 1323 1133 significationem.
1356 1090 1483 1131 Itaque
1497 1085 1596 1129 διέξ-

934 1133 1016 1167 οδοι
1068 1137 1151 1166 sunt
1211 1134 1499 1166 narrationes
1546 1132 1594 1164 de

934 1179 1182 1211 virtutibus
1209 1178 1507 1219 laudibusque
1530 1177 1595 1208 vi-

939 1234 1080 1256 rorum
1131 1223 1350 1255 clarorum
1406 1225 1448 1254 et
1496 1220 1594 1253 illu-

939 1278 955 1300 s
964 1271 978 1300 t
987 1269 1103 1300 rium.
1122 1266 1237 1300 Stallb.

981 1333 1029 1367 οἴ
1061 1328 1096 1366 τ’
1135 1324 1191 1366 αὖ
1229 1332 1508 1375 κιθαρισταί
1535 1329 1593 1376 -—-]

936 1379 990 1411 De
1014 1378 1283 1411 citharistarum
1311 1387 1458 1410 munere
1486 1379 1522 1408 et
1542 1376 1594 1409 of-

934 1423 1017 1456 ficio
1043 1422 1158 1464 deque
1186 1423 1325 1455 musica
1356 1422 1401 1454 ab
1430 1420 1596 1464 ingenuis

935 1467 1226 1500 adolescentibus
1259 1469 1397 1499 mature
1423 1465 1596 1498 discenda

936 1516 973 1544 et
996 1511 1198 1544 exercenda
1226 1520 1260 1543 v.
1284 1512 1399 1553 Legg.
1422 1521 1455 1552 p.
1473 1511 1538 1543 812
1553 1510 1595 1542 A.

935 1566 1013 1598 sqq.
1041 1556 1084 1588 de
1112 1555 1264 1598 Republ.
1285 1555 1349 1588 111.
1382 1565 1414 1596 p.
1438 1556 1503 1587 398
1520 1564 1596 1596 sqq.

935 1599 1168 1633 Aristotel.
1201 1598 1594 1632 Polit.VI11.5.Plu—

936 1644 1074 1678 tarch.
1099 1643 1142 1677 de
1166 1643 1293 1677 Music.
1316 1643 1358 1678 Τ.
1380 1643 1423 1676 V.
1441 1643 1479 1676 P.
1498 1642 1544 1676 11.

936 1689 1000 1721 662
1044 1688 1098 1721 ed.
1146 1689 1213 1730 Wy
1217 1688 1328 1720 ttenb.
1362 1687 1596 1739 Aristop.

938 1733 1029 1768 Nub
1062 1743 1095 1765 v.
1118 1733 1200 1764 966:
1234 1726 1304 1765 εἶτ’
1326 1722 1376 1764 αὖ
1367 1725 1458 1808 ,ἓὸ
1445 1730 1595 1773 κιθαρι-

937 1772 1040 1828 στής)
1057 1776 1272 1829 προμαθεῖν
1288 1766 1377 1819 ᾆσμ’
1414 1774 1597 1808 δι’δασκεν

936 1817 1102 1899 ἷῗεῧᾍρῗ,
1111 1810 1597 1917 5855222530‘5’3225
1545 1820 1597 1905 ‚²23

941 1905 1206 1963 Τηλέπορον
1221 1921 1263 1942 τι
1288 1904 1446 1952 βόαμα,
1460 1889 1596 1941 Ἐντει-

936 1952 1119 2007 ναμένους
1150 1949 1220 2005 τὴν
1248 1948 1449 1996 ἁρμονίαν,
1508 1963 1530 1986 ν
1560 1948 1600 1985 οῖ

934 1996 1090 2041 πατέρες
1103 1996 1338 2040 παρέδωκαν.
1355 1996 1471 2030 Stallb.
1482 1945 1598 2030 {lato

937 2053 1066 2086 pueros
1085 2043 1258 2075 tredecim
1286 2052 1399 2075 annos
1421 2046 1527 2075 natos
1550 2041 1597 2074 ad

937 2088 1111 2120 musicam
1142 2086 1318 2119 accedere
1356 2090 1393 2119 et
1422 2097 1485 2129 per
1522 2089 1595 2118 tres

936 2131 1107 2174 deinceps
1139 2141 1251 2163 annos
1288 2130 1417 2163 fidibus
1454 2130 1595 2163 discere

934 2176 1014 2209 vult
1029 2175 1072 2208 de
1089 2176 1178 2218 Leg.
1194 2186 1229 2218 p.
1245 2176 1311 2208 809
1327 2172 1368 2209 E.

981 2216 1110 2262 ἔτερα
1147 2217 1357 2262 τοιαῦτα]
1399 2219 1486 2252 tali
1517 2219 1594 2252 iti-

1337 2265 1428 2296 .318
1443 2265 1473 2296 A
1491 2266 1527 2296 et
1542 2264 1594 2295 in-

1361 2302 1524 2351 γεωργὸν
1551 2324 1595 2330 -·

934 2363 1063 2430 5533?
1067 2363 1198 2430 5:215
1177 2346 1339 2430 ⁹335?
1370 2350 1435 2385 “⁰¹²
1465 2347 1596 2395 ‘mm

947 2437 1151 2495 οἰνὲοι]
1169 2442 1320 2475 Aristot.
1342 2440 1421 2473 Pol.
1439 2439 1537 2472 vlu.
1555 2441 1597 2472 6:

935 2481 958 2528 ἡ
971 2482 1042 2528 μὲν
1058 2496 1127 2518 ουν
1146 2480 1311 2538 Αρχυτου
1326 2480 1499 2535 πλαταγή
1516 2479 1593 2517 ἔστι

933 2530 1227 2617 ἷιῗιςδιῶᾞπξὶηδέ
1245 2525 1404 2626 εἵκῖδῖξε
1410 2537 1595 2616 :mundana

935 2621 1028 2657 τοῖς
1044 2618 1220 2670 μείζοσι
1237 2616 1321 2651 τῶν
1336 2615 1457 2650 νέων.

979 2659 1044 2701 εἰς
1061 2657 1111 2695 τὰ
1124 2663 1237 2696 κιθα
1244 2661 1438 2705 ρι’σματα
1452 2656 1591 2695 ἐντεί-

936 2718 984 2740 νο
995 2704 1108 2750 ντες]
1134 2707 1389 2740 citharoedicis
1411 2706 1524 2739 modis
1541 2707 1592 2738 in-

935 2751 1135 2784 cludentes.
1164 2751 1270 2786 ,Nam
1296 2745 1403 2789 τόνος
1425 2760 1531 2793 quum
1555 2753 1593 2781 et

934 2796 979 2827 ad
1002 2806 1129 2828 vocum
1156 2794 1321 2828 fidiumve
1349 2798 1490 2828 cantum
1513 2803 1593 2837 per-

934 2841 1051 2873 tineat
1061 2843 1098 2872 et
1105 2839 1150 2872 ad
1159 2849 1325 2874 versuum
1343 2848 1545 2876 mensuram
1561 2848 1590 2875 ι.

936 2263 1183 2301 demmodo‚
1200 2275 1234 2298 v.
1252 2263 1297 2297 ad

938 2308 994 2341 fra
1006 2319 1058 2359 p.
1082 2310 1146 2341 344
1170 2309 1220 2340 D.
1266 2319 1313 2341 κα
