1702 2924
256 155 332 191 122

800 155 1056 196 PLATONIS

251 258 404 300 εἰδέναι
426 258 477 300 τὰ
495 243 636 301 δίκαιῖκ
665 260 735 301 καὶ
761 260 813 303 τὰ
838 262 964 303 ἄδικα
989 264 1083 316 ἤτοι
1109 263 1317 315 πρότερόν
1342 278 1389 318 γε
1415 260 1445 317 ἦ
1470 264 1584 306 ὕστε-

250 338 328 376 ρον
346 324 542 377 μαθόντα
559 323 674 375 παρὰ
698 328 790 366 σοῦ.
839 327 961 368 ΓΟΡ.
1003 327 1132 368 Πάνυ
1149 341 1208 380 γε.
1258 329 1358 369 ΣΩ.
1407 329 1459 370 Τί
1479 325 1583 378 οὔτις

181 385 218 427 Β
249 387 274 429 6
301 388 350 428 τὰ
379 386 596 429 τεκτονικὰ
617 389 872 442 μεμαθηκὼς
891 392 1142 440 τεκτονικός,
1170 387 1199 444 ἦ
1220 394 1295 441 οὕς
1325 394 1366 433 Γ
1365 393 1450 433 ΟΡ.
1480 393 1582 434 Ναί.

249 453 350 493 ΣΩ.
406 446 580 493 Οὐκοῦν
607 451 677 493 καὶ
705 452 728 494 ὁ
756 452 805 494 τὰ
831 453 1014 507 μουσικὰ
1041 456 1266 508 μουσικός;
1317 457 1442 498 ΓΟΡ.
1479 457 1580 497 Ναί,

249 517 348 556 ΣΩ.
391 514 478 556 Καὶ
515 516 539 557 6
576 515 625 557 τὰ
654 516 820 569 ἰατρικὰ
847 518 1046 570 ἰατρικόςς
1084 518 1153 561 καὶ
1180 512 1310 561 τᾶλλα
1338 519 1449 562 οὕτω
1475 518 1580 562 κατὰ

247 577 324 621 τὸν
360 575 495 621 αὐτὸν
532 580 683 634 λόγον·
722 581 746 623 6
773 582 1028 636 μεμαθηκὼς
1057 581 1210 625 ἕκαστα
1236 585 1428 633 τοιοῦτός
1455 583 1579 634 ἐστιν,

248 639 342 685 οἷον
369 644 397 698 ἡ
424 643 627 699 ἐπιστήμη
656 644 832 688 ἕκαστον
857 646 1150 700 duwaicum
1198 651 1228 689 Ι
1231 650 1321 690 ῸΡ.
1366 649 1493 690 Πάνυ
1518 663 1579 702 γε.

248 710 350 749 Σῼ.
394 706 567 750 Οὐκοῦν
606 710 710 751 κατὰ
745 713 900 752 τοῦτον
937 710 1015 753 τὸν
1047 712 1178 765 λόγον
1213 711 1284 754 καὶ
1310 712 1335 754 6
1361 712 1412 754 τὰ
1439 713 1581 755 δίκαια

312 898 350 930 Β.
397 909 497 930 οιον
519 895 540 941 ἡ
564 897 777 941 ἐπιστήμη
802 899 1008 954 ἕκαρτον]
1034 900 1090 933 Sic
1121 899 1217 933 codd.
1241 901 1359 943 optimi
1382 905 1416 935 et
1438 911 1579 934 numero

245 941 347 985 longe
369 942 517 985 plurimi.
550 943 637 976 Vett.
661 943 754 976 editt.
779 941 858 976 οἷον
882 944 1025 976 ἕκαστον
1049 942 1069 988 ἦ
1094 943 1268 988 ἐπιστήμη.

245 1121 520 1152 Hermannus
555 1124 667 1153 autem
699 1120 742 1153 ad
766 1121 878 1163 Viger.

246 1175 276 1206 p.
291 1164 365 1197 753.
404 1165 594 1207 „Proprie''‚
619 1166 740 1208 inquit,
765 1170 880 1205 „notat

247 1213 343 1241 tenc
381 1210 522 1252 igitur
561 1210 659 1250 hoc,
703 1210 791 1252 quod
829 1214 881 1243 est

246 1254 425 1294 monentis,
448 1257 487 1286 ut
501 1254 587 1286 alter
608 1254 695 1286 illud
719 1256 880 1287 memoria

245 1302 359 1330 teneat
379 1298 570 1340 videatque,
595 1298 676 1340 quid
700 1299 778 1332 inde
801 1309 880 1332 con-

244 1342 442 1385 sequatur.''
488 1342 554 1375 Sed
588 1343 721 1376 videtur
750 1343 802 1385 ἔχε
833 1341 875 1386 δή

244 1392 282 1420 ιιι
317 1393 470 1419 nostrum
501 1387 589 1429 halt,
622 1387 692 1419 kale
723 1399 789 1429 an,
830 1389 879 1420 in-

244 1432 421 1464 transitive
446 1431 682 1487 accipiendum
707 1442 799 1472 esse,
830 1434 879 1464 in-

244 1476 380 1509 tellecto
416 1474 878 1531 oav16².cf.Kruege1-.

244 1522 302 1553 Gr.
327 1523 357 1561 ξ.
380 1520 434 1554 52.
457 1520 489 1553 2.
512 1520 544 1553 2.
587 1521 644 1553 Sic
676 1522 727 1562 ἔχε
759 1519 878 1576 ἡρέμα,

244 1565 295 1607 ἔχε
311 1563 428 1607 ἡσυχῇ.
463 1565 595 1597 Deinde
620 1563 711 1608 ἢτοι
735 1577 779 1609 γε
796 1584 840 1590 --
859 1565 879 1609 ἥ

243 1610 298 1652 leg
301 1611 368 1642 itur
378 1614 417 1642 ιιι
429 1609 572 1652 Apolog.
585 1610 748 1652 Socrat.p
751 1609 826 1643 .27.
835 1611 878 1643 D.

242 1654 454 1696 Pbaedon.p
434 1665 466 1696 p.
482 1652 534 1688 76.
548 1655 601 1693 A„
623 1654 683 1686 ubi
706 1665 738 1687 v.
763 1659 877 1688 annot.

244 1699 325 1731 coll.
354 1698 497 1731 Elmsl.
529 1699 571 1731 ad
594 1700 709 1741 Eurip.
732 1699 821 1732 Med.
845 1710 876 1731 v.

246 1742 342 1777 1263.

289 1789 327 1820 Β.
375 1788 445 1820 καὶ
478 1782 603 1820 τᾶλλα
634 1786 744 1820 οὕτω
776 1787 877 1821 κατὰ

246 1831 316 1864 τὸν
339 1829 474 1864 αὑτὸν
497 1831 536 1875 L]
562 1833 663 1865 Recte
679 1837 757 1875 post
778 1831 879 1875 λόγον

244 1877 481 1919 distinguitur:
505 1887 605 1918 quam
626 1877 877 1910 distinctionem

244 1923 347 1954 miror
366 1921 669 1954 Heindorfium
687 1922 876 1954 sustulisse.

244 1967 332 1998 Nam
370 1965 573 2008 intelligitur
607 1966 671 2007 ἔχει
711 1966 879 2008 frequenti

213 2007 365 2063 'ellipsi.
401 2010 548 2052 Sophist.
570 2020 601 2063 p.
621 2009 696 2043 262.
714 2011 764 2043 D:
789 2010 877 2043 οὕτω

243 2052 344 2096 δὴ-
360 2055 414 2087 καὶ
441 2055 519 2095 περὶ
546 2054 582 2087 τὰ
592 2058 664 2109 τῆς
687 2058 810 2096 φωνῆς
832 2049 877 2087 αὖ

244 2103 383 2153 σημεῖα·
410 2097 448 2131 τὰ
471 2099 535 2138 μὲι
549 2097 621 2154 ‚3⁰¹2
644 2096 812 2138 ἁρμόττει,
838 2098 876 2131 ιὰ

242 2143 282 2176 δὲ
294 2140 503 2184 ἁρμόττοντα
515 2155 559 2176 αι
549 2141 630 2176 ’τῶν
641 2140 744 2186 λόγον
756 2141 876 2184 ἀπειρ-

241 2186 376 2241 γάσαιο.
411 2189 548 2221 Menon.
597 2186 680 2220 ‚72
705 2188 755 2220 C:
787 2186 875 2220 οὕτω

242 2231 286 2275 δὴ
301 2232 355 2265 καὶ
381 2233 461 2273 περὶ
488 2236 555 2265 τῶι
573 2199 730 2273 ἀρετῶν·
755 2230 820 2264 κᾶι
843 2231 878 2264 εἰ

243 2278 358 2310 πολλαὶ
385 2278 440 2309 καὶ
467 2277 684 2309 παντοδαπαί
702 2275 806 2315 εἰσιν,
836 2277 876 2308 ἒι

242 2322 279 2364 γέ
295 2333 323 2353 τι
341 2317 436 2356 εἶδος
459 2319 518 2354 τιτι’
522 2319 581 2353 161
602 2319 728 2354 ἅπασαι
751 2322 874 2362 ἔχουσι.

242 2366 327 2398 lbid.
352 2365 403 2399 72.
429 2367 476 2398 A:
509 2364 551 2399 ὦ
551 2364 667 2399 αὕτως
698 2364 737 2397 δὲ
769 2366 822 2397 καὶ
855 2363 875 2408 ἡ

242 2412 350 2443 κακίω
390 2410 579 2442 Parmenid.
603 2408 730 2452 ρ.1,29
749 2409 786 2442 C.
823 2410 875 2442 De

241 2456 323 2497 Rep.
337 2455 444 2496 v11.p
447 2453 540 2488 ..534
552 2421 830 2496 B.V111.p..551
839 2455 877 2486 C.

242 2500 340 2534 Conf.
373 2500 463 2531 infra
475 2509 525 2553 p.
555 2498 631 2532 467.
657 2499 700 2531 D.
713 2464 811 2531 p475.
836 2499 877 2531 A.

242 2545 362 2597 Itaque
375 2544 450 2583 ista,
465 2541 484 2575 ό
497 2555 595 2583 μεμα.
586 2543 704 2586 θηκώς
716 2561 757 2568 -
771 2539 877 2584 ἄπερ-

241 2586 389 2632 γᾰζεται,
412 2589 589 2621 continent
606 2588 878 2630 explicationem,

242 2634 283 2667 de
299 2643 366 2676 quo
388 2643 512 2677 genere
535 2636 724 2666 structurae
746 2636 879 2676 praeter

947 1121 1041 1154 locos
1082 1121 1181 1154 modo
1225 1122 1346 1154 allatos
1381 1122 1459 1155 vide
1493 1132 1580 1163 quae

946 1167 1064 1198 notavi
1088 1166 1130 1198 ad
1153 1177 1184 1209 p.
1208 1164 1284 1201 450.
1308 1168 1349 1201 Α.

997 1208 1138 1244 Ουκοῦ
1131 1223 1167 1242 ιν
1192 1208 1361 1264 ἀνάγκη
1394 1210 1468 1242 τὸν
1493 1208 1576 1252 ρητ.

948 1254 977 1287 δ.
1002 1250 1136 1291 εἶναι,
1163 1253 1235 1287 τὸν
1258 1255 1302 1287 δὲ
1327 1254 1371 1297 ἃ]
1402 1255 1479 1287 Non
1503 1256 1577 1287 sine

947 1309 1070 1332 caussa
1093 1299 1246 1332 Astius
1269 1299 1374 1332 verba
1398 1297 1457 1332 τὸν
1477 1297 1575 1342 ῥητο-

949 1340 1047 1384 ρικὸι
1079 1342 1214 1376 δίκαιον
1241 1341 1333 1377 εἶπαι
1360 1348 1394 1376 et
1418 1344 1576 1377 voculam

947 1387 986 1420 δέ
1015 1389 1151 1420 uncinis
1174 1388 1314 1421 seclusit
1336 1393 1507 1431 tamquam
1531 1387 1575 1420 ab

946 1432 1103 1465 hocloco
1118 1432 1240 1465 aliena.
1274 1433 1362 1465 Nam
1376 1432 1514 1466 turbant
1537 1443 1578 1465 ea

946 1477 1094 1518 profecto
1118 1478 1239 1509 mirum
1264 1482 1428 1531 quantuni
1450 1487 1575 1510 nexum

946 1523 1258 1564 argumentationis,
1269 1523 1462 1576 praesertim
1473 1533 1576 1577 quum

945 1571 1129 1621 sequantur
1149 1566 1227 1620 dein
1247 1566 1345 1598 haee.
1372 1564 1431 1599 τὸν
1453 1565 1493 1599 δε
1518 1579 1577 1608 (ιη-

946 1607 1082 1650 τορικόν
1100 1608 1233 1666 didym]
1256 1610 1294 1643 ἐκ
1318 1614 1378 1643 τοῦ
1398 1609 1501 1653 λόγοι
1525 1610 1577 1643 δί-

945 1666 1044 1687 καιον
1080 1651 1181 1688 εἶιαι.
1227 1655 1291 1688 Cui
1328 1656 1396 1688 fere
1432 1656 1580 1687 assensit

947 1699 1125 1732 Hirschi
1168 1700 1234 1731 ius
1277 1700 1388 1732 locum
1439 1701 1486 1732 ita
1530 1711 1579 1732 re-

945 1743 1096 1797 fingens·
1166 1742 1205 1776 δὲ
1228 1743 1356 1778 δίκαιος
1379 1743 1493 1777 δίκαιά
1511 1756 1578 1776 που

947 1786 1092 1829 πράττει.
1146 1787 1226 1821 Ναί.
1268 1786 1409 1822 Οὐκοῦν
1446 1786 1579 1843 ᾰιάγκη

947 1831 1007 1865 τὸν
1032 1831 1154 1865 δι’καοι
1171 1829 1239 1865 ἀεὶ
1261 1832 1450 1875 βούλεσθαι
1473 1832 1578 1875 :vedr-

947 1888 1037 1914 τειν,·
1079 1877 1244 1910 Φαίιειαί
1269 1889 1317 1921 γε.
1342 1889 1371 1910 κ.
1401 1890 1427 1910 τ.
1458 1880 1486 1910 2..
1534 1878 1579 1910 Et

945 1927 1036 1954 certe
1073 1927 1224 1964 praestet
1258 1922 1344 1955 haec
1378 1924 1466 1955 ratio
1503 1933 1580 1954 sen·

945 1967 1072 1999 tentiae
1096 1966 1348 2007 Hermanni,
1372 1968 1431 2009 qui
1445 1966 1511 1999 hoc
1527 1977 1578 1999 ar·

944 2011 1209 2054 gumentationis
1232 2011 1416 2045 membrum
1440 2011 1578 2044 eiicien-

945 2056 1023 2088 dum
1062 2056 1195 2088 statuit:
1261 2055 1366 2088 ΓΟΡ.
1416 2056 1581 2088 &an-sm!

945 2111 983 2143 ys
1013 2117 1056 2123 —
1086 2110 1194 2142 usque
1231 2099 1274 2132 nd
1311 2098 1442 2132 δίκαιον
1476 2095 1578 2134 εἶναι.

948 2144 979 2176 Γ
985 2142 1053 2176 ΟΡ
1079 2142 1160 2177 Ναί.
1184 2145 1248 2177 Sed
1265 2144 1326 2176 ina
1341 2155 1475 2187 quoque
1490 2146 1576 2177 ratio

944 2191 996 2220 est
1018 2188 1216 2229 violentior,
1253 2199 1353 2231 quam
1378 2199 1465 2231 quse
1488 2199 1578 2221 com·

944 2233 1077 2275 probari
1109 2238 1228 2275 queat,
1266 2234 1294 2266 si
1330 2233 1465 2275 quidem
1496 2233 1577 2266 diva

944 2277 1057 2309 critice
1073 2278 1196 2310 ferrum
1212 2282 1246 2310 et
1257 2278 1371 2320 ignem
1385 2277 1466 2310 odit.
1490 2278 1576 2310 Vide

943 2321 1067 2363 igitur,
1095 2332 1138 2354 an
1170 2322 1266 2355 locus
1289 2323 1338 2355 it·
1360 2322 1576 2365 retingendus

943 2367 1005 2398 sit.
1049 2365 1122 2398 ΣΩ.
1161 2364 1194 2399 Ό
1230 2366 1269 2399 δὲ
1300 2367 1431 2400 δίκαιος
1464 2364 1579 2399 δίκαιά

945 2421 1011 2442 που
1044 2409 1191 2450 notium.
1240 2410 1345 2444 ΓΟΡ.
1379 2410 1460 2444 Νἱαι
1504 2410 1576 2443 ΣΩ.

952 2451 1091 2487 Οὐκοῦν
1127 2452 1260 2509 ᾁιιίγκη
1296 2453 1352 2488 τὸν
1392 2452 1578 2498 ῥητορικὸν

946 2498 1079 2531 δίκαιον
1102 2511 1211 2537 sirm
1251 2498 1355 2533 ΓΟΡ.
1387 2498 1466 2532 Ναί
1506 2498 1576 2532 Σ.Ω

948 2541 1018 2576 Ten·
1035 2542 1074 2577 δὲ
1096 2543 1229 2577 δίκαιον
1252 2542 1364 2577 δίκαια
1386 2542 1578 2586 βούλεσθαι

947 2586 1126 2628 πράυεινη
1186 2588 1293 2621 ΓΟΡ.
1336 2588 1502 2621 &altstat
1527 2599 1578 2631 ys.

946 2644 975 2665 κ,
1000 2644 1026 2666 τ.
1050 2634 1076 2666 λ.
1115 2614 1170 2667 'Ite
1191 2633 1282 2667 enim
1305 2633 1409 2666 verba
1437 2630 1577 2666 Οὐκοῢι
