1702 2924
509 127 755 168 GORGIAS,
784 128 830 167 P.
860 128 955 166 448.
985 127 1046 166 ed.
1076 126 1134 166 St.
1438 126 1490 162 83

133 234 250 290 ἐμοῦ.
294 236 479 291 Γοργίας
506 236 585 291 μὲν
603 235 686 291 γὰρ
714 235 787 278 καὶ
810 235 1083 290 ἀπειρηκέναι
1109 249 1182 290 μοι
1203 234 1331 277 δοκεῖ·
1359 231 1497 275 πολλὰ

141 301 224 355 γὰρ
261 303 356 355 ἄρτι
395 302 631 357 διελήλυθε.
702 304 817 344 ΧΑΙ.
868 302 918 343 Τι’
945 301 1016 343 δαί
1026 334 1037 352 .,
1082 293 1116 342 ὦ
1146 302 1294 349 Πῶλες
1334 297 1414 340 οἴει
1441 292 1496 339 σὺ

133 367 308 409 κάλλιον
346 366 402 409 ἂν
429 368 617 422 Γοργίου
645 367 986 420 άποκρίνασθαι;
1018 368 1165 408 ΠΩΛ.
1203 366 1254 407 Τί
1272 365 1317 407 δὲ
1344 370 1494 416 τοῦτο,

134 430 211 473 ἐὰν
238 432 306 473 σοι’
332 446 380 486 γε
408 432 589 482 ἰκανῶςς
622 434 739 473 ΧΑΙ.
770 431 932 474 Οὐδέν·
964 429 1048 474 ἀλλ’
1081 429 1222 486 ἐπειδὴ
1251 430 1306 472 σὺ
1333 429 1492 484 βούλει,

135 497 390 550 ἀποκρίνου.
446 498 592 539 ΠΩΛ.
631 498 803 551 Ἐρώτα.
861 499 979 539 ΧΑΙ.
1019 499 1176 550 Ερωτῶ
1204 497 1270 551 δή.
1311 496 1346 537 εἰ
1375 494 1493 547 ἐτύγ-

132 576 233 616 χανε
263 563 447 616 Γοργίας
475 561 716 617 ἐπιστήμων
744 561 806 604 ὢν
832 568 906 616 τῆς
934 561 1081 616 τέχνης
1103 557 1234 616 ἦςπερ
1263 562 1287 603 ὁ
1309 561 1494 614 ἀδελφὸς

130 628 271 669 αὐτοῦ
291 622 546 680 Ἡρόδικος,
585 629 682 670 τίνα
720 628 775 668 ἂν
815 627 948 669 αὐτὸν
978 627 1253 681 ὠνομάζομεν
1295 627 1491 675 δικαίως,-

130 693 208 746 οὐχ
237 689 339 746 ὅπερ
369 691 557 744 ἐκεῖνον;
596 695 739 734 IIS-M.
772 694 901 733 Πάνυ
928 707 988 746 γε.
1059 695 1177 734 ΧΑΙ.
1210 688 1375 745 Ἰατρὸν
1409 694 1494 744 ἄρα

130 759 371 810 φάσκοντες
401 759 535 800 αὐτὸν
564 755 676 800 εἶναι
702 760 844 807 καλῶς
872 757 928 799 ἂν
956 757 1165 812 ἐλέγομεν.
1209 759 1356 798 ΠΩΛ.
1389 757 1490 800 Ναί.

135 825 254 865 ΧΑΙ.
291 823 349 864 Εἰ
377 822 422 864 δέ
462 838 509 877 γε
537 816 668 878 ἧςπερ
691 819 960 878 Ἀριστοφῶν
997 823 1021 865 ὁ
1047 818 1372 877 Ἀγλαοφῶντος
1413 823 1439 877 ἢ
1469 824 1493 865 ὁ

195 957 235 990 Ρ.
258 955 337 990 448.
383 956 452 989 καὶ
484 955 565 1000 γὰρ
602 960 684 990 νῦν
716 954 766 1000 δὴ
798 954 906 989 αὐτὰ
932 955 970 1000 1.]
1021 957 1063 989 V.
1089 954 1132 1000 δὴ
1162 960 1225 989 νῦν
1247 956 1368 989 invitis
1392 956 1490 990 codd.

133 1002 306 1045 plerisque
330 1001 500 1035 omnibus.
547 1003 652 1036 Error
676 1002 780 1045 longe
805 1003 1040 1035 creberrimus.

204 1067 372 1113 ῥᾳδίως
404 1066 665 1113 α’ποκρινεΐ]
706 1070 764 1102 Sic
789 1069 908 1102 Clark.
945 1070 1022 1102 Vat.
1047 1067 1232 1113 ἀποκρινῇ.
1272 1071 1362 1103 Vett.
1397 1070 1492 1102 editt.

129 1113 317 1158 ἀποκρίνῃ.

363 1116 449 1148 Mox
488 1115 532 1149 Τι’
557 1114 619 1148 δαί
639 1115 755 1148 Clark.
780 1126 846 1148 em.
868 1126 948 1148 cum
981 1116 1061 1148 aliis
1085 1115 1264 1148 nonnullis
1288 1127 1349 1158 pro
1377 1116 1424 1148 Τί
1444 1115 1491 1148 δέ.

195 1184 232 1216 Β.
282 1184 380 1215 τίνα
404 1180 456 1215 ἄν
479 1180 584 1216 αὐτὸ
600 1181 630 1227 ν]
655 1183 887 1215 Buttmannus
909 1182 999 1216 coni.
1026 1181 1116 1215 τίᾶν
1131 1180 1246 1216 αὐτόν.
1272 1183 1356 1216 Mox
1375 1183 1490 1216 Clark.

131 1222 203 1271 ἆρα
226 1238 286 1271 pro
304 1225 382 1270 ἄρα.

129 1351 170 1373 eo
195 1341 281 1372 scire
306 1343 448 1379 aveant,
479 1339 507 1371 ii
530 1339 655 1372 adeant
679 1340 778 1373 Gee-

129 1386 238 1418 lium
261 1386 351 1418 Hist.
375 1385 525 1427 Sophist.
548 1396 580 1427 p.
597 1384 664 1418 164
683 1396 776 1428 seqq.

131 1431 273 1464 Groen
289 1441 372 1462 van
389 1431 660 1465 Prinsterer.
677 1431 777 1463 Pros—

131 1487 247 1519 opogr.
283 1475 372 1508 Plat.
397 1486 430 1518 p.
454 1474 520 1508 102
542 1486 634 1518 seqq.
660 1479 694 1507 et
716 1476 775 1508 Io.

130 1523 287 1554 Meurs.
319 1521 509 1553 Comment.
541 1521 578 1553 in
612 1521 774 1563 Apollon.

130 1566 272 1609 Dyscol.
288 1577 320 1609 p.
336 1564 390 1599 82.
403 1584 448 1590 -
468 1565 570 1608 Apud
594 1566 776 1598 Platonem

130 1622 295 1655 arrogans
326 1615 398 1653 est,
432 1615 472 1644 ut
502 1614 577 1654 ipso
608 1612 774 1655 magistro

130 1657 198 1689 sibi
229 1656 387 1689 videatur
418 1655 542 1689 melius
570 1667 671 1699 posse
707 1656 776 1689 elo-

132 1702 294 1745 quentiae
325 1712 482 1734 caussam
506 1701 703 1742 defendere,
739 1703 775 1734 in

131 1758 198 1790 quo
216 1748 394 1780 immemor
414 1747 567 1780 iustitiae
590 1751 693 1790 atquc
716 1747 776 1779 ho-

130 1793 274 1825 nestatis
307 1793 424 1825 omnia
446 1793 569 1825 tribuit
590 1793 776 1835 potentiae,

131 1842 170 1870 ut
210 1838 295 1871 adeo
337 1849 408 1870 non
446 1837 626 1870 erubescat
664 1837 777 1870 dicere

131 1882 237 1916 malle
277 1893 313 1915 se
346 1880 480 1915 ἀδικεῖν
512 1893 613 1925 quam
648 1880 775 1915 ἀδικεῖ-

134 1929 218 1961 σθαι
246 1932 280 1961 et
308 1929 449 1969 tyranni
475 1928 633 1970 quamvis
656 1929 778 1960 iniusti

131 1974 238 2005 vitam
273 1983 348 2005 esse
381 1973 633 2013 beatissimam3
681 1983 713 2006 v.
743 1984 777 2016 p.

133 2017 210 2052 469.
234 2019 275 2051 Β.
298 2028 391 2060 seqq.
416 2016 492 2051 471.
533 2018 702 2051 Nimirum
727 2023 778 2051 est

133 2063 334 2096 adolescens
382 2063 533 2095 novitiae
575 2063 778 2106 disciplinae

135 2109 231 2141 civili
260 2107 395 2141 deditus
427 2112 460 2141 et
489 2109 692 2152 perniciosis
723 2119 776 2141 ae-

132 2154 287 2196 qualium
310 2154 531 2197 opinionibus
554 2154 712 2187 infectus.

182 2242 236 2277 Τί
263 2242 310 2276 δὲ
341 2246 466 2276 τοῦτο
490 2243 553 2287 -]
600 2243 654 2276 Ad
684 2245 718 2275 τί
739 2242 779 2275 δὲ

134 2292 233 2321 τοῦτο
258 2288 365 2321 intell.
390 2288 558 2331 διαφέρει.
591 2289 631 2320 cf.
656 2299 688 2331 Ρ.
700 2287 779 2322 497.

116 2334 174 2367 .E.
208 2333 380 2366 Charmid.
411 2344 443 2376 p.
477 2332 553 2367 164.
582 2334 623 2366 A.
661 2333 779 2376 ibique

133 2378 362 2412 Heindorf.
378 2394 421 2403 -—
441 2377 601 2411 ἐάνσοί
619 2390 665 2422 γε
692 2378 778 2411 ἱκα-

137 2427 229 2459 νῶς.
271 2425 410 2456 Menon.
437 2434 470 2466 p.
495 2420 548 2458 75.
571 2425 620 2456 B:
653 2424 779 2459 ἱκανῶς

111 2502 115 2505 ,
138 2477 208 2508 σοι,
235 2467 255 2513 ἢ
278 2467 386 2503 ἄλλως
410 2480 483 2503 πως
507 2469 640 2512 §metm
670 2470 780 2502 Phae-

135 2514 214 2546 don.
238 2525 271 2558 p.
293 2513 347 2547 71.
371 2515 422 2547 D:
457 2514 585 2548 ἱκανῶς
611 2524 675 2553 σοι,
699 2515 779 2558 ἔφη,

137 2556 233 2603 ἢοῦ,·
258 2559 363 2592 Pleno
389 2561 442 2592 Dc
465 2561 548 2602 Rep.
570 2559 628 2592 IV.
652 2568 686 2603 Ρ.
701 2558 780 2594 435.

135 2605 186 2636 D:
213 2602 287 2645 ἐμοὶ
312 2623 356 2629 --
382 2605 510 2639 ἱκανῶς
534 2601 578 2637 ἂν
602 2605 679 2647 ἔχοι.

180 2649 220 2683 Β.
260 2644 396 2694 ἦεπερ
431 2647 450 2683 ὁ
483 2647 679 2692 ἁδελφὸς
711 2647 780 2683 αὐ-

847 1344 921 1373 τοῦ
944 1338 1037 1385 Ἡρ.]
1081 1341 1224 1374 Schol.
1256 1336 1359 1376 οὗτος
1388 1338 1449 1383 οὐχ
1473 1338 1491 1374 ὁ

848 1385 1118 1428 Σηλυμβριανός
1165 1386 1257 1419 ἐστιν
1301 1384 1491 1427 Ἡρόδικος,

845 1429 913 1463 ἀλλ’
941 1429 959 1464 ὁ
985 1432 1184 1471 Λεοντῖνος,
1212 1432 1368 1475 Γοργίου
1392 1429 1491 1465 ἀδελ-

846 1475 924 1517 φός.
966 1477 1157 1519 Utrumque
1187 1477 1367 1510 confundit
1389 1478 1492 1510 Rou-

844 1522 966 1554 thius
982 1522 1025 1554 ad
1042 1523 1075 1554 h.
1093 1523 1116 1555 l.
1135 1526 1169 1555 et
1188 1522 1492 1565 Wyttenbach.

844 1566 888 1599 ad
912 1567 1086 1602 Plutarch.
1119 1567 1161 1601 de
1189 1568 1222 1601 S.
1248 1568 1289 1601 N.
1313 1568 1355 1600 V.
1379 1579 1411 1611 p.
1437 1567 1490 1601 50.

844 1612 888 1645 cf.
927 1613 1069 1645 Groen
1107 1623 1192 1645 van
1224 1614 1491 1646 Prinsterer.

843 1658 1117 1701 Prosopograph.
1139 1659 1275 1693 Platon.
1299 1670 1332 1701 p.
1358 1657 1434 1692 193.
1459 1663 1492 1691 et

844 1703 1081 1735 Heindorf.
1121 1703 1164 1737 ad
1203 1704 1347 1738 phaedr.
1391 1705 1421 1744 ξ.
1460 1702 1491 1737 2.

845 1748 979 1781 Deinde
1016 1748 1111 1783 codd.
1147 1760 1265 1782 omnes
1299 1760 1378 1782 cum
1409 1753 1491 1781 vett.

845 1793 940 1828 editt.
982 1795 1057 1826 τίνα
1093 1792 1138 1826 ἂν
1169 1792 1276 1826 αὐτὸν
1308 1792 1370 1826 ὠν.
1426 1794 1492 1826 Sed

845 1849 950 1881 quum
968 1838 1132 1871 addatur:
1152 1837 1214 1881 οὐχ
1231 1838 1318 1880 ὅπερ
1336 1838 1448 1871 ἐκεῖνο
1456 1852 1474 1870 ν
1480 1850 1492 1878 ,·

845 1885 1138 1916 Buttmannus
1169 1884 1309 1916 Auctar.
1349 1894 1382 1927 p.
1414 1882 1491 1917 507.

846 1926 934 1960 τίέὶν
946 1929 1129 1971 legendum
1144 1940 1217 1963 esse
1226 1930 1383 1963 coniecit.
1404 1929 1493 1962 Con-

845 1973 958 2006 firmat
972 1974 1062 2007 hanc
1077 1975 1308 2017 suspicionem
1327 1975 1356 2008 O
1366 1975 1491 2017 lymp.

846 2020 912 2053 Ms.
940 2019 1023 2060 Ciz„
1048 2019 1109 2052 ubi
1132 2020 1264 2062 liquido
1289 2021 1323 2053 τί
1342 2018 1388 2052 ἂν
1411 2022 1492 2053 scri-

845 2068 942 2107 ptum
957 2070 1079 2106 exstat,
1104 2069 1137 2098 et
1150 2065 1339 2109 probarunt
1363 2064 1491 2098 Hein-

847 2109 950 2142 dorf.
976 2110 1019 2142 ad
1036 2111 1166 2153 Cratyl.
1189 2122 1221 2154 p.
1238 2108 1315 2144 134.
1338 2111 1492 2143 Matth.

848 2155 907 2187 Gr.
944 2155 1002 2187 Gr.
1040 2156 1081 2188 Τ.
1115 2157 1159 2189 11.
1192 2167 1225 2199 p.
1250 2154 1326 2190 769.
1362 2156 1415 2188 ed.
1446 2156 1491 2188 ΙΙ.

847 2200 977 2232 Dubito
1001 2204 1127 2242 tamen,
1151 2212 1196 2234 an
1216 2201 1314 2234 nulla
1337 2211 1423 2243 opus
1448 2201 1493 2234 sit

846 2246 1045 2279 mutatione.
1077 2246 1206 2287 Quidni
1224 2248 1316 2278 enim
1330 2250 1420 2279 recte
1443 2247 1492 2278 di-

847 2295 940 2323 ctum
965 2292 1010 2323 sit
1033 2294 1116 2330 τίνα,
1141 2292 1278 2324 etiamsi
1300 2290 1387 2333 ὅπερ
1413 2293 1492 2324 sub-

848 2336 1024 2377 sequitur?
1054 2338 1191 2369 Etenim
1215 2335 1301 2378 ὅπερ
1325 2336 1416 2369 idem
1441 2341 1493 2370 est

848 2381 940 2423 quod
971 2384 1064 2416 τίνος
1094 2379 1214 2421 ὄνομα.
1261 2382 1314 2414 De
1344 2382 1493 2415 formula

848 2428 965 2459 καλεῖν
989 2437 1015 2459 s.
1039 2424 1228 2469 ὀνομάζειν
1252 2425 1330 2460 τινά
1349 2440 1390 2466 τι,
1420 2428 1492 2460 ali-

849 2481 973 2514 quem
1014 2474 1187 2505 nomine
1236 2473 1387 2515 aliquo
1426 2484 1493 2515 ap-

848 2516 1042 2559 pellare,
1091 2529 1122 2550 v.
1167 2517 1210 2550 ad
1246 2518 1421 2552 Phaedon.
1459 2530 1492 2561 p.

850 2561 925 2595 105.
965 2562 1005 2594 E.
1065 2563 1222 2606 Sympos.
1265 2575 1298 2606 p.
1334 2563 1411 2596 212.
1454 2564 1493 2595 C.

850 2606 994 2639 Phaedr.
1027 2618 1060 2650 p.
1084 2607 1161 2642 238.
1185 2609 1227 2641 A.
1274 2609 1402 2641 Sensus
1429 2609 1494 2651 igi-

849 2656 906 2685 tur
929 2652 987 2686 hic
1011 2657 1079 2686 est:
1104 2664 1329 2697 quemnam
1353 2654 1492 2696 ipsum

1166 2720 1217 2754 6*
