1676 2938
397 206 643 247 GORGIAS.
669 207 714 246 P.
747 208 840 245 525.
873 208 966 244 526.
996 205 1055 244 ed.
1087 204 1144 244 St.
1360 206 1438 242 341

93 312 294 372 ὦᾶριστε,
316 316 443 360 κακοὶ
454 317 676 371 γίγνονται
698 317 785 357 τῶν
805 315 1045 358 δυναστῶν.
1077 314 1182 374 Cap.
1201 313 1439 358 LXXXII.

78 383 98 397 ‘¹
105 387 221 439 Οπερ
260 382 341 429 οὖν
379 383 546 439 ἔλεγον,
591 383 762 426 ἐπειδὰν
790 383 814 425 ὁ
835 377 1143 435 Ῥαδάμανθυς
1171 379 1332 429 ἐκεῖνος
1358 396 1441 422 τοι-

92 453 222 494 οῡτόν
249 467 344 494 τινα
362 452 487 506 λάβῃ,
515 452 618 491 ἄλλο
645 448 725 504 μὲν
752 450 845 502 περὶ
876 448 1012 490 αὐτοῦ
1043 448 1124 490 οὐκ
1152 443 1271 489 οἶδεν
1299 443 1441 496 οὐδέν,

93 514 188 559 οὔθ’
217 517 328 567 ὄςτις
355 511 452 559 οὔθ’
481 517 687 565 ὧντινων,
727 514 792 556 ὅτι
819 513 864 557 δὲ
887 514 1077 567 πονηρός
1103 526 1187 562 τις·
1214 512 1287 554 καὶ
1313 517 1443 553 τοῦτο

92 582 276 624 κατιδὼν
311 581 560 637 άπέπεμψεν
597 581 656 630 εἰς
691 582 904 634 τάρταοον
940 579 1329 634 ἐπισημηνάμενος,
1368 576 1444 618 ἐάν

92 663 136 690 τε
175 649 341 702 ἰάσιμος
378 647 454 690 ἐάν
488 662 531 690 τε
559 647 733 695 α’νίατος
759 645 867 700 δοκῇ
896 641 1029 687 εἶναι·
1059 644 1083 686 ὁ
1111 642 1156 686 δὲ
1185 643 1317 686 ἐκεῖσε
1345 640 1443 696 ἆφι-
1474 645 1511 690 C

91 714 272 767 κόμενος
307 713 359 755 τὰ
395 715 664 769 προςήκοντα
702 712 862 765 πάσχει.
891 710 1027 753 ἐνίοτε
1054 708 1091 752 δ’
1116 712 1251 764 ἄλλην
1279 709 1444 758 εἰςιδὼν

92 779 218 828 ὁσίως
251 780 512 833 βεβιωκυῖαν
548 779 619 821 καὶ
646 772 734 832 μετ’
760 772 986 831 ἀληθείας,
1028 772 1186 839 ἀνδρὸς
1215 775 1389 817 ἰδιώτου
1417 773 1443 828 ἢ

92 847 225 887 ἄλλου
251 846 387 895 τινός,
427 846 606 899 μάλιστα
634 843 737 898 μέν,
775 840 907 898 ἔγωγέ
936 856 1071 896 φημι,
1115 842 1149 882 ὼ
1180 840 1443 889 Καλλίκλεις,

94 911 340 963 φιλοσόφου
375 910 426 952 τὰ
462 910 599 952 αὐτοῦ
637 909 877 961 πράξαντος
903 907 975 950 καὶ
1002 903 1057 949 οὐ
1084 907 1444 960 πολυπραγμονή-

96 988 251 1024 σαντος
288 974 335 1017 ἐν
371 978 432 1033 τῷ
471 976 573 1031 βίῳ,
615 975 786 1029 ἠγάσθη
810 988 854 1015 τε
881 974 954 1015 καὶ
984 973 1025 1022 ἐς
1052 973 1257 1027 μακάρων
1283 972 1446 1026 νήσους

93 1036 325 1095 ἀπέπεμψε.
362 1038 498 1083 ταύτὰ
533 1044 670 1083 ταῦτα
697 1039 768 1081 καὶ
796 1040 819 1081 ὁ
850 1039 1022 1088 Αἰακός.
1053 1036 1251 1091 ἑκάτερος
1277 1036 1323 1080 δὲ
1351 1037 1445 1078 τού-

92 1199 168 1231 Par.
200 1198 278 1231 BV.
314 1198 406 1230 Flor.
437 1208 467 1230 a.
499 1208 529 1230 e.
558 1208 604 1230 m.
627 1207 660 1230 o.
682 1209 715 1230 x.
748 1196 845 1230 Bodl.
878 1198 1020 1230 Meerm.
1051 1196 1103 1229 ed.
1135 1196 1215 1229 Bas.
1247 1193 1280 1229 2.
1318 1195 1446 1229 Euseb.

92 1243 233 1277 Aristid.

162 1306 200 1338 C.
248 1305 397 1338 ἐνίοτε
422 1301 450 1337 δ’
477 1302 610 1347 ἄλλην
634 1303 758 1339 εἰςιὸ.
780 1303 836 1348 --]
861 1302 1102 1347 Ροεῐῆἇλλου
1127 1302 1218 1338 τινός
1243 1315 1296 1348 ap.
1320 1303 1446 1337 Euseb.

93 1351 230 1383 additur
253 1349 385 1394 ψυχήν,
418 1350 585 1393 probante
610 1350 819 1383 Heindorfio.
861 1350 967 1382 codd.
992 1350 1149 1383 Platonis
1179 1354 1296 1383 tamen
1326 1349 1368 1382 de
1400 1349 1447 1382 le-

92 1397 204 1429 ctione
227 1396 369 1439 vulgata
389 1396 492 1438 plane
516 1397 745 1428 consentiunt.

162 1458 203 1493 ἐς
227 1458 436 1500 μακάρων
462 1457 644 1501 νήσους]
670 1458 727 1491 Sic
751 1457 870 1491 Clark.
894 1458 972 1491 vat.
997 1457 1103 1493 Coisl.
1125 1458 1211 1491 Ven.
1232 1457 1314 1491 ΞΣ.
1341 1457 1447 1492 Vind.

94 1503 267 1592 ξῖᾶὸἒῖ.
273 1505 368 1583 ὁξέι·
374 1503 581 1581 l133CIVW
613 1504 704 1536 Flor.
722 1515 751 1536 a.
769 1505 801 1536 b.
826 1515 854 1536 c.
878 1515 921 1536 m.
947 1515 978 1536 ο.
1004 1503 1103 1536 Bodl.
1126 1514 1188 1547 pro
1213 1503 1310 1548 vulg.
1335 1503 1388 1539 εἰς
1413 1515 1446 1544 μ.

164 1618 237 1638 ται
247 1618 292 1638 τα
325 1604 452 1638 ταῦτα
481 1604 553 1638 καὶ
580 1602 600 1638 ὁ
629 1603 815 1648 Αἰακός]
848 1605 888 1638 V.
915 1602 1019 1638 ταύτὰ
1044 1604 1084 1639 δὲ
1109 1604 1222 1638 ταῦτα.
1270 1605 1383 1638 Omisi
1407 1605 1447 1639 δὲ

93 1662 181 1730 {2131
183 1651 415 1730 ,(ἓῖιέὲεῖζζξ.
441 1650 546 1684 Coisl.
570 1651 673 1686 Vind.
699 1651 730 1684 1.
749 1651 781 1685 6.
812 1652 889 1684 Par.
906 1651 1136 1685 BCEFIW.
1167 1651 1261 1685 Flor.
1278 1652 1309 1684 b.
1329 1652 1351 1684 f.
1367 1662 1393 1684 3.
1413 1663 1446 1684 x.

97 1852 270 1910 πρόσθεν,
290 1851 369 1888 τοὺς
384 1852 424 1886 δὲ
438 1851 585 1888 ἀδίκους
600 1852 664 1897 τὴν
680 1853 733 1888 εἰς
802 1854 877 1886 viro
912 1854 1002 1886 iusto
1039 1863 1080 1886 ac
1113 1855 1336 1898 temperanti,
1378 1855 1447 1889 imo

96 1897 287 1940 ἀριστεράν
306 1899 411 1932 τεκαὶ
429 1897 529 1935 κάτω,
555 1899 734 1941 ἔχοντας
801 1899 1008 1942 philosopho
1047 1902 1219 1933 convenit.
1274 1902 1328 1935 De
1364 1902 1447 1945 Rep-

95 1946 152 1978 καὶ
183 1943 326 1979 τούτους
357 1943 398 1976 ἐν
422 1948 470 1998 τῷ
490 1942 644 1977 ὄπισθεν
668 1955 736 2003 orl„
802 1945 862 1977 IV.
893 1956 926 1987 p.
955 1943 1033 1978 433.
1064 1945 1106 1978 A.
1147 1947 1237 1979 Tim.
1269 1956 1302 1989 p.
1327 1945 1381 1980 72.
1404 1948 1447 1980 A.

96 1995 193 2029 μεῐα
248 1989 390 2022 πάντων
441 1984 493 2022 ὦν
545 1990 736 2031 &magnust
802 1989 922 2032 ibique
946 1995 1062 2023 annot.

94 2036 270 2068 ROUTH.

850 2055 980 2091 ταύτὰ
1015 2061 1145 2100 ταῦτα
1179 2058 1250 2091 καὶ
1287 2056 1307 2091 ὁ
1343 2059 1446 2093 Ala-

804 2101 897 2147 κός]
938 2103 1051 2137 Intell.
1094 2109 1197 2137 ποιεῖ.
1241 2105 1446 2148 Asyndeton

142 2124 180 2157 C.
228 2123 248 2168 ἢ
272 2122 404 2158 ἄλλον
431 2123 568 2169 τίνός]
599 2125 734 2158 Durum
803 2149 955 2192 elegans·

95 2170 246 2212 profecto
284 2175 353 2210 est,
399 2171 489 2212 quod
533 2170 648 2214 ψυχήν
684 2171 736 2203 in-

94 2215 317 2258 telligendum
347 2216 561 2258 relinquitur.
614 2217 734 2258 Itaque
849 2214 1061 2258 ἑκάτερος
1105 2217 1152 2250 δὲ
1195 2216 1364 2251 τούτων
1401 2238 1447 2243 -

96 2261 326 2293 Heindorf.
365 2272 408 2294 ex
442 2261 593 2294 Eusebio
629 2262 736 2294 edidit
807 2261 1041 2306 νέκυσσιν]
1092 2262 1192 2304 Quod
1230 2263 1448 2297 Rhadaman-

95 2304 197 2338 ἄλλον
223 2305 313 2340 τινὸς
338 2305 466 2348 ψυχήν,
498 2307 590 2348 quod
620 2311 734 2340 tamen
802 2308 883 2340 thus
921 2313 957 2340 et
992 2309 1128 2340 Aeacus
1167 2309 1282 2352 virgas
1318 2313 1447 2350 tenent,

95 2353 278 2393 quominus
323 2352 528 2393 reciperem,
580 2353 736 2395 impediit
803 2357 1038 2395 comparatum
1069 2354 1136 2386 hoe
1169 2358 1222 2386 est
1251 2354 1295 2387 ad
1326 2355 1447 2388 simili-

95 2396 250 2429 eodicum
297 2397 449 2429 omnium
495 2397 538 2430 de
586 2398 736 2431 lectione
802 2398 956 2430 tudinem
985 2399 1139 2431 iudicum
1169 2399 1446 2442 Atheniensium,

94 2442 237 2484 vulgata
268 2442 462 2474 consensio.
508 2442 602 2475 Inest
630 2444 736 2486 igitur
802 2443 844 2475 de
885 2444 1012 2485 quibus
1046 2443 1115 2476 vid.
1151 2444 1445 2478 Wachsmuth.

95 2487 131 2519 in
146 2487 198 2519 his
215 2486 357 2519 liberior
379 2487 546 2529 quaedam
571 2489 736 2521 orationis
803 2488 940 2521 Hellen.
965 2490 1174 2531 antiquitatt.
1199 2490 1245 2529 11,
1264 2490 1294 2523 1.
1320 2502 1352 2533 p.
1366 2490 1444 2524 315.

95 2532 330 2565 conformatio.
368 2551 412 2556 —-
458 2532 592 2566 Deinde
631 2535 735 2566 πολυ-
802 2534 918 2566 Minos
955 2544 1037 2567 vero
1077 2535 1113 2566 in
1155 2535 1243 2569 solio
1282 2536 1379 2569 sedet
1411 2541 1447 2569 et

97 2580 337 2631 πραγμοιῆσαι
368 2577 492 2610 dicitur
522 2579 571 2617 is,
602 2579 662 2620 qui
693 2577 737 2612 οὐ
804 2590 945 2612 aureum
960 2584 1129 2622 sceptrum
1146 2584 1269 2623 gestat,
1293 2585 1332 2613 ut
1354 2582 1445 2623 apud

99 2619 135 2654 τὰ
167 2622 295 2656 ἑαυτοῦ
327 2621 485 2663 πράττει,
523 2623 583 2655 sed
613 2623 737 2657 alienis
802 2625 974 2657 Homer.
999 2624 1077 2667 Ody
1080 2636 1125 2658 ss.
1148 2627 1208 2659 XI.
1234 2637 1265 2657 v.
1291 2625 1358 2660 567
1374 2636 1446 2669 seq.

96 2666 270 2700 districtus
291 2668 450 2710 negotiiS,
475 2668 556 2710 quid
581 2669 647 2701 sibi
670 2669 738 2711 ipsi
803 2670 931 2702 Totum
954 2669 1048 2703 hune
1053 2636 1189 2703 ylocum
1214 2671 1444 2704 Heindorf

97 2712 265 2766 agendum
282 2713 338 2752 sit,
352 2724 473 2755 parum
490 2717 596 2746 curat.
622 2715 737 2746 Enim·
804 2714 848 2746 ab
864 2715 980 2748 aliena
993 2726 1099 2748 manu
1119 2716 1273 2749 additum
1298 2717 1446 2758 censuit,

97 2767 178 2790 vero
196 2754 378 2801 τὰίέαυτοῦ
393 2756 555 2799 πράττειι
570 2759 738 2801 imprimis
802 2761 1012 2793 assentiente
1054 2761 1204 2802 Aetio,
1250 2763 1307 2795 eui
1353 2767 1445 2796 reete
