1690 2912
325 202 346 239 7
354 205 375 238 8
860 202 1116 241 PLATONIS

323 322 410 349 των
447 307 609 361 μέντοι,
663 303 696 350 ὦ
729 310 996 358 Καλλίκλεις,
1046 309 1177 358 αἴτιος
1219 312 1446 362 Χαιρεφῶν
1481 306 1572 361 ὅδε,
1611 308 1657 351 ἐν
1685 313 1690 380 1

324 444 397 466 csse
430 434 535 466 fertur
565 434 768 478 Empedocle
791 436 957 479 Agrigen-

324 480 396 510 tino
435 479 490 511 vel
528 480 637 512 amico
674 479 729 512 vel
772 482 955 523 magistro:

325 524 446 566 Diog.
465 525 602 557 Laert.
619 523 775 565 VI11‚58.
790 530 823 557 et
841 524 956 557 Suid.

325 579 351 599 s.
376 579 406 599 v.
432 569 546 608 Quin
561 573 582 601 t.
605 569 682 609 l.e.,
705 569 739 601 id
763 569 852 611 quod
876 580 956 611 quo-

324 612 502 644 dammodo
525 614 626 646 etiam
659 624 698 646 eo
729 614 956 654 confirmatur,

324 657 413 698 quod
464 657 552 699 apud
599 658 775 691 Platonem
822 660 956 691 Menon.

324 712 356 743 p.
381 700 432 734 76.
458 702 496 734 C.
525 706 560 734 et
583 702 686 745 Gorg.
708 701 785 735 493.
808 705 849 735 A.
879 701 956 736 507.

323 747 363 778 E.
388 747 494 788 ipsius
510 747 621 789 gratia
644 747 809 788 quaedam
831 747 957 789 placita

324 790 552 832 Empedoclea
569 796 806 824 memorantur.
839 793 956 833 Neque

325 836 410 866 nihil
429 835 497 867 huc
512 836 606 876 facit,
629 836 719 877 quod
734 836 956 878 Empedocles

325 891 379 921 ap.
411 880 527 912 Sext.
550 881 660 922 Emp.
684 881 760 921 VII,
781 880 812 914 6.
834 882 955 923 Diog-

324 924 464 956 Laert.
490 925 583 964 v111,
607 923 659 957 57.
685 929 840 957 narratur
864 926 956 957 circa

324 969 523 1000 rhetoricam
560 969 715 1002 nonnihil
747 970 957 1011 κεκινηκέναι

326 1013 478 1054 adeoque
501 1013 594 1045 illius
618 1014 699 1046 artis
722 1015 878 1046 inventor
901 1024 958 1046 ex·

325 1058 463 1090 stitisse.
521 1058 586 1089 Sed
617 1058 682 1090 hoc
715 1058 850 1100 quidem
881 1062 958 1090 utut

326 1105 395 1142 est,
434 1102 616 1134 coniunxit
650 1103 793 1146 Gorgias
831 1104 958 1145 primus

325 1146 530 1178 rhetoricam
561 1146 770 1179 artificialem
804 1157 881 1180 cum
906 1157 958 1179 so-

325 1191 472 1233 phistica
500 1202 606 1233 eaque
638 1202 674 1223 re
708 1202 786 1224 vere
817 1191 959 1224 admira-

327 1236 404 1267 bilis
421 1237 561 1274 exstitit,
581 1241 619 1268 ut
634 1246 697 1268 nec
714 1236 823 1276 Plato,
843 1246 958 1278 quam-

326 1280 378 1311 vis
408 1291 484 1311 eum
515 1280 677 1312 deluserit
716 1281 751 1312 in
795 1280 860 1313 hoc
889 1280 958 1312 dia-

325 1324 415 1367 logo,
431 1325 623 1367 petulanter
634 1325 731 1357 illum
754 1325 959 1365 tractaverit,

327 1374 364 1400 ut
380 1369 550 1410 sophistas
573 1369 669 1409 alios,
694 1369 754 1401 sed
769 1369 959 1402 verecunde

326 1414 510 1453 taxaverit,
551 1414 822 1455 quandoquidem
853 1414 959 1446 maior

325 1459 470 1499 impetus
502 1458 736 1500 irrisionisque
773 1468 850 1500 pars
890 1469 956 1491 non

326 1503 361 1534 in
385 1504 507 1544 ipsum,
530 1502 589 1535 sed
611 1504 645 1534 in
665 1502 840 1535 Calliclem
859 1506 959 1544 atque

325 1547 467 1587 Polum,
498 1547 571 1579 eius
602 1547 825 1589 discipulum,
857 1547 958 1579 cadit.

325 1592 508 1624 Enimvero
552 1591 762 1624 artificialem
801 1592 959 1633 eloquen-

325 1637 406 1668 tiam
437 1636 583 1678 primum
611 1641 745 1669 constat
774 1636 809 1668 in
841 1636 961 1668 Sicilia

326 1685 360 1713 et
381 1685 495 1713 natam
513 1685 547 1712 et
566 1681 737 1713 excultam
755 1691 846 1720 esse,
869 1680 959 1722 quod

327 1726 531 1767 quibusnam
555 1726 686 1758 caussis
709 1730 742 1757 et
765 1725 958 1767 opportuni-

325 1769 453 1802 tatibus
485 1770 534 1811 ita
564 1770 745 1810 acciderit,
784 1779 893 1811 nuper
922 1770 957 1801 in

326 1814 582 1857 Prolcgomenis
606 1814 649 1846 ad
664 1813 855 1846 Phaedrum
879 1813 957 1846 edit.

327 1859 464 1891 secund.
487 1869 520 1901 p.
543 1858 656 1892 XCIX
679 1869 772 1900 seqq.
802 1859 959 1900 exposui-

327 1914 412 1936 mus.
479 1903 593 1936 Huius
627 1914 707 1936 vero
744 1902 958 1946 eloquentiae

326 1958 425 1980 usum
442 1948 588 1990 Gorgias
611 1949 739 1990 primus
762 1947 902 1989 pertulit
923 1947 959 1979 in

328 1992 504 2024 Graeciam
528 1991 643 2034 ibique
661 1991 866 2032 nobilitavit,
892 2002 959 2034 quo

326 2041 475 2078 tempore
497 2046 567 2069 una
584 2047 661 2070 cum
677 2037 772 2069 Tisia
789 2047 810 2069 a
825 2036 959 2069 civibus

326 2081 398 2113 suis
422 2081 574 2113 Athenas
598 2081 730 2123 legatus
750 2081 874 2113 missus
897 2085 959 2121 est,

326 2130 364 2157 ut
410 2125 480 2157 illis
523 2124 684 2158 adversus
725 2125 959 2167 Syracusanos

326 2169 587 2202 Atheniensium
623 2169 789 2201 auxilium
826 2179 960 2211 compa-

326 2218 425 2247 raret.
472 2213 569 2254 Quod
593 2214 728 2256 quidem
753 2217 837 2246 teste
861 2214 960 2246 Dio·

327 2259 426 2292 doro
441 2258 521 2291 Sic.
534 2258 613 2299 xu,
624 2256 676 2291 12.
691 2257 960 2300 acciditOlymp.

327 2303 551 2335 LXXXVIII.
574 2313 604 2335 a.
626 2302 658 2336 2.
691 2312 759 2335 non
783 2303 831 2334 ita
854 2302 960 2335 multo

327 2346 958 2390 postPericlismortem,quemOlymp.

327 2392 533 2425 Lxxxvu.
556 2402 586 2424 a.
609 2390 641 2425 4.
672 2391 866 2434 pestilentia
888 2401 959 2423 cor·

327 2442 459 2479 reptum
487 2446 682 2479 supremum
710 2435 800 2469 diem
835 2435 960 2468 obiisse

328 2485 473 2513 constat.
503 2480 592 2513 conf.
616 2481 800 2513 Pausan.
823 2480 883 2520 VI,
906 2477 959 2512 17.

329 2526 409 2558 Dici
430 2529 543 2558 autem
565 2534 635 2557 non
657 2528 788 2567 potest,
820 2528 960 2566 quanto-

329 2580 407 2612 pere
430 2580 520 2602 nova
553 2573 587 2601 et
613 2569 753 2602 insolita
781 2579 836 2602 ars
859 2567 962 2601 Athe·

329 2615 506 2647 niensibus
521 2613 699 2656 placuerit,
722 2613 780 2655 qni
804 2623 863 2646 eos
877 2612 961 2653 dies,

329 2660 454 2701 quibus
477 2658 622 2700 Gorgias
644 2658 740 2690 illam
769 2655 962 2690 ostentabat

330 2708 364 2736 et
371 2701 552 2743 ἐπιδείξεις
567 2703 776 2743 instituebat,
790 2711 851 2744 pro
865 2701 960 2734 festis

1024 434 1215 467 habuerunt
1245 435 1385 477 eiusque
1408 436 1576 469 orationes
1599 446 1656 468 vo-

1025 484 1143 511 camut
1166 480 1410 521 lampadas,
1445 480 1486 512 ds
1509 491 1575 523 qua
1599 481 1656 512 ad-

1024 525 1200 556 miratione
1239 529 1341 566 atque
1383 525 1494 556 studio
1539 535 1654 557 corum
1688 553 1690 557 .

1023 579 1057 599 v.
1087 568 1208 600 Diod.
1248 569 1329 601 Sic.
1362 569 1384 600 l.
1415 580 1443 601 c.
1475 570 1653 601 Aristot.
1689 567 1690 570 ’

1023 613 1120 645 Rbet.
1150 614 1219 652 ΙΙΙ,
1260 612 1295 654 1,
1328 613 1359 645 9.
1390 614 1528 646 Cicer.
1561 614 1656 646 Orat.

1024 667 1054 689 e.
1076 655 1129 690 49.
1155 658 1214 690 De
1239 658 1355 689 Orat.
1380 658 1448 698 111,
1477 656 1531 690 33.
1554 658 1656 690 Lon-

1023 702 1107 744 gin.
1131 702 1198 741 111,
1230 701 1267 742 1,
1297 701 1328 734 2.
1354 703 1532 744 Dionys.
1562 702 1654 734 Hal.
1688 735 1690 738 Α

1025 747 1076 778 De
1100 746 1217 778 admir.
1242 747 1276 778 vi
1303 747 1475 779 Demosth.
1498 757 1526 778 c.
1550 746 1591 786 4,
1621 748 1654 780 6.

1025 795 1058 822 ct
1088 791 1194 833 Epist.
1235 790 1276 822 ad
1307 791 1457 833 Pompei.
1492 802 1521 823 c.
1562 791 1590 822 1.
1622 790 1655 823 2.

1025 834 1319 877 Olympiodor.
1347 835 1388 867 nd
1412 835 1445 867 h.
1461 835 1483 867 l.
1507 840 1541 867 et
1564 835 1655 867 l'la-

1024 884 1107 912 ton.
1131 880 1232 922 Hipp.
1257 881 1335 911 mai.
1359 890 1390 922 p.
1414 878 1491 912 282.
1514 881 1551 912 Β.
1592 881 1657 912 lta·

1025 933 1088 965 que
1112 935 1174 956 nec
1207 926 1326 956 mirum
1356 929 1425 964 cst,
1460 923 1517 955 hic
1541 928 1656 956 tantus

1025 969 1132 1000 honos
1172 969 1236 1010 ipsi
1273 968 1415 1000 habitus
1455 968 1543 1009 quod
1581 979 1654 1001 eam

1025 1013 1093 1044 vim
1118 1012 1207 1054 apud
1238 1013 1346 1055 ipsum
1378 1012 1516 1051 babuit,
1548 1017 1585 1044 ut
1607 1024 1655 1045 rc-

1024 1057 1108 1089 lieta
1142 1057 1269 1099 patria,
1305 1063 1375 1088 tum
1405 1057 1655 1090 dissensionum

1025 1101 1145 1143 plena,
1165 1101 1329 1144 reliquam
1354 1102 1443 1133 vitae
1466 1106 1594 1144 partem
1621 1103 1653 1134 in

1025 1146 1171 1178 Graecia
1222 1147 1409 1188 transigere
1451 1146 1657 1186 decerneret,

1025 1200 1227 1232 quamquam
1251 1192 1361 1232 ipsum
1391 1196 1656 1223 consentaneum

1025 1240 1095 1275 est,
1132 1235 1325 1276 priusquam
1364 1234 1410 1266 ibi
1446 1234 1653 1267 domicilium

1025 1278 1152 1322 figeret,
1173 1279 1312 1311 rediisse
1325 1279 1459 1311 domum
1478 1279 1656 1322 legationis

1025 1323 1184 1366 publicae
1206 1323 1412 1356 redditurum
1428 1324 1578 1356 rationes
1601 1335 1656 1366 po-

1024 1367 1202 1410 pularibus
1233 1368 1314 1400 suis.
1372 1368 1512 1400 Videtur
1543 1376 1655 1400 autem

1025 1423 1093 1444 non
1117 1412 1223 1444 multo
1246 1418 1322 1455 post
1338 1412 1478 1444 rediisse
1501 1413 1535 1444 in
1554 1414 1657 1445 Grae·

1025 1458 1113 1489 eiam
1123 1466 1264 1498 samque
1273 1461 1387 1497 totam,
1397 1458 1543 1490 maxime
1552 1458 1654 1489 etiam

1025 1501 1251 1542 Thessaliam,
1269 1502 1374 1533 variis
1389 1501 1596 1544 temporibus
1610 1502 1657 1534 ita

1026 1546 1236 1586 lustravisse,
1259 1550 1297 1578 ut-
1318 1545 1444 1588 ubique
1468 1546 1550 1578 artis
1573 1555 1657 1578 suae

1026 1589 1227 1623 documenta
1261 1590 1437 1622 exhiberet
1469 1591 1523 1623 vel
1555 1591 1656 1623 etiam

1025 1635 1186 1675 iuvenes,
1232 1635 1291 1676 qui
1327 1634 1465 1677 plurimi
1502 1634 1544 1667 ad
1580 1646 1656 1668 eum

1026 1689 1135 1711 novae
1159 1680 1241 1711 artis
1264 1688 1387 1711 caussa
1409 1679 1656 1718 confluxerunt,

1026 1728 1168 1766 accepta
1196 1723 1265 1756 sere
1288 1733 1309 1756 a
1332 1722 1496 1766 singulis,
1527 1723 1659 1756 Suida

1024 1772 1121 1809 teste,
1144 1772 1363 1801 centenamm
1386 1768 1555 1800 minarum
1571 1778 1657 1800 mer·

1025 1812 1119 1852 cede,
1129 1812 1265 1845 dicendi
1272 1812 1454 1854 disciplina
1459 1812 1660 1846 institueret.

1026 1858 1077 1890 De
1094 1856 1221 1890 scholis
1236 1856 1279 1890 ab
1297 1867 1338 1890 eo
1359 1856 1486 1890 habitis
1503 1867 1534 1889 v.
1550 1856 1659 1890 Pisi.

1026 1902 1129 1944 Hipp.
1153 1902 1233 1935 mai.
1255 1911 1287 1944 p.
1303 1899 1427 1934 2823.
1451 1901 1582 1934 Isocr.
1605 1902 1658 1933 De

1026 1946 1171 1979 antidos.
1196 1946 1228 1986 ἓ.
1244 1944 1319 1979 155.
1342 1945 1422 1978 coll.
1444 1945 1656 1979 Philostr.

1026 1991 1095 2024 vit.
1119 1990 1266 2033 Sophist.
1288 2000 1321 2033 p.
1343 1988 1420 2023 492.
1442 1990 1518 2023 Cic
1529 1999 1583 2022 er.
1606 1990 1659 2022 De

1026 2035 1101 2068 Inv.
1124 2036 1152 2075 Ι,
1174 2034 1206 2067 ὁ.
1262 2035 1339 2067 Hoc
1361 2044 1442 2067 vero
1465 2033 1564 2067 modo
1587 2045 1658 2067 ma-

1025 2080 1104 2123 gnis
1126 2089 1234 2121 usque
1257 2077 1451 2111 cumulatus
1472 2077 1659 2112 honoribus

1027 2123 1179 2166 (Cicer.
1203 2124 1257 2155 De
1280 2122 1374 2156 Orat.
1394 2123 1456 2162 111,
1478 2121 1534 2156 32.
1558 2124 1658 2155 Pau-

1026 2178 1114 2200 san.
1138 2167 1203 2207 VI,
1227 2165 1259 2200 7.
1280 2167 1332 2207 X,
1355 2166 1388 2199 2.
1411 2167 1522 2200 ΡΙίιι.
1546 2167 1656 2200 N.11.

1026 2211 1189 2253 ΧΧΧΙΙΙ,
1218 2211 1264 2253 4.)
1298 2212 1402 2244 vitam
1433 2212 1504 2254 egit
1532 2212 1659 2244 diutur-

1027 2267 1117 2296 nam,
1138 2266 1246 2298 usque
1259 2255 1340 2288 dum
1357 2255 1492 2288 tandein
1510 2255 1552 2288 ad
1569 2266 1659 2288 sum-

1025 2311 1115 2334 mam
1138 2305 1318 2343 provectus
1335 2304 1539 2333 senectutem
1555 2300 1658 2333 Athe—

1026 2345 1098 2386 nis,
1127 2344 1188 2377 ubi
1209 2349 1378 2388 postremo
1405 2344 1541 2378 videtur
1569 2354 1658 2377 eom—

1026 2394 1174 2423 morstus
1203 2400 1278 2422 esse
1308 2392 1491 2432 perpetuo,
1523 2388 1657 2431 placide

1027 2435 1175 2467 animam
1223 2433 1418 2476 exspiravit.
1462 2443 1495 2466 v.
1535 2432 1659 2466 Athe·

1026 2489 1160 2511 naeus
1184 2479 1307 2511 Dein.
1330 2478 1390 2511 xl.
1408 2487 1440 2519 p.
1457 2476 1534 2511 505.
1557 2477 1658 2510 Cen·

1027 2523 1160 2556 sorin.
1183 2523 1236 2556 De
1269 2523 1378 2556 ’snat
1393 2519 1662 2562 e-4.Quintil.

1027 2568 1111 2600 Inst.
1134 2567 1198 2607 ΙΙΙ,
1222 2566 1250 2600 l.
1285 2566 1460 2600 Luci-n.
1485 2567 1658 2608 Longaev-

1028 2613 1059 2651 §-
1081 2610 1135 2645 23.
1169 2611 1292 2654 Diog.
1314 2611 1457 2643 Laert.
1487 2610 1583 2650 vm,
1602 2608 1658 2643 58.

1027 2656 1156 2688 Morem
1189 2655 1264 2688 eius
1286 2654 1440 2695 dicendi,
1472 2653 1655 2698 figurarum

1027 2701 1175 2734 maxime
1197 2704 1231 2732 et
1252 2703 1424 2742 troporum
1451 2698 1659 2731 ornamentis
