1690 2892
1375 138 1454 177 275

1499 207 1519 226 O

97 248 143 290 δὲ
168 248 226 303 μὴ
256 249 491 302 βούλεσθε,
530 247 666 303 ἐῶμεν
702 246 755 302 δὴ
779 248 942 303 χαίρειν
970 247 1040 290 καὶ
1065 247 1271 302 ἀπίωμεν.
1328 250 1370 289 Γ
1370 248 1455 289 ΟΡ.

96 309 199 355 Ἀλλ’
223 313 316 368 ἐμοὶ
335 313 414 368 μὲν
434 309 488 355 οὐ
510 314 638 365 δοκεῖ,
669 307 704 354 ὦ
725 311 966 366 Σώκρατες,
995 314 1149 368 χρῆναί
1177 327 1244 354 πω
1273 309 1454 363 ἀπιέναι,

99 376 206 421 ἀλλὰ
233 379 463 431 διεξελθεῖν
490 389 535 421 σε
562 380 640 421 τὸν
667 379 822 432 λόγον·
862 381 1059 432 φαίνεται
1094 378 1138 421 δέ
1167 394 1240 433 μοι
1266 378 1336 420 καὶ
1363 381 1453 427 τοῖς
1483 382 1520 424 Β

97 447 242 494 ἄλλοις
278 445 433 487 δοκεῖν.
471 445 682 499 βούλομαι
723 444 804 498 γὰρ
842 443 972 498 ἔγωγε
1011 444 1083 486 καὶ
1113 440 1245 493 αὐτὸς
1273 439 1457 486 ἀκοῦσαί

99 520 181 552 σου
211 510 347 552 αὐτοῦ
375 510 560 559 διιόντος
587 510 639 551 τὰ
667 508 877 553 ἐπίλοιπα.
934 513 1030 552 ΣΩ.
1067 506 1192 551 Ἀλλὰ
1219 508 1298 563 μὲν
1326 511 1391 564 δή,
1422 504 1456 551 ὦ

102 579 142 618 Γ
137 576 286 629 οργία,
328 574 400 617 καὶ
438 576 566 623 αὐτὸς
600 573 736 629 ἡδέως
773 574 853 629 μὲν
891 575 947 617 ἂν
976 577 1206 617 Καλλικλεῖ
1231 575 1371 628 τούτῳ
1398 574 1457 616 ἔτι

100 641 359 695 διελεγόμην,
389 639 468 690 ἕως
495 641 612 697 αὐτῷ
637 639 716 695 τὴν
742 648 821 683 τοῦ
843 639 1077 695 Ἀμφίονος
1104 641 1305 683 ἀπέδωκα
1333 640 1458 694 ῥῆσιν

99 706 194 748 ἀντὶ
221 713 296 761 τῆς
321 713 400 748 τοῦ
432 708 607 761 Ζήθου·
638 704 780 761 ἐπειδὴ
809 707 854 748 δὲ
883 707 954 756 σύ,
987 701 1020 747 ὦ
1063 707 1335 757 Καλλίκλεις,
1376 707 1456 748 οὐκ

99 770 259 820 ἐθέλεις
310 772 645 825 συνδιαπερᾱναι
691 772 768 814 τὸν
815 773 971 826 λόγον,
1018 768 1100 814 οὶλλΊ
1144 769 1225 814 οὗν
1264 771 1370 826 ἐμοῦ
1409 787 1456 825 γε

100 838 278 879 α’κούων
307 835 616 891 ἐπιλαμβάνου,
645 837 720 879 ἐάν
747 838 787 879 τί
817 849 884 880 σοι
911 838 1026 880 δοκῶ
1053 837 1111 892 μὴ
1139 840 1279 886 καλῶς
1305 837 1454 890 λέγειν.

100 903 172 944 καί
198 917 249 957 με
278 901 354 944 ἐὰν
382 901 612 957 ἐξελέγξῃς,
653 904 734 945 οὐκ
762 903 1088 958 ἅχθεσθήσομαί
1115 913 1196 954 σοι,
1235 902 1372 955 ὥςπερ
1401 903 1455 944 σὺ
1487 905 1523 948 C

395 140 642 180 GORGIAS.
671 140 716 178 P.
748 143 842 178 505.
875 143 969 180 506.
999 139 1058 178 ed.
1091 139 1148 178 St.

100 1024 191 1068 quod
220 1030 408 1058 correctum
439 1036 482 1058 ex
514 1025 631 1059 Clark.
663 1026 739 1058 Vat
765 1026 871 1059 Coisl.
898 1027 984 1061 Ven.
1012 1026 1041 1058 Ξ
1053 1026 1093 1059 Σ.
1128 1026 1316 1068 ceterisque
1344 1036 1456 1068 paene

101 1071 270 1103 omnibus.

166 1116 330 1160 χρῆναί
351 1127 411 1148 πω
435 1113 638 1158 ἀπιέναι]
667 1128 719 1148 πω
744 1128 810 1149 om.
834 1116 937 1148 vind.
959 1116 1003 1157 6.,
1028 1117 1088 1149 sed
1114 1128 1146 1149 v.
1172 1127 1252 1148 ann.

167 1163 208 1194 Β.
262 1162 343 1195 ἕως
380 1159 497 1205 αὐτῷ
533 1160 606 1205 τήν
643 1160 719 1194 τοῦ
749 1160 885 1205 ’.Αμφ]
926 1162 992 1196 ἕως
1023 1160 1069 1194 ἂι
1100 1160 1195 1205 αυτῷ
1230 1163 1308 1194 Par.
1342 1161 1458 1195 OEF.

101 1206 194 1239 Flor.
217 1217 248 1239 a.
273 1217 303 1239 c.
327 1206 359 1238 d.
383 1218 427 1240 m.
452 1218 482 1239 o.
508 1217 535 1239 s.
582 1208 766 1239 Praeterea
788 1204 987 1248 Ἀμφι’·ςωιο
1012 1207 1129 1242 Clark.
1156 1208 1233 1239 Vat.
1258 1208 1335 1239 Par.
1360 1208 1387 1238 Ι.

169 1250 246 1283 ἐὰν
269 1250 527 1295 ἐξελέγξῃς]
563 1252 621 1284 Sic
646 1253 732 1284 Ven.
759 1253 838 1285 ΞΣ.
871 1252 973 1287 vind.
988 1251 1019 1285 2.
1045 1253 1124 1286 Par.
1140 1254 1165 1285 1.
1191 1253 1284 1285 F.10r
1300 1253 1332 1284 b.
1357 1252 1455 1284 Bodl.

101 1297 243 1329 Mearm.
266 1297 359 1330 Vett.
383 1297 478 1330 editt.
501 1296 692 1341 ἑξελέγχῃς,
723 1298 814 1340 quod
838 1302 952 1330 tuetur
975 1298 1092 1331 Herm.
1138 1299 1192 1331 De
1216 1298 1326 1332 forma
1349 1295 1455 1339 ἄχθε-

104 1340 280 1386 σθήσομαι
306 1354 338 1377 v.
363 1343 519 1376 Pierson.
543 1343 586 1375 ad
610 1344 716 1376 Moer.
741 1354 774 1386 p.
798 1342 853 1376 21.

100 1476 163 1498 sua
203 1465 365 1498 differunt
406 1477 477 1500 non
513 1466 741 1508 mediocriter,

99 1522 205 1554 quum
253 1513 331 1552 φιλο
338 1517 463 1545 νεικεῖν
516 1516 550 1544 et
596 1515 742 1556 cognata

99 1556 271 1589 vocabula
334 1557 376 1590 de
434 1558 741 1598 contentione,

100 1603 216 1644 rixa,
241 1602 542 1636 aemulatione
571 1602 742 1644 dieantur,

103 1650 298 1688 φιλονικεῖν
313 1651 429 1681 autem
444 1652 478 1681 et
500 1647 678 1689 φιλόνικος
701 1649 743 1682 de

100 1694 318 1726 victoriae
356 1694 504 1727 studio
545 1697 588 1726 et
627 1695 743 1737 eupi-

101 1738 123 1770 d
130 1739 143 1770 i
150 1743 165 1771 t
172 1749 193 1771 a
200 1743 215 1771 t
223 1750 241 1771 e
265 1740 425 1782 usurpari
449 1739 595 1781 soleant,
618 1743 657 1772 ut
680 1750 744 1772 nec

101 1784 189 1816 haec
204 1794 270 1816 nee
285 1784 348 1816 illa
362 1785 490 1826 ubique
505 1785 618 1818 locum
643 1795 743 1817 suum

811 1464 957 1507 ω”φειλες
993 1463 1035 1498 σύ
1068 1466 1188 1510 λέγειν.
1238 1467 1454 1510 Quamquam

810 1512 900 1544 hanc
957 1514 1165 1544 sententiam
1218 1517 1301 1555 puto
1355 1513 1456 1545 aliter

810 1558 917 1590 fuisse
933 1568 1176 1613 expressarum
1200 1558 1454 1601 philosophum.

811 1604 895 1636 Mox
924 1600 1246 1645 ἀντιλαμβάνεσθαι
1275 1604 1379 1661 plane
1404 1608 1456 1636 est

811 1649 925 1681 Latin.
950 1649 1305 1690 reprehendere,
1325 1655 1365 1681 ut
1395 1650 1454 1682 So-

810 1694 964 1782 phist.4p.
956 1693 1058 1728 .251.
1082 1695 1122 1728 Β.
1145 1696 1199 1727 De
1223 1694 1370 1738 Republ.
1395 1695 1455 1727 VI.

868 1739 914 1772 50
970 1739 1014 1772 al.

856 1785 894 1817 P.
919 1784 997 1818 506.
1044 1782 1095 1817 οὐ
1129 1783 1255 1817 δοκεῖ
1282 1803 1326 1808 -—
1358 1788 1453 1828 χρῆ-

100 1832 279 1869 tueantur3
298 1840 330 1861 v·
345 1829 390 1862 ad
405 1829 517 1864 Alcib.
530 1831 557 1862 L
571 1841 602 1873 p.
616 1829 691 1863 122.
704 1830 742 1863 C.

102 1875 155 1907 De
173 1875 257 1916 Rep.
272 1875 367 1907 VIIL
382 1885 414 1918 p.
432 1874 509 1908 545.
526 1876 568 1907 A.
608 1874 743 1908 Deinde

102 1919 298 1959 φιλόνεικος
310 1945 318 1958 ,
350 1920 573 1962 adieetivum,
609 1922 745 1953 etiamsi

102 1965 260 1997 videatur
290 1964 375 2008 fingi
407 1965 567 1998 debuisse
593 1967 743 2006 φιλονει-

102 2009 174 2053 κής,
199 2009 368 2052 siquidem
384 2021 405 2043 a
428 2011 583 2043 neutrius
606 2012 743 2054 generis

101 2056 239 2088 nomine
256 2059 369 2090 νεῖκος
388 2055 528 2089 ductum
552 2056 607 2097 sit,
629 2060 743 2089 tamen

103 2101 164 2133 ubi
200 2100 287 2132 illud
323 2100 367 2134 ab
404 2102 597 2144 antiquiore
633 2102 744 2135 forma

102 2146 219 2178 femin.
245 2147 341 2189 νείκη
363 2151 516 2190 repetas,
546 2150 639 2180 recte
661 2148 742 2180 item

105 2189 301 2233 φιλόνεικος
324 2202 360 2224 se
383 2192 498 2225 habet.

150 2235 280 2275 δίειμι
300 2236 382 2276 μὲν
400 2232 484 2270 οὖν
499 2240 551 2281 τῷ
565 2235 672 2281 λόγῳ
687 2236 742 2281 -]

104 2280 217 2314 Intell.
246 2285 366 2314 mirra:
396 2293 639 2326 persequar
667 2283 743 2326 igi-

104 2330 175 2359 tur
204 2337 288 2359 rem
321 2327 631 2371 disputatione
655 2339 744 2384 ego.

104 2372 158 2404 De
180 2371 542 2416 Republ.11.p..361
558 2374 610 2406 E:
634 2371 744 2406 οὐδὲν

105 2417 150 2449 ἔτι
181 2435 227 2441 —
260 2384 440 2459 χαλεπὸνΡ
449 2417 657 2460 ἐπεξελθεῖν
698 2423 743 2462 τῷ

104 2460 204 2505 λόγῳ.
239 2463 318 2496 Non
335 2463 492 2505 estquod
514 2473 595 2496 eum
617 2465 744 2496 Hein-

105 2507 179 2540 dor
190 2508 252 2541 fio
291 2508 531 2551 corrigamus
525 2508 600 2541 τὸν
617 2508 742 2564 λόγον.

106 2553 288 2595 Ingeniose
303 2564 384 2586 vero
402 2553 564 2587 Coraes
583 2551 629 2586 τώ
653 2554 742 2598 λόγω

105 2598 254 2641 scripsit,
275 2602 315 2631 ut
338 2610 460 2631 sensus
484 2599 545 2631 sit·
571 2598 742 2642 διεξέρχο-

106 2654 164 2681 μαι
201 2646 323 2675 ιοιίυι·
360 2641 413 2678 εις
451 2643 520 2687 ἐγώ
561 2643 640 2678 τοὺς
679 2644 742 2677 διό

106 2686 249 2730 λόγοις,
299 2687 360 2721 τόι
403 2701 437 2721 ιε
478 2687 566 2729 ἐμὸν
602 2691 657 2721 καὶ
699 2688 744 2722 ὂι

816 1832 892 1862 ναι
914 1841 974 1862 πω
999 1827 1192 1873 ἀπιέναι]
1219 1830 1279 1862 Sic
1296 1828 1348 1862 πὼ
1370 1830 1455 1873 legi—

811 1879 868 1907 tur
898 1886 918 1907 a
946 1874 1097 1918 negandi
1120 1876 1293 1917 particula
1314 1875 1454 1931 longius

812 1925 980 1953 remotum
1010 1922 1150 1953 Menon.
1180 1931 1213 1963 p.
1240 1919 1295 1954 72.
1316 1921 1368 1953 D.
1404 1933 1452 1953 ου

813 1965 928 2019 με’ντοι
959 1963 1006 2000 ὥς
1038 1964 1214 2008 βούλομαί
1237 1966 1277 2009 γε’
1308 1978 1370 1998 πω
1394 1978 1452 1998 κα-

813 2010 904 2066 τέχῳ.
937 2011 1023 2046 Ibid.
1047 2022 1082 2054 p.
1105 2009 1159 2044 83.
1184 2012 1231 2044 E:
1265 2009 1353 2044 οὐδ’
1386 2009 1455 2053 ἄρα

812 2054 881 2089 ἀπὸ
914 2059 972 2100 τῆς
1005 2054 1171 2099 τρίποδάς
1202 2068 1262 2089 πω
1292 2059 1453 2100 γιἭγνεται

812 2102 910 2144 Lys.
952 2102 1029 2135 adv.
1042 2103 1207 2158 Agorat.
1249 2103 1280 2142 ἓ.
1315 2101 1371 2136 31.
1401 2103 1453 2135 ed.

812 2147 943 2180 Bremi:
975 2145 1050 2181 οἶς-τ’
1085 2160 1164 2181 ουκ
1196 2146 1311 2180 ἐδόκει
1334 2145 1454 2182 αὐτοῖς

811 2191 945 2225 ἅπαντα
974 2191 1109 2236 τάληθῆ
1140 2205 1200 2225 πω
1225 2193 1453 2237 κατηγορηκέ-

815 2250 880 2270 ναι.
909 2239 1073 2271 Proxima
1088 2239 1139 2271 sie
1154 2239 1347 2282 intelligas:
1373 2250 1406 2270 m
1416 2247 1453 2271 a·

814 2284 1031 2316 nifestum
1063 2288 1128 2317 est
1157 2288 1297 2316 autem
1321 2285 1452 2317 etiam

813 2330 976 2362 ceteris
998 2330 1062 2362 ita
1084 2328 1240 2362 videri.

857 2375 896 2407 B.
943 2375 1025 2409 ἕως
1057 2372 1170 2418 αὐτῷ
1202 2372 1274 2418 τὴν
1304 2373 1380 2406 τοῦ
1409 2392 1453 2398 -

813 2417 1034 2463 ἀπέδωκα]
1091 2421 1285 2462 Respieitur
1331 2419 1375 2452 ad
1446 2447 1453 2455 .

811 2464 890 2498 485.
913 2466 953 2498 Ε.
977 2476 1070 2508 seqq.
1118 2466 1206 2498 Vere
1238 2464 1364 2497 schola
1397 2477 1456 2497 τον

813 2508 903 2551 ὑπὲρ
921 2512 1130 2551 φιλοσοφίας
1148 2508 1252 2554 λόγον
1274 2511 1453 2552 βουληθῆ-

812 2567 866 2587 ναι
896 2553 946 2609 liz„
973 2566 1093 2612 φησιΗν
1111 2553 1308 2588 ἀποδοῦναι
1333 2556 1454 2588 Κ-αλλι

812 2602 894 2639 κλεῖ,
902 2599 1032 2655 ὥςπερ
1049 2599 1068 2633 ὁ
1085 2599 1245 2643 ΜΑμφιων
1268 2605 1314 2655 τῷ
1340 2599 1453 2655 Ζήθω

814 2644 874 2677 τὸν
891 2643 981 2687 νπὲρ
998 2650 1166 2689 μουσικῆς
1189 2645 1283 2687 παρὰ
1308 2649 1354 2678 τῶ
1380 2634 1453 2678 Ει-

816 2690 943 2732 ριπίδῃ.
1009 2691 1172 2724 Callicles
1212 2693 1303 2724 enim
1344 2695 1456 2723 sumta

1118 2758 1188 2792 18*
