1676 2938
409 181 655 222 GORGIAS.
683 182 728 221 P.
760 181 854 221 517.
884 181 946 220 ed.
977 182 1035 220 St.

1328 183 1408 219 313

54 292 139 347 ἐγὼ
174 296 289 347 γοῦν
327 302 374 334 σε
410 292 614 341 πολλάκις
650 286 771 345 οἶμαι
809 288 1132 346 ὡμολογηκέναι
1168 290 1241 332 καὶ
1282 288 1410 345 ἐγνω-

53 357 196 408 κέναι,
236 357 294 407 ὠς
331 360 417 411 ἄρα
453 355 571 412 διττὴ
607 355 715 411 αὕτη
755 371 819 405 τις
855 356 885 412 ἠ
923 356 1190 411 πραγματεία
1227 354 1315 398 ἐστὶ
1341 356 1412 399 καὶ
1442 357 1484 399 D

52 422 147 477 περὶ
182 424 231 465 τὸ
270 425 391 478 σῶμα
426 423 500 466 καὶ
535 421 628 477 περὶ
667 422 748 476 τὴν
786 423 955 477 ψυχήν,
993 421 1065 464 καὶ
1099 423 1129 477 ἦ
1168 421 1247 478 μὲν
1287 420 1410 474 ἑτέρα

51 490 276 544 διακονική
313 488 450 539 ἐστιν,
489 482 519 542 ᾗ
555 487 745 530 δυνατὸν
780 483 891 529 εἶναι
931 486 1187 541 ἐκπορίζειν,
1228 486 1304 530 ἐὰν
1331 487 1410 542 μὲν

56 563 180 610 πεινῇ
206 555 259 597 τὰ
287 551 462 608 σώματα
487 554 624 609 ἡμῶν,
652 556 790 605 σιτία,
833 552 909 595 ἐὰν
937 553 982 595 δὲ
1010 554 1132 609 διψῇ,
1170 554 1293 605 ποτά,
1334 551 1410 595 ἐὰν

54 620 99 663 δὲ
126 620 246 675 ῥινῷ,
288 620 444 675 ἱμάτια,
473 614 711 674 στρώματα.
739 619 1011 674 ὑποδήματα,
1040 616 1128 661 ἄλλ’
1159 611 1222 661 ὧν
1249 617 1410 674 ἔρχεται

53 682 228 739 σώματα
266 686 326 735 εἰς
364 684 610 740 ἐπιθυμίαν.
648 683 721 728 καὶ
757 683 992 740 ἐξεπίτηδές
1029 695 1099 727 σοι
1124 684 1194 727 διὰ
1221 687 1309 726 τῶν
1337 682 1410 726 αύ-

53 755 141 794 τῶν
180 752 361 794 εἰκόνων
397 749 506 805 λέγω
519 783 531 801 ,
570 751 644 792 ἵνα
683 749 793 803 ῥᾷον
831 752 1096 806 καταμάθῃς.
1134 751 1302 792 τούτων
1328 750 1411 805 γὰρ

51 818 298 871 ποριστικὸν
324 812 435 858 εἶναι
460 816 488 870 ἢ
518 817 713 871 κάπηλον
741 818 847 858 ὄντα
874 813 903 870 ἢ
930 814 1121 871 ἔμπορον
1149 814 1177 870 ἢ
1205 816 1407 871 δημιουρ-

54 883 135 937 γόν
161 897 241 925 του
269 877 412 924 αὐτῶν
438 882 626 933 τούτων,
667 883 889 924 σιτοποιὸν
915 878 945 936 ἦ
971 880 1188 933 ὀψοποιὸν
1215 877 1245 936 ἢ
1271 881 1409 936 ὑφάν-
1441 884 1480 926 Ε

52 963 133 1003 την
150 944 179 1002 ἦ
196 948 465 1002 σκυτοτόμον
483 947 511 1002 ἢ
532 948 814 998 σκυτοδεψόν,
842 943 973 990 οὐδὲν
1000 948 1258 1002 θαυμαστόν
1284 947 1411 990 ἐστιν.

54 1016 160 1056 ὄντα
187 1017 389 1056 τοιοῦτον
422 1013 542 1064 δόξαι
570 1013 640 1055 καὶ
668 1013 785 1070 αὐτῷ
813 1013 884 1055 καὶ
910 1017 1002 1063 τοῖς
1029 1016 1173 1063 ἄλλοις
1200 1018 1412 1068 θεραπευ-

52 1077 132 1134 τὴν
168 1075 278 1121 εἶναι
313 1079 526 1133 σώματος,
570 1078 698 1121 παντὶ
734 1081 795 1135 τῷ
834 1077 892 1133 μὴ
930 1079 1060 1121 εἰδότι
1074 1112 1084 1130 ,
1126 1075 1192 1121 ὅτι
1233 1077 1322 1122 ἔστι
1350 1096 1414 1129 τις

53 1144 169 1198 παρὰ
209 1145 366 1194 ταύτας
404 1144 572 1194 ἁπάσας
611 1143 737 1199 τέχνη
764 1145 1032 1200 γυμναστική
1059 1159 1104 1187 τε
1132 1144 1204 1187 καὶ
1231 1145 1411 1200 ἰατρική,

53 1211 80 1265 ἢ
119 1210 172 1265 δὴ
212 1213 273 1267 τῷ
300 1212 392 1252 ὄντι
421 1209 507 1252 ἐστὶ
535 1207 731 1264 σώματος
756 1211 988 1263 θεραπεία,
1026 1210 1161 1265 ἥνπερ
1188 1209 1260 1252 καὶ
1287 1225 1411 1263 προς-

53 1343 170 1376 obrem
198 1354 268 1376 non
300 1344 469 1377 assentior
490 1343 565 1376 viro
590 1343 690 1376 docto
713 1343 899 1387 corrigenti
922 1340 1034 1376 ἄλλων
1057 1356 1110 1377 ων
1134 1344 1278 1387 ἔρχεται,
1301 1348 1341 1377 ιιι
1364 1350 1413 1378 at-

53 1390 179 1422 tractio
218 1390 357 1422 inversa
394 1389 527 1422 scilicet
564 1389 678 1422 locum
716 1389 854 1424 habeat.
907 1390 983 1423 Neo
1018 1400 1105 1433 opus
1136 1394 1190 1423 est
1216 1391 1414 1424 coniectura

54 1434 247 1468 Heindorfii
270 1428 371 1467 τᾶλλα
393 1433 613 1468 scribendum
635 1435 802 1477 putantis.

124 1479 383 1534 ἐξεπιίηδὲς
408 1479 500 1524 σοι]
526 1479 643 1523 Steph.
669 1479 807 1523 ἐξεπιιη
811 1479 869 1514 Bes
894 1478 933 1512 δέ
957 1490 1023 1518 σοι,
1047 1490 1173 1514 errore.

122 1526 162 1558 E.
211 1522 233 1568 ἢ
259 1523 511 1566 σκυτοδεψο
522 1524 564 1569 ν]
592 1492 812 1566 σκυιόδεφον
835 1525 953 1558 Clark.
978 1525 1055 1558 Vat.

123 1573 330 1603 τοιοῦτον
354 1568 480 1625 δόξαι
504 1571 577 1603 καὶ
603 1568 739 1615 αὐτῷ]
766 1571 883 1613 Steph.
905 1568 1005 1612 δόξαι
1029 1582 1063 1604 τε
1087 1571 1145 1603 καὶ
1169 1568 1276 1616 αὐτῷ.

124 1613 144 1660 ἢ
178 1615 228 1659 δὴ
261 1619 314 1671 τῷ
348 1612 460 1660 ὄντι]
503 1616 561 1649 Sic
585 1617 673 1649 Ven.
699 1616 781 1650 ΞΣ.
818 1616 925 1649 Coisl.
949 1616 1054 1649 vind.
1076 1615 1110 1650 2.
1133 1615 1165 1652 6.
1191 1616 1223 1651 7.
1253 1618 1331 1653 Par.
1356 1618 1412 1652 W.

56 1661 148 1694 Vett.
169 1661 265 1696 editt.
290 1656 311 1705 ᾗ
338 1660 381 1705 δὴ
405 1665 463 1706 τῷ,
488 1662 580 1704 quod
604 1662 675 1694 iam
698 1661 921 1695 Heindorfius
944 1662 1153 1695 emendavit.

102 1785 141 1819 C.
164 1782 560 1829 ἀγνοοῦντεςᾶλλη
553 1785 595 1819 'L
617 1786 637 1818 ὅ
663 1799 699 1819 τι

56 1829 266 1887 λέγομεν]
301 1831 443 1864 Lachet.
475 1841 508 1874 p.
543 1830 618 1865 189.
650 1832 698 1864 Ε.

56 1876 144 1910 coms·
182 1888 227 1908 ου
264 1875 462 1916 μανθάνει-ς’
501 1887 568 1916 μου
607 1875 627 1910 ὃ
670 1889 698 1909 ιι

55 1921 152 1964 λέγω.
199 1922 401 1964 Explicavit
429 1921 522 1954 hunc
553 1922 701 1965 genitivi

55 1977 156 1999 usum
190 1967 424 2000 Matthiae.
461 1967 519 1999 Gr.
556 1968 586 2007 §-
620 1966 700 2001 373.

56 2012 146 2045 conf.
170 2016 288 2045 nostra
311 2012 355 2045 ad
377 2013 496 2055 Remp.
513 2012 559 2046 11.
574 2023 607 2055 p.
620 2011 699 2047 375.

55 2058 100 2090 D.
123 2057 185 2089 ΠΙ.
209 2068 241 2100 p.
264 2056 342 2092 394.
367 2057 406 2091 C.

103 2149 146 2180 D.
193 2142 216 2190 ᾗ
248 2146 444 2181 δυνατὸν
467 2144 611 2191 εἶναι]
644 2149 699 2181 De

55 2193 227 2226 infinitivo
239 2198 317 2236 post
332 2194 478 2226 relativa
492 2194 529 2226 in
543 2195 700 2228 oratione

56 2239 198 2281 obliqua
225 2239 353 2272 usitato
383 2250 414 2271 V.
447 2239 491 2272 ad
522 2240 698 2274 Phaedon.

55 2294 88 2326 p.
114 2283 167 2317 72.
191 2284 232 2316 A.
286 2284 372 2316 Mox
401 2284 444 2316 de
473 2286 582 2319 forma
614 2283 700 2330 ὁιγῷ

58 2340 90 2361 v,
115 2330 361 2362 Buttmann.
391 2330 451 2362 Gr.
481 2341 573 2363 max.
605 2333 646 2364 T.
670 2332 697 2364 I.

58 2385 91 2417 p.
120 2373 198 2408 506.

57 2420 87 2459 ἓ.
113 2418 189 2452 198.
217 2417 249 2452 7.

103 2484 182 2519 ἄλλ’
216 2481 274 2520 ὦν
303 2487 474 2529 ἔρχεται
499 2487 555 2532 -]
588 2489 630 2521 V.
654 2489 698 2522 ad

57 2542 89 2574 p.
114 2530 190 2565 503.
214 2533 255 2566 Ε.
292 2533 451 2575 Sympos.
474 2543 507 2576 p.
531 2532 608 2567 186.
631 2535 675 2567 D.

246 2374 475 2408 Matthiae.
505 2376 564 2409 Gr.
594 2377 698 2420 ampl.

104 2611 270 2632 ῐθυῖων
310 2599 390 2644 γὰρ
433 2599 699 2642 πορίσῐίκὸὶ)

57 2639 173 2676 εἶναι
192 2662 236 2670 ·—
257 2643 397 2678 οὐδὲν
421 2646 508 2678 θαι
501 2645 696 2692 μαστόν]

56 2690 211 2723 Mutatur
223 2690 386 2734 deinceps
406 2696 504 2724 tenor
521 2693 698 2726 orationis.

57 2735 246 2778 Postquam
258 2737 350 2770 enim
364 2737 466 2770 haec:
483 2734 592 2770 οὐδὲν
606 2738 698 2771 θαυ-

768 1783 901 1826 μαστόν
924 1785 1028 1826 ἐστιν,
1062 1786 1164 1820 illata
1186 1789 1279 1828 sunt,
1302 1798 1413 1821 sermo

768 1833 1000 1873 continuatur,
1024 1833 1126 1875 quasi
1149 1834 1413 1876 praecessisset:

769 1875 852 1910 &vta
900 1876 967 1932 γὰρ
1017 1889 1150 1910 lovtmv
1200 1889 1414 1920 nopwuxov,

767 1922 914 1965 ideoque
937 1920 1022 1955 ὄντα
1046 1926 1203 1956 τοιοῦτον
1226 1924 1414 1967 interponi-

767 1972 842 2009 tur,
870 1971 911 2000 ut
940 1969 1125 2011 superioris
1149 1970 1298 2003 subiecti
1322 1971 1414 2014 cogi-

768 2014 853 2046 tatio
870 2014 908 2046 in
921 2014 1037 2046 animo
1055 2016 1291 2050 resuscitetur.
1322 2017 1414 2048 Ana-

767 2059 932 2092 ooluthon
955 2059 1045 2092 nihil
1070 2059 1178 2093 habet
1201 2061 1413 2102 offensionis,

767 2104 852 2137 licet
882 2104 926 2138 ab
957 2105 1036 2137 aliis
1067 2105 1168 2139 aliter
1195 2107 1241 2138 sit
1262 2107 1414 2149 explica-

767 2154 851 2182 tum.
871 2169 916 2174 —
940 2150 1048 2190 ἔμπο
1061 2162 1129 2193 poe
1153 2156 1235 2184 sunt
1256 2163 1413 2185 merca-

767 2199 905 2236 tores,
942 2193 1127 2239 κάπηλοι
1160 2198 1412 2239 institores,

768 2241 827 2283 qui
841 2251 984 2282 meroes,
1009 2252 1096 2284 quas
1114 2247 1234 2275 emunt
1249 2254 1269 2276 a
1284 2254 1413 2276 merca-

767 2285 911 2328 toribus,
935 2290 1099 2329 quaestus
1113 2288 1267 2321 faciendi
1287 2299 1413 2322 caussa

766 2332 922 2365 vendunt
953 2337 986 2364 et
995 2357 1003 2373 ,
1043 2336 1082 2364 ut
1110 2332 1151 2365 fit
1161 2357 1169 2373 ,
1205 2333 1412 2367 adulterant.

766 2378 964 2411 Discrimen
987 2382 1065 2421 post
1083 2378 1170 2411 alios
1193 2378 1414 2413 illustrarunt

766 2423 800 2454 H
812 2423 998 2458 eindorf.
1019 2422 1062 2456 ad
1078 2423 1150 2458 h.1.
1166 2428 1200 2457 et
1214 2423 1260 2457 ad
1274 2425 1414 2458 Horatii

766 2468 868 2501 Satir.
900 2469 917 2500 I
926 2493 936 2509 ‚
968 2468 986 2501 1
998 2493 1006 2509 ,
1038 2468 1070 2501 6.
1108 2473 1143 2502 et
1176 2480 1263 2512 quos
1292 2470 1413 2504 lauda-

766 2514 974 2592 vit7l436³iss
985 2524 1037 2546 on
1048 2513 1111 2547 ad.
1135 2513 1179 2547 ad
1202 2516 1410 2549 Aristaenet.

765 2569 787 2602 Ρ
810 2604 850 2636 Ε.
901 2615 987 2636 παν
980 2604 1034 2636 ντὶ
1073 2608 1126 2649 τῷ
1162 2602 1215 2649 μὴ
1245 2604 1412 2650 εἰδότι]

766 2649 982 2683 videlicet
1004 2640 1226 2692 omnibus,
1250 2652 1323 2694 qui
1346 2661 1412 2684 ne

767 2705 808 2727 sc
817 2695 829 2726 i
840 2705 892 2727 an
902 2699 917 2727 t
934 2700 997 2730 eto.
1033 2696 1120 2728 Nam
1135 2695 1309 2729 adduntur
1323 2696 1412 2731 haee

766 2740 1002 2783 superioribus
1024 2752 1086 2784 per
1109 2742 1373 2785 appositionem.
