1682 2944
234 156 285 191 52
706 152 1098 192 PROLEGOMENA

234 263 401 302 situdine
427 276 515 302 cum
542 263 729 314 Apologia
756 266 796 302 et
821 263 973 302 Critone
1008 263 1212 309 contineri,
1250 263 1556 314 quandoquidem

234 320 274 356 111
303 332 346 357 eo
375 332 450 357 non
469 321 578 357 modo
606 319 824 358 innocentia
842 319 1006 358 Socratis
1034 319 1262 365 defenditur,
1290 331 1424 357 verum
1442 319 1557 357 etiam

235 375 446 413 accuratius
472 375 688 413 illustratur
723 378 838 426 atque
866 375 1165 421 demonstratur,
1204 375 1305 425 quod
1333 373 1386 411 ibi
1414 386 1463 412 ex
1491 373 1559 417 So-

235 431 374 469 cratica
400 430 546 468 ratione
574 431 729 480 ponitur
754 430 975 480 simpliciter
990 434 1030 469 et
1057 434 1306 477 asseveratur,
1334 429 1450 467 nullis
1478 429 1557 467 fere

235 486 467 534 argumentis
493 486 704 524 sententiae
731 485 869 532 allatis,
897 486 1038 524 iniuste
1057 498 1167 534 agere
1186 485 1292 523 1111Πο
1319 488 1428 534 pacto
1446 484 1558 522 licere

234 545 349 592 atque
377 543 470 579 adeo
496 555 564 591 pro
591 542 756 579 maximo
782 542 882 579 malo
908 542 1123 579 ducendum
1154 554 1247 579 esse.
1304 541 1404 578 Sunt
1429 544 1558 578 autem

235 597 292 634 illi
310 597 397 635 libri
413 597 543 646 procul
569 597 684 635 dubio
710 600 798 647 post
814 597 980 635 Socratis
998 601 1157 635 mortem
1184 596 1365 645 evulgati.
1402 596 1464 633 Ex
1481 608 1557 646 quo

235 665 468 704 consequens
495 656 566 699 est,
591 656 637 691 ut
662 665 711 690 ne
739 653 772 690 is
799 652 955 703 quidem
979 652 1086 699 liber,
1114 653 1182 703 qui
1209 651 1416 690 sententias
1444 651 1485 688 in
1511 651 1559 688 iis

234 708 404 747 breviter
419 709 603 747 indicatas
630 708 843 746 accuratius
860 707 1101 758 persequitur
1126 712 1166 746 et
1193 707 1411 757 disputandi
1437 706 1558 744 subti-

234 763 343 802 litate
371 764 579 811 confirmat,
606 768 720 802 antea
747 764 919 813 componi
946 763 1123 813 potuerit.
1162 765 1292 814 Atque
1319 762 1421 800 idem
1446 762 1558 812 plane

235 820 351 857 etiam
379 821 425 857 de
445 819 839 858 Memno-dicendum
865 822 936 865 est,
964 831 1050 856 cum
1078 831 1154 869 quo
1182 818 1278 856 libro
1296 817 1455 866 Gorgias
1482 830 1558 855 non

236 888 313 912 uno
331 875 483 913 nomine
503 876 680 913 cohaeret
696 875 848 914 arctius.
877 875 977 912 Nam
995 875 1036 912 in
1053 875 1218 912 Menone
1236 886 1387 925 quoque
1406 873 1561 911 docetur

235 931 406 968 rhetores
434 943 478 968 ac
505 930 607 969 viros
626 928 848 976 πολιτικοὺς
873 943 951 967 11011
978 942 1061 968 esse
1080 929 1235 967 idoneos
1251 929 1408 968 virtutis
1435 928 1559 966 civilis

235 986 447 1034 magistros,
475 987 566 1037 quia
591 986 673 1025 veri
702 985 860 1024 scientia
877 982 1108 1037 (ἐπιστήμῃ)
1126 985 1205 1023 sint
1231 984 1418 1030 destituti,
1446 996 1559 1033 oppo-

235 1042 415 1092 niturque
443 1041 602 1080 scientia
627 1041 842 1091 philosophi
859 1041 1014 1079 incertis
1041 1044 1081 1079 et
1097 1040 1374 1079 fluctuantibus
1389 1039 1559 1079 virorum

235 1097 407 1135 civilium
429 1097 688 1146 opinionibus,
716 1097 1030 1148 quemadmodum
1066 1096 1108 1133 in
1133 1096 1273 1145 Gorgia
1298 1094 1559 1145 temperantia,

235 1153 394 1199 iustitia,
422 1153 590 1202 probitas
616 1152 692 1192 viri
709 1152 891 1202 sapientis
908 1152 1018 1190 vanis
1045 1152 1192 1190 artibus
1220 1152 1416 1190 rhetorum
1443 1155 1560 1201 atque

235 1208 363 1257 pravis
399 1209 536 1246 studiis
572 1211 612 1246 et
648 1207 815 1246 consiliis
851 1208 1020 1247 virorum
1055 1207 1096 1245 in
1131 1206 1326 1256 republica
1370 1206 1558 1243 clarorum

236 1277 258 1300 e
284 1264 438 1312 regione
465 1264 678 1302 collocatur.
734 1262 839 1304 Quin
865 1263 980 1301 etiam
1007 1262 1122 1301 sicuti
1154 1262 1196 1300 in
1230 1262 1304 1300 hoe
1330 1261 1427 1299 libro
1464 1261 1558 1300 Gor-

236 1319 316 1367 gias
349 1319 507 1370 eiusque
542 1319 749 1368 discipulus
776 1319 892 1356 Polus
930 1331 1017 1356 cum
1043 1317 1216 1364 Callicle,
1253 1317 1406 1355 homine
1432 1329 1558 1355 rerum

236 1375 473 1423 publicarum
508 1374 674 1421 curioso,
721 1375 762 1412 in
799 1374 965 1412 medium
999 1374 1278 1423 producuntur,
1324 1373 1380 1410 ita
1415 1372 1456 1410 in
1491 1372 1558 1409 1110

235 1430 375 1479 scripto
401 1431 515 1468 Meno
552 1434 599 1468 ut
625 1430 786 1478 Gorgiae
823 1428 1030 1478 discipulus
1065 1432 1180 1479 atque
1207 1430 1382 1479 Anytus,
1418 1427 1480 1466 vir
1508 1428 1559 1465 ci-

235 1485 323 1524 vilis
361 1489 400 1524 01
435 1486 599 1524 Socratis
643 1488 855 1530 accusator,
903 1484 1199 1535 colloquentium
1243 1487 1370 1533 partes
1406 1483 1561 1529 habent,

236 1554 398 1592 quorum
426 1541 491 1579 ille
518 1540 773 1590 sophistarum
802 1553 973 1578 caussam
999 1539 1188 1586 defendit,
1225 1539 1288 1577 hic
1324 1543 1454 1576 autem
1480 1538 1561 1586 agit

237 1610 407 1634 caussam
435 1596 675 1646 politicorum
711 1609 754 1634 ac
781 1596 956 1634 similiter
988 1599 1033 1634 ut
1059 1595 1231 1634 Callicles
1265 1594 1306 1632 in
1334 1594 1475 1642 Gorgia
1501 1606 1560 1632 so-

236 1653 383 1701 phistas
409 1656 605 1703 tamquam
623 1665 746 1690 meros
771 1651 864 1689 artis
882 1652 1054 1689 doctores
1080 1654 1120 1689 01
1137 1663 1162 1687 a
1177 1650 1371 1699 republica
1396 1650 1560 1698 gerenda

236 1721 390 1747 aversos
415 1708 584 1746 fastuose
612 1707 820 1746 contemnit
853 1719 896 1744 ac
923 1706 1093 1768 despicit.
1138 1704 1269 1746 Quum
1295 1709 1422 1743 autem
1449 1705 1560 1753 longe

236 1764 286 1802 sit
322 1763 640 1802 verisimillimum
674 1764 879 1801 Menouem
915 1762 1013 1810 circa
1054 1765 1226 1810 tempora
1261 1761 1427 1799 Socratis
1462 1759 1560 1810 peri-

237 1819 472 1857 culosissima
516 1823 556 1857 et
592 1819 675 1858 viro
713 1818 875 1868 sapienti
914 1817 1049 1866 capitis
1083 1817 1310 1866 supplicium
1342 1815 1562 1854 minitantia

236 1874 376 1913 litteris
421 1878 621 1913 exaratum
667 1887 769 1921 esse,
815 1873 1040 1911 necessitate
1076 1873 1242 1923 quadam
1286 1871 1469 1918 efficitur,
1515 1875 1561 1908 ut

237 1930 414 1978 Gorgiam
440 1933 573 1979 postea
599 1930 783 1979 scriptum
818 1941 901 1967 esse
938 1932 1161 1967 statuamus.
1217 1927 1317 1965 Nam
1353 1927 1458 1978 quod
1493 1926 1559 1964 alii

236 1998 359 2034 nuper
397 1986 691 2031 contenderunt,
737 1985 941 2023 Menonem
984 1987 1071 2033 post
1106 1982 1286 2031 Gorgiam
1320 1983 1474 2020 demum
1518 1981 1558 2018 in

236 2042 358 2079 lucem
385 2040 575 2090 publicam
600 2040 802 2090 prodiisse,
839 2040 879 2077 id
905 2039 969 2078 vel
995 2039 1080 2076 ideo
1106 2050 1242 2087 parum
1278 2041 1338 2076 est
1369 2036 1559 2082 credibile,

236 2096 328 2147 quia
355 2095 512 2145 Gorgias
547 2096 613 2133 illo
650 2095 778 2134 libello
823 2099 883 2133 est
918 2097 958 2132 et
993 2093 1179 2143 sapientia
1215 2092 1366 2131 uberior
1400 2096 1440 2131 et
1477 2096 1560 2130 arte

236 2151 432 2202 aliquanto
466 2151 677 2201 perfectior.
721 2150 940 2189 Cavendum
976 2153 1105 2187 tamen
1131 2160 1358 2198 magnopere
1394 2151 1472 2194 est,
1509 2160 1560 2184 ne

235 2207 371 2245 idcirco
399 2206 578 2255 Gorgiam
604 2206 865 2244 existimemus
893 2204 1071 2243 continuo
1107 2207 1193 2254 post
1218 2203 1304 2241 illos
1332 2203 1448 2241 libros
1476 2215 1559 2240 esse

236 2263 470 2301 elaboratum
507 2266 547 2300 et
579 2262 620 2299 111
646 2261 840 2311 publicum
876 2260 1065 2298 emissum.
1121 2260 1204 2297 Imo
1240 2271 1423 2309 perquam
1458 2257 1558 2297 veri-

235 2318 357 2355 simile
386 2321 444 2356 est
471 2331 558 2355 eum
585 2321 669 2355 tum
696 2317 848 2355 demum
874 2328 956 2354 esse
983 2314 1120 2354 litteris
1148 2314 1410 2364 perscriptum,
1438 2325 1557 2365 quum

235 2373 500 2423 philosophus,
546 2376 749 2423 postquam
785 2370 1019 2422 aliquamdiu
1052 2370 1219 2419 Megaris
1255 2372 1338 2408 erat
1372 2372 1559 2414 versatus,

235 2429 399 2479 denique
428 2428 567 2467 certius
594 2428 695 2477 apud
723 2426 891 2466 animum
918 2425 1177 2465 constituisset
1210 2424 1328 2463 missa
1353 2436 1481 2463 rerum
1508 2423 1559 2461 ci-

234 2484 369 2522 vilium
398 2496 489 2521 cura
514 2496 597 2522 sese
624 2486 748 2522 totum
775 2481 1036 2532 philosophiae
1062 2480 1200 2519 studiis
1226 2480 1383 2526 dedere,
1429 2479 1486 2518 ita
1511 2482 1558 2516 ut

234 2539 441 2578 rectissime
467 2539 653 2577 iudicasse
679 2538 883 2577 videantur
921 2536 988 2588 qui
1023 2536 1134 2574 illum
1161 2538 1390 2574 censuerunt
1425 2546 1556 2572 eorum

234 2594 477 2644 dialogorum,
506 2594 571 2645 qui
599 2593 830 2632 Socraticam
855 2591 1064 2631 doctrinam
1098 2595 1138 2630 ct
1164 2591 1349 2630 rationem
1375 2590 1558 2635 referunt,

234 2654 426 2701 tamquam
472 2663 607 2697 agmen
644 2649 819 2688 claudere
854 2661 900 2686 ac
934 2647 1055 2687 veluti
1091 2647 1295 2686 transitum
1330 2645 1380 2683 ad
1414 2644 1558 2694 scripta
