1676 2938
451 207 769 249 GORGIAS.‹P;
790 209 894 246 516.
927 206 1018 246 517.
1049 206 1108 246 ed.
1140 206 1197 246 St.
1415 209 1493 246 ³11

142 321 245 370 τοὺς
289 317 548 368 ἵππους-καὶ
573 315 708 360 αὐτοὶ·
723 317 924 371 ἀμείνους
950 314 1160 370 γένωνται
1185 315 1371 370 ἡνίοχοι,
1412 316 1496 357 τότῗ

143 385 436 428 ἐκπίπτουσιν.
478 385 559 426 οὐκ
576 400 579 402 ’
596 382 683 425 ἔστι
714 379 839 424 ταῦτ’
881 378 975 424 οὔτ’.
1016 382 1064 424 ἐν
1096 382 1288 438 ἦνιοχείᾳ
1325 376 1412 423 οὔτ’
1450 380 1498 424 έν

143 455 257 507 ἄλλῳ
285 449 397 507 ἔργῳ
424 449 581 491 οὐδενί.
611 448 638 502 ἢ
667 449 786 491 δοκεῖ
803 458 894 498 σοις
928 450 1061 490 ΚΑΛ.
1096 448 1188 489 Οὐκ
1205 445 1356 502 ἔμοιγε.
1392 449 1497 489 ΣΩ.

138 515 331 572 Ἀληθεῖς
356 519 455 569 ἄρα,
495 515 552 564 ὡς
579 513 730 564 ἔοικεν,
772 513 814 555 οἱ
841 511 1087 567 ἔμπροσθεν
1113 514 1236 567 λόγοι
1263 509 1387 568 ἦσαν,
1430 509 1497 555 ὅτι

143 582 301 625 οὐδένα
325 582 448 636 ἡμεῖς
473 581 595 635 ἰ’σμεν
621 581 760 632 ἄνδρα
770 579 961 633 -άγαθὸν
986 580 1196 633 γεγονότα
1222 579 1275 621 τὰ
1289 579 1499 623 ’,πολιτικὰ
1527 580 1608 624 517

143 647 190 692 ἓν
229 649 331 703 τῇδε
365 654 418 702 τῇ
445 647 579 689 πόλει.
607 646 662 688 σὺ
689 645 735 688 δὲ
763 645 997 699 ὡμολόγεις
1022 647 1111 688 τῶν
1137 659 1185 699 γε
1211 652 1296 687 νῦν
1323 645 1497 697 οὐδένα,

142 716 248 755 τῶν·
276 711 421 768 μέντοι
469 711 738 766 ἔμπροσθεν,
795 710 867 752 καὶ
901 712 1118 764 προείλου
1164 712 1354 760 τούτους.
1395 711 1497 762 τοὺς

143 780 314 833 ἄνδρας.
353 772 474 821 οὗτοι
511 777 556 820 δὲ
595 778 877 832 ἀνεφάνησαν
914 775 957 828 ἐξ
998 777 1097 819 ἴσου
1135 780 1225 826 τοῖς
1251 783 1335 819 νῦν
1360 779 1496 827 ὄντες..

144 843 260 894 ὤςτε.
286 844 322 886 εἰ
349 837 470 886 οὗτοι
497 843 674 899 ῥήτορες
699 839 833 898 ἦσαν,
871 845 970 885 οὔτε
996 849 1049 897 τῇ
1077 843 1264 897 ἀληθινῇ
1292 842 1497 897 ῥητορικῇ

146 909 331 964 ἐχρῶντο
358 934 410 941 —-
438 910 492 951 οὐ
519 910 602 964 γὰρ
630 909 685 951 ἂν
713 908 911 960 ἐξέπεσον
938 933 987 939 -
1020 911 1118 950 οὔτε
1144 915 1196 963 τῇ
1223 912 1443 962 κολακικῇ.

229 976 335 1036 Cap.
366 976 584 1020 LXXIII.
646 977 780 1016 ΚΑΛ.
815 969 938 1016 Ἀλλὰ
976 973 1124 1029 μέντοι
1152 977 1316 1016 πολλοῦ
1343 988 1391 1028 γε
1420 974 1497 1025 δεῖ,

143 1134 251 1158 ωσαν.
286 1124 467 1158 Vereorut
479 1127 591 1165 recte3
615 1126 707 1157 certe
730 1124 797 1156 ista
819 1124 1011 1157 mutatione
1035 1134 1106 1156 non
1131 1134 1227 1166 opus.
1251 1133 1285 1156 v,
1301 1134 1333 1166 p.
1350 1121 1428 1158 518.
1446 1122 1497 1164 C.,

142 1171 203 1203 ubi
226 1181 328 1204 nemo
330 1171 533 1227 ”sctipserit
548 1167 637 1211 πρὸς
658 1166 859 1206 ἀπολοῦσιν,
884 1176 961 1212 etp
963 1168 1073 1202 .519.
1097 1169 1137 1201 A.
1162 1170 1203 1204 Β

210 1217 250 1248 Ε.
298 1213 463 1248 οὔκουν
487 1216 533 1248 οῖ’
549 1227 594 1259 γε
619 1213 804 1259 ἀγαθοὶ]
829 1215 923 1248 Male
946 1214 1052 1258 vulgo
1077 1211 1220 1250 ουκοῦν.
1246 1225 1278 1247 v-
1295 1213 1497 1247 adPhaedr.

142 1272 175 1304 p.
199 1260 278 1296 258.
302 1261 340 1294 C.
371 1260 578 1304 Euthydem.
600 1271 632 1304 p.
657 1258 787 1294 307.Β

802 1384 805 1386 —
855 1416 887 1448 Ρ.
905 1404 982 1440 509.
1000 1406 1044 1438 D.
1069 1405 1240 1449 Criton.p
1243 1403 1322 1439 ..54
1341 1405 1384 1438 A.
1406 1405 1499 1438 infra

851 1450 1051 1530 ΡΙΞ).22517Ε
1088 1495 1135 1542 ἐξ
1168 1497 1271 1529 ἴσον
1298 1501 1390 1531 τοῖς
1418 1499 1499 1528 νῦν

853 1540 1003 1586 ὄντες]
1039 1542 1084 1574 Η.
1110 1553 1139 1574 e.
1170 1543 1244 1584 iis,
1276 1543 1351 1584 qui
1381 1552 1498 1578 nunc

854 1592 972 1630 sunt,
1023 1587 1197 1621 similes
1243 1598 1270 1620 s.
1316 1588 1362 1620 in
1401 1587 1499 1630 pari

853 1634 1108 1668 conditione
1123 1637 1187 1666 etc.
1205 1634 1362 1688 Lysias
1377 1644 1408 1675 Ρ.
1420 1631 1498 1666 247.

101 1409 103 1411 ’
142 1419 224 1449 χους
256 1404 368 1439 πάντα
396 1406 442 1438 ἔτι
472 1406 538 1447 ἔξω
568 1406 786 1448 καταλαβεῖν,

144 1452 180 1484 εἰ
207 1450 254 1496 μὴ
285 1449 339 1484 διὰ
363 1450 425 1495 τὴν
448 1450 588 1484 ἐκείνου
613 1451 784 1494 μέλλησιν,

144 1498 219 1530 scil.
232 1465 481 1540 nprohibiti
511 1503 669 1530 essent.
710 1498 783 1530 De-

144 1543 353 1576 mosthen.
371 1542 514 1576 Defals.
527 1544 649 1585 Legat.
661 1553 694 1585 Ρ.
705 1541 783 1576 364.

144 1589 197 1621 ed.
228 1588 364 1621 Reiska
401 1586 444 1620 οὐ
474 1585 540 1631 γὰρ
574 1586 622 1622 ὥς
674 1587 710 1620 εἰ
739 1585 784 1643 μὴ

144 1632 200 1667 διὰ
240 1633 562 1674 Λακεδαιμονίους.
605 1630 680 1666 οὐδ’
724 1631 783 1670 ὥς,

143 1678 245 1722 εἰμὴ
266 1677 457 1721 ,Πρόξενον
479 1690 541 1721 ουχ
559 1676 784 1720 ὑπεδέξαντο,

143 1743 188 1749 -
212 1723 404 1767 ἐσώθησαν
430 1723 466 1756 οἱ
493 1724 629 1759 Φωκεῖς
652 1736 680 1756 κ.
707 1737 732 1756 τ.
757 1725 784 1756 λ.

144 1770 231 1802 Ibid.
255 1781 286 1812 p.
310 1769 397 1803 370:
430 1768 547 1824 ἐκεῖια
581 1769 620 1802 δὲ
652 1768 786 1804 τούτοις

143 1813 189 1847 ἂν
218 1819 373 1872 ποοςῆν,
408 1814 445 1847 εἰ
472 1812 517 1858 μὴ
547 1814 602 1847 διὰ
631 1813 785 1853 τούτους,

145 1870 193 1893 se.
209 1859 373 1903 ἐκωλύθη
389 1865 578 1902 προςεῖναι.
591 1871 625 1893 v.
638 1861 785 1915 interpp.

145 1906 188 1938 ad
204 1907 320 1950 Viget.
336 1916 368 1948 Ρ.
383 1904 452 1939 510
465 1916 535 1948 seq.
558 1924 603 1930 —
625 1903 660 1939 O
684 1905 786 1947 πρύ-

147 1963 268 1985 τανις
287 1951 365 1984 hoc
393 1951 470 1983 loco
498 1956 686 1994 prytanum
717 1953 786 1994 epi-

145 2002 267 2029 statam
299 1997 474 2040 designat,
509 1997 610 2029 cuius
633 2001 708 2029 erat
729 2007 788 2039 po·

146 2042 264 2085 pulum
280 2042 318 2075 in
337 2041 503 2085 suffragia
518 2043 654 2075 mittere
669 2052 696 2075 s.
714 2041 786 2075 ἐπι-

146 2088 326 2130 ψηφίζειν.
350 2098 382 2120 v.
408 2087 452 2120 ad
474 2098 506 2131 Ρ,
530 2086 607 2121 474.
631 2088 673 2121 A.

192 2175 353 2210 οὔκουν
367 2178 467 2221 οἵγε
483 2175 644 2221 ἀγαθοὶ
663 2175 720 2221 ἡν.
734 2177 785 2222 -]

146 2223 275 2256 Certe
294 2223 465 2265 quidem
480 2222 583 2256 boni
598 2224 787 2267 aurigae,

146 2276 272 2311 quum
302 2269 439 2301 initio
471 2279 558 2302 non
589 2269 640 2301 de
665 2269 787 2313 bigis

146 2313 374 2354 decidant,
417 2324 499 2353 non
542 2318 633 2347 tum
671 2315 788 2347 deci-

146 2360 271 2399 dunt,
296 2369 422 2402 quum
447 2369 580 2402 equos
599 2363 661 2393 etc.
687 2371 718 2393 v.
744 2360 788 2393 ad

146 2415 179 2447 Ρ.
203 2404 281 2437 512.
306 2406 349 2437 A.
395 2404 493 2436 Male
513 2405 619 2459 vulgo
643 2403 794 2439 οἰκοῦν..

146 2450 288 2483 Lachet.
346 2447 512 2482 ,1921)
478 2450 531 2482 D:
570 2448 703 2483 οὔκουν
735 2450 788 2483 δι’·

147 2493 246 2528 κατόν
268 2507 317 2539 γε.
322 2461 561 2537 pEuthydem.
584 2506 617 2538 p.
635 2495 714 2530 307.
738 2497 786 2529 Β.

145 2538 280 2573 οὔκουν
315 2539 452 2573 δίκαιόν
485 2551 544 2583 γε,
581 2540 643 2573 ubi
681 2542 787 2585 vulgo

145 2582 284 2619 οὐκοῦν.
315 2586 510 2628 Sophist
513 2584 615 2619 ..231
636 2586 787 2620 13:051-

147 2642 216 2662 mv
238 2630 276 2664 τό
298 2642 348 2675 γε
361 2629 466 2665 εἰκός.
499 2630 586 2666 Ibid
605 2642 639 2675 Ρ.
653 2631 730 2665 235.
747 2634 787 2666 Ε.

146 2687 190 2732 Ρ.
203 2675 281 2710 238.
305 2678 363 2718 Β.,
398 2675 460 2709 ubi
481 2676 588 2720 vulgo
610 2677 790 2722 legebatur

146 2719 282 2754 οὐκοῦν
313 2720 362 2755 ἂν
396 2719 520 2762 ὀρθῶς
552 2733 600 2766 γε.
653 2723 708 2755 De
738 2735 789 2757 rep

146 2767 253 2810 petito
282 2767 388 2801 verbo
419 2766 624 2801 ἐκπίπτουσι
650 2768 721 2802 vid.
744 2769 790 2802 ad

854 1679 906 1712 ed.
938 1680 1070 1712 Brem..
1106 1678 1143 1711 εἰ
1175 1676 1241 1722 γὰρ
1275 1677 1314 1720 ἐξ
1344 1679 1426 1711 ι’σου
1462 1681 1499 1720 τῇ

856 1727 1023 1768 συμφορᾷ
1053 1725 1108 1756 καὶ
1143 1724 1206 1767 τὴν
1235 1721 1395 1756 διάνοιαν
1419 1724 1497 1765 ἔξω,

854 1770 915 1804 ubi
938 1781 970 1802 v.
996 1775 1111 1803 annot.

901 1836 952 1870 οὐ
976 1834 1055 1882 γὰρ
1079 1835 1131 1870 ἂν
1151 1836 1382 1880 ἐξέπεσον]
1407 1837 1452 1872 H.
1468 1848 1497 1869 e.

855 1884 1011 1927 populi
1058 1883 1206 1926 gratia
1252 1886 1297 1915 et
1343 1883 1498 1915 favore

856 1928 1148 1962 excidissent.
1185 1928 1366 1962 Pindar.
1395 1928 1499 1971 Pyth.

856 1975 927 2015 III,
951 1973 1010 2008 21;
1044 1974 1147 2007 ἔπεσε
1177 1975 1336 2016 χαρίτων.
1391 1974 1500 2007 Nimi-

856 2031 932 2054 rum
965 2019 1142 2053 ἐκπίπτειν
1173 2021 1313 2053 omnino
1338 2019 1501 2052 dicuntur

857 2076 908 2107 ea,
932 2075 1019 2108 quae
1038 2065 1241 2098 reficiuntur
1263 2070 1298 2098 et
1319 2064 1502 2108 repudian-

856 2115 921 2144 tur.
943 2130 998 2136 -—
1031 2106 1143 2143 οὗτε
1174 2113 1225 2154 τῇ
1253 2112 1498 2154 κολακικῇ,

857 2168 946 2200 quae
972 2155 1075 2198 σώζει
1099 2155 1138 2189 ἐκ
1162 2159 1231 2190 τῶν
1254 2155 1443 2190 κινδύιων.
1467 2167 1499 2188 v.

856 2213 889 2246 p.
913 2200 992 2237 511.
1016 2203 1056 2235 Β.
1080 2202 1119 2235 C.

903 2270 986 2313 Cap.
1018 2270 1182 2303 LXXIII.

858 2315 930 2348 δεῖ
954 2334 1017 2354 —-‚
1051 2313 1102 2359 μή
1133 2314 1236 2347 ποτέ
1268 2327 1332 2349 τις
1357 2333 1400 2339 -
1433 2314 1498 2357 ἑρ-

1245 2268 1407 2302 nono&
1453 2281 1500 2313 γε

840 2361 1060 2404 σγάσηται]
1105 2361 1251 2394 Notabis
1286 2360 1378 2394 hanc
1413 2364 1502 2393 stru-

857 2411 1007 2439 cturam.
1047 2407 1175 2439 πολλοῦ
1210 2405 1269 2438 δεῖ
1295 2423 1342 2430 ——
1376 2403 1422 2449 μὴ
1455 2425 1499 2430 —-

857 2450 1054 2495 ἐργάσηται,
1078 2451 1261 2484 multum
1284 2451 1433 2491 abest
1454 2455 1501 2483 ut

856 2498 1093 2539 quisquam
1111 2507 1300 2540 unquam
1323 2516 1369 2522 —
1391 2496 1500 2529 talia

857 2553 995 2585 opera
1054 2543 1341 2585 perfecerit,
1401 2543 1500 2574 cuius

857 2587 1014 2629 equidem
1050 2598 1120 2620 non
1155 2589 1192 2620 in
1222 2593 1359 2630 promtu
1388 2587 1501 2619 habeo

858 2633 1002 2666 alterum
1034 2634 1239 2677 exemplum.
1286 2634 1375 2666 Nam
1411 2633 1501 2665 alias

856 2679 997 2721 ponitur
1018 2678 1222 2712 infinitivus.
1246 2697 1291 2703 -—
1325 2676 1370 2712 ὃς
1403 2675 1499 2720 βού-

857 2725 953 2762 λει,-
978 2724 1141 2767 quivis.
1189 2736 1223 2758 v.
1258 2724 1409 2756 Matth.
1440 2724 1500 2756 Gr.

857 2770 890 2809 §-
912 2735 1000 2805 4⁷74.
1014 2774 1131 2805 annot.
1155 2769 1187 2804 2.
