1722 2964
173 99 254 143 154
718 105 1018 143 PLA‘role

171 215 255 273 νὴν
278 215 391 263 εἶναι
414 214 494 274 τὴν
517 214 735 275 φρόνησιν
757 222 945 276 βοηθεῖν
965 221 1026 280 τῷ
1050 216 1296 282 ἀνθρώπως
1320 221 1408 267 Καὶ
1433 224 1570 278 δοκεῖ,

171 288 280 340 ἔφη,
313 280 459 341 ὥσπερ
491 282 548 329 σὺ
571 284 732 341 λεγεις,
764 277 799 330 ὦ
830 283 1085 344 Σώκρατες,
1117 284 1249 332 καὶ”
1220 305 1332 345 αμα,
1364 294 1487 346 εἰπερ
1508 306 1572 334 τω

111 360 145 393 D
172 347 314 411 ἄλλῳ,
364 347 545 408 αἰσχρόν
576 352 667 395 ἐστι
698 351 772 396 καὶ
809 352 903 409 ἐμοὶ
933 357 1096 411 σοφίαν
1133 354 1206 398 καὶ
1244 351 1484 412 ἐπιστήμην
1512 353 1572 412 μὴ

169 413 267 474 οὐχὶ
315 414 493 462 πάντων
533 414 763 474 κράτιστον
809 415 947 475 φάναι
988 418 1101 464 εἶναι
1139 421 1229 465 τῶν
1278 418 1574 478 ἀνθρωπείων

139 497 142 500 ’
169 481 446 541 πραγμάτων.
504 485 660 536 Καλῶς
683 502 756 541 γε,
790 487 902 542 ἔφην
926 483 1032 542 ἐγώ,
1066 484 1121 531 σὺ
1145 487 1286 543 λέγων
1315 487 1389 532 καὶ
1411 485 1571 544 ἀληθῆ.

169 549 303 594 οἶσθα
335 567 439 606 ουν,
469 546 535 594 ὅτι
558 553 605 595 οἱ
626 552 779 596 πολλοὶ
799 553 889 596 τῶν
918 549 1172 609 ἀνθρώπων
1202 554 1302 610 ἐμοί
1319 572 1367 599 τε
1397 554 1470 598 καὶ
1501 554 1573 599 σοὶ

169 613 222 660 οὐ
253 619 507 672 πείθονται,
540 613 648 661 ἀλλὰ
680 616 868 670 πολλούς
898 634 1007 675 φασι
1037 617 1357 676 γιγνώσκοντας
1387 618 1439 664 τά
1470 621 1574 677 βέλ-

168 696 292 727 τιστα
315 680 397 728 οὐκ
422 683 594 728 ἐθέλειν
616 682 836 741 πράττειν,
862 683 958 738 ἐξὸν
981 683 1144 742 αὐτοῖς,
1168 683 1278 730 ἀλλὰ
1302 684 1413 731 ἄλλα
1435 684 1574 743 πράτ-

168 766 271 794 τειν.
344 749 418 793 καὶ
447 746 577 802 ὅσους
618 748 673 807 δὴ
706 749 790 808 ἐγὼ
820 749 1010 808 ἠρόμην,
1049 750 1073 796 ὃ
1102 770 1143 796 τι
1174 753 1276 797 ποτε
1314 750 1454 797 αἴτιόν
1484 754 1575 797 ἐστι

113 824 143 857 Ε
168 813 346 871 τούτου,
377 813 463 860 ὑπὸ
487 814 648 873 ἡδονῆς
671 831 808 873 φασιν
829 815 1102 875 ἡττωμένους
1133 814 1160 875 ἢ
1184 818 1323 876 λύπης
1354 816 1381 876 ἢ
1405 811 1468 865 ὧν
1490 820 1576 864 νῦν

170 880 226 939 δὴ
268 880 352 938 ἐγώ
388 885 560 939 ἔλεγον,
601 881 688 928 ὑπό
726 902 843 936 τινος
881 882 1049 930 τούτων
1088 886 1409 943 κρατουμένους
1438 886 1575 929 ταῦτα

170 958 314 993 ποιεῖν
336 947 437 1001 τούς
461 951 705 1002 ποιοῦντας.
755 949 905 995 Πολλὰ
928 949 1011 1008 γὰρ
1035 950 1177 1008 οἶμαι,
1202 955 1309 1008 ἔφη,
1335 944 1368 996 ὦ
1387 949 1576 1009 Σώκρα-

168 1032 261 1068 τες,
297 1015 370 1058 καὶ
400 1012 510 1058 ἄλλα
533 1013 615 1059 οὐκ
643 1013 790 1073 ὀρθῶς
814 1018 1018 1072 λέγουσιν
1047 1019 1093 1062 οἱ
1112 1015 1353 1074 ἅνθρωποι.
1399 1015 1486 1063 ”Im
1518 1015 1575 1074 δὴ

169 1078 260 1137 μετ’
292 1081 397 1137 ἐμοῦ
422 1082 699 1139 ἐπιχείρησον
722 1085 898 1127 πείθειν
920 1081 1021 1135 τοὺς
1052 1080 1318 1141 ἀνθρώπους
1349 1085 1422 1128 καὶ
1446 1082 1575 1128 διδά-

169 1159 294 1192 σκειν
322 1145 347 1191 ὅ
379 1148 498 1192 ἐστιν
532 1145 679 1200 αὐτοῖς
710 1151 836 1193 τοῦτο
868 1147 915 1194 τὸ
947 1147 1113 1205 πάθος,
1145 1147 1169 1194 ὅ
1199 1164 1338 1206 φασιν
1367 1147 1454 1194 ὑπὸ
1485 1151 1576 1194 τῶν

91 1226 157 1259 353
172 1211 346 1271 ἡδονῶν
376 1211 591 1271 ἡττᾶσθαι
615 1215 687 1259 καὶ
711 1213 763 1260 οὐ
788 1213 994 1273 πράττειν
1019 1213 1091 1260 διὰ
1114 1218 1249 1261 ταῦτα
1279 1213 1331 1261 τά
1354 1217 1574 1272 βέλτιστα,

170 1281 264 1325 ἐπεὶ
295 1277 558 1337 γιγνώσκειν
580 1299 630 1339 γε
661 1279 781 1326 αὐτά.
832 1288 935 1334 ἴσως
959 1280 1042 1340 γὰρ
1074 1279 1152 1338 ἅν,
1183 1280 1403 1339 λεγόντων
1432 1280 1574 1340 ἡμῶν,

168 1345 234 1392 ὅτι
278 1344 372 1392 Οὐκ
411 1344 557 1404 ὀρθῶς
598 1350 766 1405 λέγετε,
814 1341 848 1393 ὦ
888 1346 1141 1407 ἅνθρωποι,
1183 1345 1294 1394 ἀλλὰ
1334 1346 1573 1404 ψεύδεσθε,

169 1411 326 1472 ἔροιντ’
355 1410 412 1458 ἂν
440 1411 571 1470 ἡμᾶς·
610 1407 663 1459 Ὦ
687 1413 959 1472 Πρωταγόρα
983 1434 1030 1461 τε
1061 1416 1134 1460 καὶ
1158 1413 1414 1474 Σώκρατες,
1446 1419 1487 1460 εί
1514 1413 1576 1472 μή

170 1482 262 1525 ἐστι
284 1482 411 1525 τοῦτο
433 1478 480 1524 τὸ
505 1478 689 1538 πάθημα
712 1479 873 1538 ἡδονῆς
896 1479 1125 1539 ἡττᾶσθαι,
1149 1479 1260 1526 ἀλλὰ
1282 1486 1330 1527 τί
1342 1479 1437 1527 ποτ’
1467 1483 1575 1536 ἐστι’,

170 1547 244 1591 καὶ
273 1549 320 1590 τί
344 1544 469 1603 ὑμεῖς
501 1544 606 1592 αὐτό
637 1565 747 1603 φατε
780 1547 913 1602 εἶναι;
947 1555 1126 1593 εἴπατον
1155 1546 1271 1605 ἡμῖν.
1335 1552 1391 1593 Τί
1419 1550 1497 1602 δέ,
1537 1540 1574 1592 ὦ

171 1610 426 1671 Σώκρατες,
466 1616 534 1658 δεῖ
564 1611 675 1671 ἡμᾶς
707 1621 970 1659 σκοπεῖσθαι
1001 1612 1082 1671 τὴν
1110 1616 1201 1659 τῶν
1231 1615 1407 1659 πολλῶν
1437 1611 1574 1666 δόξαν

113 1690 144 1724 Β
170 1677 445 1737 ἀνθρώπων,
469 1684 515 1724 οἳ
534 1677 559 1724 ὅ
580 1698 621 1724 τι
644 1675 701 1724 ἂν
723 1678 906 1738 τύχωσι,
931 1682 1057 1725 τοῦτο
1082 1682 1308 1737 λε’γουσιν;
1337 1679 1492 1737 Οἶμαι,
1516 1672 1575 1736 ἦν

171 1803 435 1851 άνὸράποδον;
470 1810 517 1842 cf.
552 1807 615 1853 ad]
630 1820 665 1853 p.
699 1811 764 1843 342
797 1809 836 1842 C.

172 1855 238 1886 344
251 1853 290 1886 C.
308 1854 374 1887 358
390 1854 435 1888 D.

215 1898 262 1930 D.
286 1891 636 1949 αἰσχρόνέστι..
659 1893 717 1949 μὴ
735 1892 839 1942 οὐχὶ

242 1937 405 1993 φάναι]
441 1942 529 1974 Post
559 1938 716 1993 αἰσχρόν
747 1937 838 1985 ἐστι,

172 1981 333 2029 αίσχιὶνη
352 1981 447 2027 ἐστί,
466 1982 712 2029 αἰσχύνομαι,
732 1997 839 2030 quum

171 2031 209 2063 in
231 2031 276 2063 iis
298 2031 416 2063 lateat
432 2032 597 2082 negatio,
630 2031 743 2064 multo
766 2032 839 2064 fre-

172 2076 343 2116 quentius
358 2070 410 2117 μὴ
427 2084 472 2107 ου
494 2085 603 2116 quam
618 2075 771 2118 simplex
830 2070 840 2083 '

173 2129 254 2151 eum
281 2118 460 2151 infinitivo
485 2120 727 2162 coniungitur.
773 2087 839 2151 ἔι-

172 2164 267 2196 enim
291 2158 450 2215 αἰσχρόν
469 2158 546 2196 ἐστι
570 2163 646 2196 fere
669 2164 764 2196 idem
782 2166 839 2196 est

172 2211 284 2249 atque
299 2218 344 2241 ου
334 2202 571 2241 ’καλόνέστι.
589 2218 623 2243 v.
633 2207 838 2240 Stallbaum

173 2252 220 2284 ad
242 2252 397 2286 Theaet.
425 2263 458 2295 p.
486 2254 547 2285 151
570 2253 603 2285 D
637 2256 675 2285 et
695 2252 838 2295 Kriiger

172 2296 234 2329 Gr.
252 2297 306 2329 67.
326 2298 378 2336 12,
396 2297 427 2330 6.

217 2340 374 2378 Καλῶς
391 2351 495 2383 γε-
504 2350 555 2373 συ
576 2337 730 2384 λέγων]
748 2340 836 2373 Fre·

173 2394 288 2427 quens
314 2385 556 2427 respondendi
584 2386 691 2418 ratio.
737 2394 771 2418 v.
791 2384 836 2417 ad

175 2429 330 2472 Gorg.p
335 2430 423 2463 ,451
448 2430 479 2461 D
505 2433 541 2462 et
563 2428 685 2471 Symp.
714 2430 778 2462 174
794 2428 837 2464 Ε.

172 2439 381 2506 Αᾱᾱοιιᾶιιιιι
404 2483 490 2506 voro
520 2484 538 2505 e
569 2473 837 2524 superioribus·

173 2517 316 2570 σοφίαν
332 2513 408 2595 φῖξς
429 2512 628 2567 κράτιστον
649 2513 747 2551 εἶναι
764 2515 839 2551 τῶν

174 2557 354 2604 ἄνθρωπε
373 2573 424 2595 ων
446 2557 685 2614 πραγμάτων.
735 2560 839 2603 Quod

173 2606 296 2644 καλῶς
314 2625 355 2630 -
372 2604 437 2639 καὶ
453 2601 583 2648 ἀληθῆ
607 2607 839 2639 coniunctum

174 2651 327 2693 legitur,
361 2651 485 2683 eodem
503 2618 620 2683 r'modo
653 2649 837 2684 Phaedon.

174 2705 208 2738 p.
227 2696 322 2729 791).
345 2697 421 2729 Ιοιι.
438 2706 472 2737 p.
491 2695 613 2727 53813.
630 2694 747 2730 Stallb.

220 2739 262 2773 E.
276 2734 361 2773 ὑπὸ
380 2734 551 2783 ἡδονῆς
568 2737 732 2782 φασιν]
749 2739 836 2772 ma·

175 2785 250 2816 tum
265 2784 413 2827 saepius
430 2784 575 2817 obvium
591 2783 692 2816 nolui
707 2783 835 2817 tollere

905 1810 1011 1842 libris
1028 1810 1165 1843 invitis.
1198 1809 1397 1862 Euthyphr.
1415 1820 1452 1852 p.
1467 1807 1575 1842 100.

908 1855 1077 1896 φιλεῖται
1095 1848 1167 1888 ὑπὸ
1186 1846 1239 1887 ὦν
1253 1854 1437 1907 φιλεῖται.
1455 1853 1574 1896 Legg.

906 1899 966 1933 ΧΙ.
984 1910 1017 1940 p.
1036 1899 1166 1931 9201).
1192 1893 1266 1932 ὑπὸ
1283 1893 1434 1931 ἀδίκου.
1482 1897 1577 1931 Ibid.

906 1953 941 1985 p.
967 1945 1032 1975 929
1055 1942 1102 1975 A:
1134 1938 1186 1986 μὴ
1209 1938 1283 1976 mni
1310 1936 1395 1980 ἐνὸς
1417 1935 1573 1983 πατρός.

908 1987 955 2019 al.
989 1987 1050 2019 Sic
1068 1988 1178 2019 otiam
1194 1997 1307 2029 supra
1349 1986 1492 2019 .34913·
1510 1980 1573 2018 ἐπὶ

907 2025 1048 2073 ἒνὶπρά
1073 2042 1175 2074 ματι.
1193 2031 1301 2065 Ῐῑιίἀ.·
1293 1996 1412 2064 -g‘l‘
1393 2024 1574 2063 ἓνὶεῖναι.

906 2078 1023 2118 p.358
1041 2043 1088 2107 ὅ·
1106 2069 1210 2108 ἐπὶ“
1185 2086 1209 2108 α
1226 2071 1362 2108 οἴετὰι.
1379 2074 1499 2107 Staub.

906 2086 991 2155 PR
1016 2121 1092 2153 353.
1141 2114 1239 2152 ἐπεὶ
1272 2113 1572 2163 γιγνώσκειν]

906 2174 953 2207 γε
991 2157 1137 2206 αυτά]
1177 2163 1364 2196 Adduntur
1397 2163 1491 2195 haec
1530 2172 1576 2194 ex

905 2218 1058 2251 persona
1074 2207 1277 2249 hominum,
1301 2208 1364 2249 qui
1379 2207 1423 2239 de
1449 2206 1520 2239 hac
1537 2217 1578 2239 re

905 2251 1067 2285 iudicare
1105 2251 1288 2290 dicuntur,
1335 2260 1489 2292 eamque
1529 2250 1576 2284 ob

906 2306 1054 2329 causam
1077 2290 1159 2329 ἐπεὶ
1184 2307 1263 2328 cum
1284 2295 1464 2328 infinitivo
1489 2303 1574 2327 οοιι-

904 2341 1080 2382 iungitur.
1103 2351 1136 2374 v.
1154 2340 1336 2373 Phaedon.
1355 2351 1390 2383 p.
1409 2339 1519 2372 1091:
1537 2339 1576 2370 et

906 2384 982 2462 Κιείἰ
1011 2395 1048 2417 er
1067 2385 1126 2418 Gr.
1144 2386 1198 2419 55.
1215 2386 1248 2426 4,
1266 2386 1297 2417 9.

1021 2423 1078 2471 μή
1111 2423 1206 2462 ἐστι
1238 2426 1374 2461 τοῦτο
1406 2421 1453 2460 τὸ
1485 2420 1570 2459 πά-

905 2474 1033 2516 θημα
1070 2484 1104 2506 κ.
1138 2485 1170 2506 τ.
1205 2470 1260 2515 λ.]
1300 2473 1337 2505 si
1374 2471 1455 2504 hoo
1484 2480 1570 2502 nou

907 2521 976 2550 est
1014 2517 1151 2559 volup
1160 2517 1247 2550 tati
1286 2515 1573 2554 accumbere,

907 2566 951 2594 at
968 2561 1174 2611 quidnam
1198 2560 1372 2594 tandem
1395 2559 1483 2592 ost?
1513 2558 1572 2590 De

906 2600 1004 2639 αλλά
1027 2610 1108 2648 post
1132 2603 1212 2648 είμ
1218 2604 1375 2648 ηἰΙΙαῑο
1396 2613 1429 2637 v.
1455 2602 1570 2635 Stall-

905 2651 1014 2683 baum
1031 2649 1076 2681 ad
1094 2617 1212 2703 Gorg?
1221 2660 1254 2691 p.
1271 2650 1338 2682 470
1354 2648 1396 2680 D.

956 2691 999 2727 οἳ
1038 2688 1061 2727 ὅ
1099 2705 1140 2727 τι
1182 2705 1236 2727 αν
1273 2687 1457 2735 τύχωσι,
1497 2690 1573 2735 -]

905 2739 978 2779 qui
996 2737 1211 2780 quidquid
1235 2747 1278 2770 ιιι
1293 2737 1481 2770 buccam
1496 2746 1573 2769 ve

904 2783 988 2825 nit,
1028 2782 1069 2814 id
1109 2786 1270 2815 temere
1311 2780 1566 2822 loquuntur.
