1722 2964
224 125 306 169 172
773 131 1076 171 PLA'roms

141 261 205 294 361
220 240 304 301 γὰρ
335 237 426 301 ὅτι,
464 239 623 289 τούτου
652 245 850 302 φανεροῦ
878 245 1141 325 γενομένου,
1179 244 1366 305 μάλιστα
1394 242 1453 293 ἂν
1479 248 1616 296 κατά-

218 311 357 366 δηλον
377 310 547 367 γένοιτο
570 310 727 368 ἐκεῖνο,
750 310 852 369 περὶ
874 303 928 357 οὗ
950 309 1036 370 ἐγώ
1055 330 1103 358 τε
1125 313 1199 358 καὶ
1216 311 1272 358 σὺ
1294 311 1464 373 μακρὸν
1485 313 1617 374 λόγον

217 372 420 435 ἑκάτερος
449 373 761 436 ἄπετείναμεν,
802 376 886 435 ἐγὼ
915 377 998 437 μὲν
1025 380 1189 437 λέγων,
1237 377 1296 433 ὥς
1325 377 1380 426 οὖ
1409 381 1616 428 διδακτὸν

216 439 372 500 ἀρετή,
413 440 471 487 σύ
494 440 556 499 δ’,
598 440 657 496 ὥς
680 441 900 490 διδακτόν.
962 449 1040 490 καί
1058 464 1131 504 μοι
1156 449 1280 492 δοκεῖ
1306 444 1430 505 ἡμῶν
1459 445 1487 505 ἡ
1518 445 1616 506 ἄρτι

215 510 363 562 ἔξοδος
385 510 475 554 τῶν
492 506 638 567 λόγων
660 524 809 570 ωσπερ
831 507 1067 570 ἅνθρωπος
1089 523 1349 572 κατηγορεῖν
1368 531 1416 559 τε
1438 514 1512 559 καὶ
1535 532 1616 559 κα-

212 576 423 632 ταγελᾶν,
459 575 534 621 καὶ
566 579 610 621 εἰ
635 574 794 634 φωνὴν
822 577 974 635 λάβοι,
1015 575 1207 624 εἰπεῖνἰ
1180 597 1261 637 αν,
1291 577 1358 624 ὅτι
1370 577 1551 626 Ατοποί
1568 578 1611 638 γ’

214 641 333 698 ἐστέ,
358 634 393 686 ὦ
416 639 652 702 Σώκρατές
672 660 720 689 τε
741 643 816 688 καὶ
838 643 1123 703 Πρωταγόρα.
1171 643 1228 690 σύ
1249 645 1332 704 μὲν
1354 645 1574 704 λέγων,”
1547 666 1615 692 οτι

213 705 267 752 οὗ
291 706 500 753 διδακτόν
530 710 651 755 ἐστιν
679 707 813 768 ἀρετὴ
844 711 893 755 ἐν
914 720 1004 763 τοῖς
1027 715 1304 770 ἔμπροσθεν,
1337 715 1423 758 νῦν
1444 715 1615 774 σεαυτῷ

153 782 185 817 Β
212 771 423 821 τάναντία
445 773 673 834 σπεύδεις,
704 776 933 836 ἐπιχειρῶν
955 774 1204 836 ἀποδεῖξαι,
1245 777 1305 832 ὦς
1335 778 1479 824 πάντα
1507 778 1614 859 χρή-

212 858 328 899 ματα
352 841 473 888 ἐστὶν
496 839 731 901 ἐπιστήμη,
762 841 882 888 uoel‘
858 862 887 901 η
912 842 1169 903 δικαιοσύνη
1199 843 1319 890 xal‘
1295 864 1324 903 η
1348 845 1615 927 σωφροσύνη

213 908 287 952 καὶ
317 904 346 965 ἡ
377 904 584 967 ἀνδρεία,
626 902 661 969 ᾦ
689 906 838 971 τρόπω
867 908 1039 968 μαλιστ’
1068 930 1124 957 αν
1156 910 1364 957 διδακτὸν
1397 916 1559 971 φανείη
1589 911 1617 971 ἡ

211 971 358 1032 ἀρετή.
424 978 466 1020 εί
485 974 568 1033 μὲν
589 974 674 1034 γὰρ
704 973 811 1022 αλλο
832 995 875 1021 τι
904 969 962 1034 ἦν
984 974 1013 1034 ἢ
1038 975 1252 1037 ἐπιστήμη
1282 974 1310 1037 ἡ
1334 976 1488 1037 ἀρετή,
1529 994 1616 1024 ωσ-

212 1056 296 1097 περ
335 1039 634 1100 Πρωταγόρας
680 1043 894 1100 ἐπεχείρει
933 1043 1100 1101 λέγειν,
1148 1046 1299 1102 σαφῶς
1337 1042 1419 1090 οὐκ
1465 1042 1522 1091 ἄν
1559 1039 1618 1104 ἦν

213 1105 443 1153 διδακτόν
490 1110 576 1153 νῦν
615 1107 666 1153 δὲ
696 1111 738 1154 εἰ
773 1107 1017 1167 φανήσεται
1057 1109 1270 1169 ἐπιστήμη
1299 1108 1425 1168 ὅλον,
1471 1110 1529 1164 ὦς
1560 1111 1617 1159 σύ

211 1170 440 1231 σπεύδεις,
465 1192 499 1219 ω
522 1171 782 1233 Σώκρατες,
818 1174 1072 1234 θαυμασιον
1094 1179 1215 1222 ἔσται
1237 1176 1297 1235 μὴ
1321 1175 1575 1224 διδακτὸν”
1549 1196 1614 1224 ον.

210 1238 509 1299 Πρωταγόρας
540 1238 584 1286 δ’
619 1235 676 1286 αὖ
708 1240 915 1287 διδακτὸν
943 1241 1041 1287 τότε
1069 1240 1367 1302 ὑποθέμενος,
1399 1246 1486 1290 νῦν
1513 1242 1617 1290 ταῦ-

149 1314 180 1349 O
212 1310 394 1352 ναντίον
423 1311 539 1353 ἔοικε
570 1305 830 1366 σπεύδοντι,
870 1306 1024 1366 ὀλίγου
1053 1308 1196 1355 πάντα
1225 1312 1392 1369 μᾶλλον
1421 1313 1616 1370 φανῆναι

210 1370 319 1419 αὐτὸ
354 1369 382 1432 ἢ
415 1371 677 1433 ἐπιστήμην
723 1375 799 1420 καὶ
827 1373 965 1429 οὕτως
1005 1372 1061 1421 ἂν
1099 1374 1256 1435 ἥκιστα
1295 1383 1364 1435 εἴη
1394 1375 1612 1423 διδακτόν.

299 1501 390 1545 Cap.
405 1503 486 1536 XL.
507 1503 549 1536 P
566 1504 642 1538 361.
665 1515 738 1538 οτι
761 1498 813 1537 οὗ
837 1498 1065 1539 διδακτόν
1089 1500 1217 1539 ἐστιν
1240 1499 1348 1549 οἲρετ
1371 1501 1402 1550 ’]
1432 1506 1494 1539 Sic
1509 1507 1614 1542 Bodl.

205 1546 318 1582 vind.
339 1548 425 1581 Vat.
451 1547 495 1582 Θ.
519 1558 548 1583 r.
572 1559 637 1591 pro
657 1548 759 1591 vulg.
781 1544 926 1582 ἐστιν
904 1561 928 1592 η
952 1544 1078 1593 ἀρετή.
1110 1560 1145 1583 v.
1171 1549 1215 1582 ad
1237 1561 1270 1592 p.
1287 1552 1355 1584 320
1408 1576 1417 1592 ,
1440 1551 1504 1584 ubi
1527 1555 1612 1585 ante

205 1584 323 1633 ἆρετή
347 1590 391 1625 de
415 1602 548 1635 genere
569 1593 719 1626 virtutis
743 1592 878 1626 dietum
901 1603 1162 1636 saepenumero
1193 1594 1388 1627 articulum
1410 1595 1527 1628 omitti
1550 1595 1613 1628 do·

206 1636 360 1668 enimus.

296 1674 344 1714 ἐν
366 1682 463 1718 τοῖς
487 1676 773 1724 ἔμπροσθεν]
797 1680 948 1714 Bekker
971 1691 991 1714 e
1014 1681 1098 1714 Par.
1116 1681 1144 1714 C
1166 1681 1266 1715 dedit
1287 1677 1328 1716 ἐν
1350 1693 1383 1715 τ.
1406 1678 1610 1725 ἔμπροσθε.

203 1722 314 1756 Hanc
340 1724 491 1757 formam
510 1728 596 1757 ante
614 1736 812 1758 consonam
828 1726 1008 1768 praebent
1029 1725 1114 1758 libri
1131 1727 1300 1759 meliores
1322 1726 1366 1760 de
1383 1727 1472 1769 Leg.
1496 1738 1530 1770 p.
1545 1728 1613 1761 925

203 1768 254 1809 Δ,
276 1768 341 1801 sed
363 1769 472 1801 iidem
498 1781 519 1803 ν
544 1769 682 1802 addunt
703 1769 787 1803 aliis
810 1770 920 1812 locis,
942 1774 983 1802 ut
1004 1770 1091 1803 ibid.
1114 1780 1149 1813 Ρ.
1167 1772 1293 1805 9201).
1315 1781 1351 1804 v.
1374 1771 1537 1805 Lobeek.
1562 1771 1611 1805 ad

201 1811 385 1855 Phrynieh
427 1814 528 1846 ..284

294 1857 337 1890 Β.
371 1868 387 1891 ε
428 1853 691 1910 φανήσεται
709 1852 936 1902 ἐπιστήμη
953 1850 1084 1902 ὅλον]
1102 1858 1172 1892 Ριο
1188 1859 1287 1912 vulg.
1306 1852 1352 1893 ὄν
1367 1859 1468 1893 codd.
1486 1869 1611 1892 omnes

201 1909 285 1977 {mn
309 1901 363 1935 ed.
386 1902 474 1935 Bas.
498 1904 530 1935 2.
555 1896 658 1937 ολον.
691 1913 725 1938 v.
748 1904 895 1936 Menon.
923 1914 959 1946 Ρ.
977 1904 1019 1936 81
1042 1903 1096 1945 D,
1134 1904 1198 1937 ubi
1229 1898 1320 1938 ὅλον
1350 1904 1475 1938 eodem
1505 1903 1610 1939 modo

226 1945 347 1979 icitur.

292 1990 333 2023 C.
341 1982 391 2035 ἢ
413 1985 690 2035 ἐπιστήμην]
713 1992 814 2025 Vett.
838 1991 940 2025 editt.
963 1983 989 2035 ἢ
1010 1986 1206 2036 ἐπιστήμη.

203 2093 319 2134 ἐστίν.
358 2099 478 2143 Symp.
502 2111 539 2151 Ρ.
555 2102 618 2133 211
637 2100 685 2134 C:
707 2099 774 2135 καὶ
796 2100 872 2147 γνῷ
939 2112 1062 2135 omnes
1083 2112 1141 2135 res
1170 2112 1199 2136 s.
1230 2103 1351 2136 omnia.
1379 2113 1459 2136 esne
1488 2103 1607 2135 scien·

203 2138 300 2177 αὐτὸ
318 2139 539 2178 τελευτῶν“
517 2156 536 2178 ο
556 2140 634 2178 ἐστι
650 2141 767 2178 καλόν
784 2146 818 2179 h.
838 2157 870 2179 e.
938 2147 1046 2188 tiam,
1076 2149 1113 2180 et
1135 2147 1314 2179 iustitium
1342 2150 1379 2180 et
1401 2150 1607 2200 temperan-

202 2191 314 2230 atque
352 2189 399 2222 ad
437 2192 632 2222 extremum
674 2194 872 2242 cognoscat
938 2191 1026 2223 tiam
1049 2194 1086 2223 et
1108 2191 1369 2226 fortitudinem.
1421 2202 1606 2234 χρηματα,

201 2232 320 2275 ipsam
337 2233 618 2284 pulchritudinis
635 2230 757 2267 ἰδέαν.
938 2238 979 2267 ut
1000 2245 1130 2277 saepe,
1164 2234 1210 2267 ad
1233 2236 1431 2268 orationem
1454 2235 1607 2278 amplifi-

245 2276 286 2309 P.
319 2278 397 2310 361.
450 2273 631 2321 μακρὸν
658 2273 796 2322 λόγον
826 2296 869 2302 -
940 2278 1092 2312 caudam
1110 2278 1305 2317 adiectum.
1320 2290 1355 2313 v.
1374 2279 1470 2323 adp.
1484 2279 1605 2313 3120.

200 2314 538 2366 ἄπετείναμεν]
573 2323 616 2356 V.
654 2333 691 2365 p.
726 2324 792 2356 335
830 2322 869 2355 C.
983 2318 1252 2366 θαυμάσιον
1298 2321 1426 2357 ἔσται
1469 2318 1539 2377 μὴ
1566 2322 1604 2357 δ.

197 2375 235 2408 p.
252 2366 375 2399 3360.
938 2360 1011 2410 ὄν]
1030 2367 1100 2418 Sop
1103 2368 1195 2401 hoel.
1215 2368 1304 2400 Oed.
1319 2368 1360 2400 R.
1379 2368 1463 2401 289:
1485 2364 1604 2401 πάλαι

244 2403 294 2443 ἐν
337 2411 435 2449 τοῖς
481 2407 777 2454 ἔμπροσθεν]
825 2411 868 2445 V.
938 2408 981 2444 δὲ
998 2406 1048 2454 μή
1068 2407 1198 2464 παρών
1214 2407 1464 2455 θαυμάζεται.

197 2454 374 2504 Ρ.32οΒ.
983 2455 1074 2489 νῦν
1104 2451 1427 2490 τούναντίον
1454 2452 1603 2490 ἔοικε

242 2496 338 2532 νῦν
368 2499 571 2544 σεαυτῷ
607 2495 870 2534 τάναντία
938 2495 1218 2552 σπεύδοντι]
1268 2510 1384 2533 nunc
1422 2503 1601 2533 eontra·

197 2536 446 2593 σπευδεις]
494 2533 628 2577 Criton.
667 2555 702 2587 p.
739 2545 784 2577 45
821 2543 869 2576 Ο·
938 2545 1048 2576 rium
1092 2544 1274 2577 videtur
1319 2543 1600 2595 contendere

197 2584 263 2619 καὶ
280 2585 440 2620 τοιαῦτα
464 2583 642 2639 σπεύδεις
658 2586 743 2640 περὶ
759 2598 871 2621 σεαυ-
937 2589 994 2620 De
1011 2588 1164 2641 Repub13
1182 2589 1247 2621 111.
1265 2600 1300 2632 Ρ.
1316 2590 1383 2622 414
1397 2588 1445 2620 C.
1461 2583 1509 2625 ὥς
1527 2584 1602 2621 ἔοι·

196 2625 263 2663 τόν
294 2629 496 2675 γενέσθαι,
527 2626 624 2683 ἅπερ
655 2644 705 2667 αν
734 2630 800 2666 καὶ
831 2627 873 2665 οἱ
935 2643 1018 2675 nac,
1036 2629 1125 2676 ἔφη,
1141 2627 1318 2667 ὀκνοῦντι
1330 2630 1462 2686 λέγειν.
1481 2632 1600 2664 Phae·
1644 2638 1649 2644 ’

196 2668 215 2707 ἐ
239 2675 335 2718 θροί
369 2685 437 2709 σου
475 2672 678 2710 σπεύσαιέν
716 2687 757 2710 τε
801 2675 867 2710 καὶ
936 2676 1016 2709 don.
1039 2678 1138 2719 Ρ.87
1160 2678 1209 2710 E:
1238 2675 1360 2711 ἔοικεν
1387 2672 1597 2729 ἁπτομένου.

216 2727 394 2755 σπευσαν.
445 2720 553 2764 Gorg.
576 2731 609 2764 p.
633 2723 700 2755 465
722 2720 767 2754 C.
799 2718 867 2754 nal
934 2721 1040 2771 Apol.
1039 2688 1170 2755 pSocr.
1202 2732 1236 2765 p
1258 2721 1365 2754 2‘1A.
1397 2717 1496 2753 ἔοικε

194 2758 240 2797 τὸ
257 2759 326 2799 σὸν
342 2760 534 2799 σπεύδειν.
553 2766 674 2799 stallo.
935 2759 1057 2808 ὥσπερ
1080 2765 1157 2799 αἴνι
1186 2777 1236 2799 ua
1260 2762 1492 2816 ξυντιθέντι.
1519 2731 1599 2797 ffie-

238 2808 279 2842 B.
310 2803 365 2848 ὥς
385 2804 536 2843 πάντα
566 2805 775 2853 χρήματα
796 2806 864 2852 —]
934 2820 1018 2844 non.
1041 2820 1074 2852 p
1093 2778 1203 2844 8013:
1227 2810 1298 2844 νῦν
1317 2807 1447 2851 μέντοι
1468 2818 1599 2852 ομοιος
