1676 2938
403 175 648 215 GORGIAS.
677 176 721 214 P.
754 177 847 213 512.
879 177 973 213 513.
1003 174 1063 213 ed.
1095 174 1153 213 St.
1378 174 1457 211 297

109 281 143 328 ὦ
171 285 384 340 δαιμόνιε,
425 285 659 339 πεισόμεθα
697 279 802 337 ὅπερ
832 283 938 337 φασὶ
965 281 1041 332 τὰς
1067 282 1147 338 τὴν
1174 282 1358 337 σελήνην
1385 297 1458 324 κα-

108 351 371 404 θαιρούσας,
409 349 485 399 τὰς
515 349 791 401 Θετταλίδας,
832 344 916 390 σὺν
951 351 1040 397 τοῖς
1079 348 1295 401 φιλτάτοις
1334 347 1362 401 ἦ
1399 347 1460 388 αἵ·

107 428 219 470 ρεσις
261 417 366 471 ἡμῖν
403 412 517 457 ἔσται
555 416 712 469 ταύτης
750 421 826 469 τῆς
853 414 1076 468 δυνάμεως
1115 420 1190 468 τῆς
1226 411 1274 455 ἐν
1310 419 1362 466 τῇ
1385 413 1459 454 πό-

107 484 179 524 λει.
236 483 271 524 εἰ
317 480 363 524 δέ
409 490 478 522 σοι
525 480 603 522 οἴει
639 480 845 522 ὁντινοῦν
894 479 1146 530 ἀνθρώπων
1190 479 1461 530 παραδώσειν

107 545 259 601 τέχνην
284 546 380 589 τινὰ
408 546 624 600 τοιαύτην,
651 545 743 601 ἥτις
769 555 813 586 σε
841 546 1008 599 ποιήσει
1034 541 1142 598 μέγα
1169 544 1385 586 δύνασθαι
1413 543 1460 585 ἐν

107 619 159 666 τῇ
196 612 316 653 πόλει
350 611 449 665 τῇδε
489 611 698 665 ἀνόμοιον
735 613 839 653 ὄντα
876 617 928 664 τῇ
967 610 1157 664 πολιτείᾳ
1195 605 1264 650 εἴτ’
1305 607 1372 650 ἐπὶ
1413 607 1460 650 τὸ

107 676 275 731 βέλτιον
314 671 381 718 εἴτ’
421 675 487 718 ἐπὶ
525 677 574 718 τὸ
610 679 778 730 χεῖρον,
816 674 874 725 ὡς
904 674 997 730 ἐμοὶ
1024 675 1165 725 δοκεῖ,
1208 670 1289 716 οὐκ
1316 674 1462 728 ὀρθῶς

176 822 212 854 Ρ.
237 819 314 855 513.
340 824 394 865 τῷ
419 818 536 865 δήμῳ
561 823 613 865 τῷ
636 818 909 864 Ἀθηναίων]
935 820 992 853 Sic
1014 820 1092 854 Par.
1118 820 1404 854 BOFW.F10r.
1430 831 1460 852 a.

110 869 155 910 τῷ
178 855 398 910 Ἀθηναίων,
424 866 516 908 quod
539 867 668 909 recepit
691 866 841 900 Bekker.
877 866 1053 910 Vulg.193
1078 865 1108 898 ὃ.
1133 869 1212 905 τῶν,
1244 865 1336 899 unde
1359 865 1462 899 facile

109 912 294 955 exsculpas
318 924 362 955 τῳ
388 915 456 944 τῶν
478 909 693 954 Ἀθηναιων.

177 956 428 996 πεισόμεθα
453 955 560 999 ὅπερ
588 956 709 1000 φασὶ]
734 955 1149 996 V.7tecoa1'ue19·a‚forma
1173 956 1323 989 soloeca.
1357 957 1462 989 Recte

110 1002 227 1036 Clark.
251 1003 327 1035 Vnt.
361 1002 466 1035 Coisl.
498 1003 576 1038 Par.
607 1003 766 1035 EIVW.
791 1002 890 1035 Bodl.
922 1006 956 1035 et
985 1013 1036 1045 pr.
1060 1001 1164 1034 vind.
1188 1001 1221 1035 2.
1254 999 1461 1041 πεισόμεθα.

107 1049 153 1080 Et
175 1048 331 1091 sequitur
354 1048 457 1081 etiam
479 1048 517 1080 in
541 1048 713 1081 sententia
734 1047 980 1080 illustrationis
1005 1058 1127 1080 caussa.
1150 1047 1286 1080 adiecta
1307 1047 1461 1079 futurum

109 1094 211 1126 ἔσται.
269 1093 361 1126 Dein
395 1091 597 1128 &erramus
637 1093 754 1126 Clark.
792 1094 871 1125 Vat.
907 1093 994 1125 Ven.
1028 1093 1069 1126 Σ.
1101 1092 1204 1125 vind.
1237 1091 1268 1126 2.
1301 1091 1333 1126 7.
1370 1093 1460 1136 Aug.

107 1140 247 1172 Meerm.
271 1139 363 1174 Flor.
387 1149 421 1170 x.
445 1149 523 1171 cum
547 1138 599 1171 ed.
623 1140 702 1172 Bas.
725 1137 757 1171 2.
803 1137 1001 1181 Legebatur
1023 1138 1129 1182 vulgo
1159 1135 1370 1172 Θετταλικάς.

176 1184 218 1216 εἰ
249 1183 294 1216 δέ
326 1194 391 1216 σοι
422 1183 526 1228 οἱέι]
572 1185 615 1220 V.
648 1182 692 1217 σὺ
715 1184 793 1216 οἴει.
841 1184 1039 1217 Correctum
1063 1194 1082 1216 e
1106 1183 1224 1217 Clark.
1247 1184 1326 1217 Vat.
1352 1182 1458 1216 Coisl.

108 1230 186 1263 Par.
209 1230 238 1262 B
248 1229 274 1262 C
283 1229 311 1262 F
320 1230 375 1263 W.

108 1377 179 1398 non
215 1366 336 1409 potuit.
374 1384 416 1390 —
457 1367 511 1409 τῷ
547 1362 665 1409 δήμῳ
698 1368 752 1409 τῷ

109 1409 332 1454 Ἀθηναίω
346 1423 373 1443 ν.
431 1410 548 1444 Habet
576 1410 663 1443 haec
694 1420 752 1454 ap-

108 1457 234 1499 positio
258 1457 375 1489 nescio
399 1457 483 1498 quid
506 1456 687 1496 irrisionis,
713 1459 752 1489 ut

108 1502 190 1535 huic
238 1502 312 1535 loco
352 1502 454 1544 plane
493 1502 752 1534 accommodata

109 1547 163 1579 sit.
197 1547 265 1579 vid.
297 1546 340 1579 ad
371 1547 518 1590 Apolog.
551 1547 681 1580 Socrat.
717 1558 748 1589 p.

107 1590 161 1625 34
188 1592 230 1626 A.
255 1592 385 1624 Criton.
409 1603 441 1635 p.
465 1592 520 1626 51.
544 1593 587 1625 A.
630 1593 750 1634 Itaque

46 1639 48 1641 ’
108 1637 284 1693 vulgatam
321 1637 505 1670 lectionem
543 1641 590 1681 τῷ
620 1637 649 1670 δ.
683 1641 751 1670 τῶν

109 1680 231 1724 Ἀθην.
256 1687 387 1715 mutare
409 1683 552 1738 placuit.

156 1726 270 1763 ὅπως
294 1727 364 1784 μή,
377 1726 517 1760 -σὺν
542 1732 634 1763 τοῖς
661 1729 749 1769 φιλ.-

112 1771 252 1807 τάτοις
320 1786 340 1816 η
400 1775 576 1815 αἵρεσις
645 1771 751 1816 ἡμῖν

110 1818 229 1850 ἔσται
252 1817 315 1861 -]
348 1819 463 1851 Verba
489 1818 556 1851 σὺν
580 1823 650 1852 τοῖς
675 1821 748 1859 φιλ-

112 1861 220 1897 τάτοις
252 1881 295 1886 -
327 1866 385 1906 τῆς
417 1862 457 1895 ἐν
494 1867 533 1906 τῇ
565 1862 660 1896 πόλει
691 1874 751 1906 per

109 1909 315 1951 epexegesin
349 1908 466 1941 addita
497 1912 577 1941 sunt
601 1910 752 1951 superio-

109 1953 204 1986 ribus
229 1953 324 1987 ὃπως
348 1951 393 1997 μὴ
419 1952 634 1994 πεισόμεθα.·
660 1954 753 1996 quod

109 2009 219 2042 genus
242 1999 506 2032 constructionis
530 1999 627 2042 tetigi
652 1999 695 2032 ad
718 2011 751 2042 p.

109 2043 187 2077 450.
219 2045 259 2078 A.
296 2044 442 2087 Apolog.
474 2045 604 2077 Socrat.
633 2055 668 2087 p.
696 2043 751 2078 22.

111 2090 153 2121 A.
177 2093 211 2121 et
233 2100 314 2122 mox
337 2100 367 2132 p.
393 2088 470 2124 513.
495 2089 533 2124 G.
558 2090 593 2121 in
618 2091 749 2122 verbis:

112 2133 275 2166 πέπονθα
307 2153 351 2158 -
386 2133 519 2169 πάθος·
564 2132 607 2167 οὐ
658 2133 750 2167 πάνυ

113 2190 167 2211 σοι
212 2180 394 2219 πείθομαι,
451 2191 570 2213 rursus
622 2181 751 2213 notavi.

111 2224 204 2256 Male
234 2225 321 2257 haec
352 2229 556 2258 convertunt
587 2226 752 2268 interpre-

110 2274 179 2310 tes,
213 2270 314 2311 quasi
347 2268 427 2313 ἡμῖν
459 2271 545 2303 ἔστω
577 2281 637 2314 pro
671 2269 752 2314 ἡμῖν

110 2315 203 2347 ἔσται
242 2315 416 2358 legissent.
447 2335 492 2340 —
522 2315 596 2358 τὴν
632 2315 751 2360 σελή-

114 2372 196 2402 νην
220 2361 482 2401 καθαιρεῖν,
517 2360 663 2393 lunam
688 2362 752 2394 de-

110 2405 281 2445 ducere,
304 2406 501 2447 frequenter
519 2406 680 2439 dicuntur
696 2418 752 2440 ve-

109 2450 238 2483 neficae
256 2450 456 2483 Thessalae.
479 2462 513 2483 v.
538 2451 682 2494 interpp.
708 2453 752 2485 ad

109 2495 258 2528 Horat.
282 2496 390 2538 Epod.
408 2507 440 2528 v.
452 2495 507 2529 45.
533 2495 698 2529 Tibull.
723 2498 750 2539 Ι,

107 2539 147 2579 2,
178 2539 234 2573 43.
271 2541 394 2575 Voss
433 2540 476 2573 ad
506 2541 602 2584 Virg.
632 2542 751 2586 Eclog.

110 2565 204 2617 VIII.
235 2595 268 2617 V.
298 2585 343 2619 69
367 2597 462 2628 seqq.
507 2586 605 2619 Abiit
636 2591 750 2620 autem

109 2640 163 2662 res
199 2630 235 2662 in
273 2631 505 2673 proverbium.
571 2631 748 2666 Suidas.

110 2673 186 2707 Ἐπὶ
214 2679 328 2708 cavus»
353 2675 414 2720 τὴν
451 2674 602 2719 σελήνην
625 2678 748 2711 καθέλ-

111 2731 199 2754 κεις·
224 2719 262 2752 αἱ
277 2733 341 2765 την
354 2719 502 2765 σελήνην
520 2721 750 2756 καθέλκουσαι

826 1363 1026 1399 Θετταλίδες
1050 1363 1204 1407 λέγονται
1229 1367 1299 1397 τῶν
1322 1361 1462 1405 ὀφθαλ-

819 1413 896 1449 μῶν
943 1410 998 1443 καὶ
1047 1412 1117 1442 τῶν
1163 1410 1285 1442 ποδῶν
1318 1410 1463 1452 (Zeno-

821 1455 920 1488 bius
943 1455 1010 1498 leg.
1015 1454 1183 1510 παιδων)
1203 1456 1463 1497 στερίσκεσθαι.

820 1501 953 1543 εἴρηται
984 1494 1052 1533 οὖν
1075 1498 1096 1544 ἡ
1121 1503 1288 1542 παροιμία
1312 1500 1369 1533 ἐπὶ
1395 1503 1463 1533 τῶν

821 1545 956 1580 εαυτοῖς
995 1545 1079 1578 κακὰ
1117 1545 1383 1585 ἐπισπωμένων.
1418 1565 1461 1570 -

808 1591 876 1623 “Ad
908 1591 999 1624 hanc
1029 1591 1214 1624 dictionem
1251 1591 1375 1624 deinde
1412 1603 1463 1624 re—

821 1636 972 1679 spiciens
1010 1636 1094 1669 dicit
1133 1634 1154 1679 ἡ
1192 1637 1368 1678 αἵρεσις
1406 1635 1460 1680 ἡμ.

821 1682 931 1720 ἔσται,
961 1681 1086 1714 ludens
1116 1682 1154 1714 in
1177 1683 1272 1715 vocis
1294 1683 1464 1725 ambigui-

820 1731 902 1759 tate.
925 1728 1046 1770 Itaque
1070 1728 1242 1760 sententia
1264 1729 1370 1761 totius
1393 1728 1461 1760 loci

820 1773 906 1805 haec
937 1777 1006 1805 est:
1044 1773 1125 1806 hoc
1165 1772 1265 1805 vide
1296 1784 1347 1805 an
1378 1774 1463 1805 tibi

821 1818 1032 1860 expediat
1075 1822 1207 1860 atque
1243 1819 1366 1859 mihi,
1413 1829 1463 1850 ne

821 1863 952 1896 nobis
982 1863 1164 1896 accidat
1204 1863 1317 1905 quod
1350 1863 1463 1896 acei-

821 1908 927 1941 dere
951 1908 1103 1941 dicunt
1129 1909 1250 1951 sagis
1274 1908 1463 1942 Thessa—

821 1953 881 1986 lis
920 1954 1071 1986 lunam
1120 1952 1472 1995 deducentibus}

821 1999 1041 2032 videlicet
1078 2009 1129 2031 ne
1177 2010 1272 2032 cum
1311 1999 1462 2032 damno

822 2055 985 2086 eorum,
1024 2054 1135 2086 quae
1168 2044 1300 2077 nobis
1331 2046 1463 2078 caris-

822 2091 930 2122 sima
954 2100 1052 2123 esse
1076 2089 1256 2131 debent,
1279 2091 1312 2122 h.
1331 2102 1360 2123 e.
1385 2101 1462 2123 cum

821 2135 947 2168 damno
970 2136 1109 2167 virtutis
1132 2138 1166 2168 et
1188 2135 1390 2178 honestatis,
1414 2136 1462 2168 ad

820 2191 899 2213 nos
937 2180 1206 2213 deducamus
1248 2182 1380 2214 istam
1416 2182 1462 2214 in

822 2226 1011 2259 civitate
1035 2226 1294 2268 potentiam.
1320 2229 1463 2260 Prover-

820 2271 911 2304 biale
934 2271 1100 2315 loquendi
1122 2282 1233 2314 genus
1264 2283 1340 2305 esse
1371 2272 1464 2305 vide-

820 2321 876 2349 tur
915 2316 982 2348 σὺν
1024 2321 1094 2350 τοῖς
1134 2315 1321 2357 φιλτάτοις,
1369 2328 1463 2351 cum

820 2363 1000 2395 iactura
1031 2362 1375 2395 carissimorum
1405 2363 1463 2419 pi-

820 2418 1012 2451 gnorum.
1058 2407 1363 2441 Heindorfius
1404 2408 1461 2441 ε’πὶ

821 2457 893 2487 τοῖς
918 2463 955 2493 φ.
990 2452 1156 2495 scriptum
1186 2453 1346 2486 malebat.
1395 2454 1461 2486 Sed

819 2498 910 2538 vide,
935 2509 980 2530 an
1005 2497 1185 2540 vulgatum
1207 2502 1345 2531 tueatur
1374 2499 1462 2532 illud

819 2543 999 2576 Homeri
1022 2542 1122 2574 Iliad.
1149 2540 1189 2575 δ’.
1213 2554 1301 2576 vers.
1327 2543 1462 2578 161:-

822 2586 889 2621 σύν
921 2600 955 2620 τε
986 2586 1121 2631 μεγάλῳ
1156 2585 1342 2628 ἀπέτισαν,
1385 2587 1463 2622 Σὺν

822 2638 951 2676 σφῇσιν
965 2634 1168 2676 κεφαλῇσιν,
1193 2635 1337 2677 γυναιξί
1357 2647 1392 2667 τε
1406 2635 1462 2667 καὶ

817 2678 1000 2711 τεκέεσσιν.

864 2725 902 2757 Β.
950 2721 1025 2756 εἴτ’
1075 2723 1147 2756 ἐπὶ
1199 2721 1244 2756 τὸ
1284 2722 1463 2766 βέλτιον
