1696 2976
178 138 232 179 94
720 140 1015 176 PLATONIS

125 267 152 299 C
177 271 237 314 τῳ
260 251 533 312 ἀνθρώπων,
567 254 638 298 καὶ
670 254 739 298 σοὶ
762 257 981 311 πείθομαι.
1015 250 1038 298 3
1063 251 1103 298 δ’
1134 250 1361 311 ἐθαύμασᾶ
1384 267 1464 299 σου
1487 253 1558 298 λε’-

176 339 342 377 γοντος,
375 318 500 365 τοῦτό
525 338 596 377 μοι
630 321 676 364 ἐν
699 322 751 378 τῇ
775 322 891 379 ψυχῇ
915 318 1245 378 ἀποπλήρωσον.
1295 324 1437 376 ἔλεγες
1459 318 1558 378 γὰρ,

177 385 241 432 ὅτι
271 385 293 432 ὁ
327 386 436 439 Ζεὺς
466 385 545 443 τὴν
577 384 858 444 δικαιοσύνην
887 388 960 432 καὶ
990 386 1069 444 τὴν
1109 389 1218 431 αἰδῶ
1250 388 1430 444 πέμψειε
1471 396 1559 438 τοῖς

176 452 448 511 ἀνθρώποις,
488 454 560 498 καὶ
594 445 651 498 αὖ
674 454 890 511 πολλαχοῦ
914 455 963 499 ἐν
993 464 1082 506 τοῖς
1113 451 1254 510 λόγοις
1286 454 1454 510 ἐλέγετο
1475 450 1561 497 ὑπὸ

177 523 256 566 σοῦ
291 518 317 577 ἡ
343 518 595 577 δικαιοσύνη
628 521 700 565 καὶ
730 519 992 578 σωφροσύνη
1024 522 1096 565 καὶ
1120 517 1288 577 ὁσιότης
1319 521 1391 565 καὶ
1421 517 1561 564 πάντα

176 590 310 632 ταῦτα
341 585 397 639 ὦς
430 589 479 632 ἕν
507 606 548 632 τι
581 594 647 646 εἴη
680 585 952 645 συλλήβδην,
983 585 1126 646 ἀρετή.
1186 584 1307 632 ταῦτ’
1343 578 1423 632 οὖν
1453 584 1562 631 αὐτὰ

178 655 330 699 δίελθέ
360 672 432 711 μοι
456 652 644 711 ἀκριβῶς
675 656 734 715 τῷ
758 652 894 715 λόγῳ,
926 652 1109 712 πότερον
1140 657 1188 699 ἓν
1210 655 1292 711 μέν
1314 657 1359 698 τί
1386 655 1503 698 ἐστιν
1533 650 1560 710 ἡ

176 719 321 778 ἀρετή,
346 719 474 779 μόρια
500 720 549 765 δὲ
574 719 705 802 αὖτης
730 719 894 766 ἐστιν’
869 739 898 801 η
924 719 1179 778 δικαιοσύνη
1203 721 1275 765 καὶ
1299 717 1563 779 σωφροσύνη

178 789 248 833 καὶ
279 785 472 845 ὁσιότης,
506 806 542 867 η,
562 786 681 833 ταῦτ’
716 785 879 832 ἐστὶν
862 786 889 831 οὶ
923 790 1007 833 νῦν
1039 787 1093 845 δὴ
1126 786 1209 845 ἐγὼ
1242 792 1393 844 ἔλεγον
1423 784 1564 831 πάντα

122 860 152 891 D
177 853 366 912 ὀνόματα
389 856 465 901 τοῦ
489 851 623 900 αὐτοῦ
647 853 743 907 ἑνὸς
766 852 899 908 όντος.
932 852 1045 900 τοῦτ’
1076 851 1231 900 ἐστὶν
1217 873 1240 899 ο
1266 858 1327 899 ἔτι
1352 855 1561 899 ἐπιποθῶ.

278 920 381 980 Cap.
416 920 567 966 XVIII
610 919 730 967 Ἀλλὰ
762 919 915 981 ῥᾴδιον
943 919 1069 967 τοῦτό
1100 919 1142 978 γ’
1151 956 1163 977 ,
1188 926 1294 979 ἔφη,
1321 939 1354 965 ω
1381 918 1566 979 Σώκρα-

177 1006 259 1043 τες,
284 987 622 1047 ἀποκρινασθαι,
645 1007 709 1032 οτι
728 986 823 1041 ἑνὸς
846 986 983 1045 ὄντος,
1007 990 1082 1045 τῆς
1101 986 1269 1068 ἀρετῆς,
1292 986 1421 1067 μόριά
1447 989 1565 1032 ἐστιν

177 1052 203 1099 ἃ
229 1058 402 1115 ἐρωτᾷς.
439 1054 648 1114 Πότερον,
681 1058 806 1112 ἔφην,
833 1068 977 1114 ωσπερ
1002 1053 1236 1114 προσωπου
1259 1053 1310 1099 τὰ
1333 1052 1463 1113 μόρια
1485 1052 1564 1112 μό-

177 1121 248 1181 ριά
274 1125 378 1179 ἐστι,
403 1121 539 1181 στόμα
561 1141 607 1167 τε
632 1123 703 1166 καὶ
720 1123 786 1178 ῥὶς
810 1123 881 1166 καὶ
905 1119 1128 1179 ὀφθαλμοὶ
1151 1114 1271 1166 καὶ
1241 1140 1342 1177 ωτα,
1366 1117 1394 1178 ἢ
1419 1119 1563 1178 ωσπερ

176 1187 228 1234 τὰ
251 1192 327 1235 τοῦ
351 1192 515 1248 χρυσοῦ
539 1188 668 1248 μόρια
692 1186 824 1233 οὐδὲν
849 1189 1049 1248 διαφέρει
1073 1187 1124 1234 τὰ
1144 1190 1267 1247 ἕτερα
1291 1206 1381 1233 των
1407 1188 1567 1246 ἑτέρων

265 1314 288 1353 οἳ
273 1321 384 1372 νθρ
395 1315 533 1361 ώπων,
558 1317 649 1363 καὶ]
683 1319 770 1351 Post
792 1313 1005 1361 ἄνθρωπων
1027 1319 1111 1352 libri
1129 1329 1251 1352 omnes
1267 1318 1403 1351 addunt
1417 1317 1566 1351 πειθοί

176 1377 251 1408 μην
267 1377 326 1407 αν,
345 1375 436 1407 quae
454 1365 566 1398 verba
582 1364 774 1396 recentior.
801 1363 885 1397 edit.
904 1363 1108 1396 Heindorfio
1125 1366 1272 1396 auctore
1297 1373 1377 1395 cum
1397 1363 1567 1413 proximis

177 1410 399 1451 coniungunt
415 1412 451 1442 et
467 1410 645 1442 exstincto
662 1407 847 1450 πείθομαι
864 1408 1028 1440 scribunt
1049 1402 1279 1450 ἄνθρωπων,
1297 1407 1504 1450 πειθοίμην
1519 1418 1568 1439 αν

177 1452 241 1487 καὶ
258 1454 328 1496 σοί,
348 1453 411 1486 sed
427 1464 460 1487 v.
479 1454 578 1486 Stud.
598 1452 721 1495 philol.
738 1463 772 1494 p.
790 1454 855 1485 853
872 1462 925 1494 sq.

266 1515 312 1553 ἐν
329 1518 378 1563 τῇ
396 1519 515 1562 ψυχῇ
534 1513 878 1562 ἀποπλήρωσον]
905 1519 1026 1552 Verba
1049 1518 1093 1562 τῇ
1119 1518 1223 1562 ψυχῇ
1247 1519 1283 1551 in
1307 1518 1411 1553 Bodl.
1436 1518 1567 1551 omissa

178 1567 272 1606 sunt,
290 1565 409 1607 spatio
425 1574 542 1596 vacuo
560 1563 699 1597 relicto.

264 1590 331 1642 ἔτι
351 1603 575 1651 ἐπιποθῶ]
610 1609 691 1640 Vat.
711 1618 737 1641 r.
754 1607 877 1640 ποθῶ.
896 1618 930 1640 v.
948 1607 994 1640 ad
1010 1607 1133 1658 Remp.
1152 1607 1213 1639 VI.
1231 1617 1265 1649 p.
1281 1606 1404 1639 571A.

266 1653 355 1696 Cap.
373 1653 504 1687 XVIII.
528 1653 572 1685 D.
597 1647 956 1695 τῶνὲτὲρωνκαὶ
974 1662 1052 1685 του
1069 1645 1193 1695 ολου]
1213 1651 1273 1684 Sic
1291 1651 1470 1694 Sauppius
1487 1662 1565 1684 cum

177 1764 270 1798 νοῦν
292 1763 367 1807 δρῶ
391 1763 512 1805 τοῦτο,
545 1762 666 1806 εἴπερ,
698 1763 761 1795 ubi
794 1763 837 1795 de

177 1810 339 1852 elliptico
363 1818 431 1841 usu
452 1819 531 1841 voc.
558 1807 660 1850 εἴπερ
676 1818 709 1840 v.
728 1807 839 1839 Stall-

176 1854 295 1886 baum.
327 1852 555 1885 Heindorfius
577 1857 713 1893 autem,
732 1862 838 1894 quum

176 1898 432 1940 grammaticae
458 1897 673 1935 consuleret,
696 1899 838 1929 senten·
855 1923 859 1926 .

904 1762 975 1815 log.
994 1762 1094 1795 Socr.
1109 1764 1176 1796 ἰιι.·
1235 1756 1367 1795 άλιστα
1384 1758 1426 1796 δὲ
1443 1757 1568 1796 αὐτῶν

902 1803 947 1840 ἓν
963 1802 1088 1850 ἔθαύμ
1092 1816 1177 1840 aaa.
1206 1773 1301 1840 ςίοη.
1320 1818 1354 1858 p.
1379 1806 1485 1840 950.
1501 1806 1566 1840 καὶ

907 1853 1002 1895 Γοργ
1006 1818 1088 1885 ίουμ
1086 1846 1247 1894 μάλιστα
1270 1862 1388 1884 ταυτα
1410 1845 1567 1895 ἄγαμαι.

905 1896 959 1928 De
978 1897 1067 1938 Rep.
1083 1896 1128 1928 11.
1152 1906 1186 1938 p.
1204 1896 1325 1929 376A.
1351 1897 1476 1929 3671).
1511 1897 1566 1928 De

176 1943 263 1974 tiam
280 1952 423 1984 prorsus
438 1942 581 1981 evertit,
598 1946 638 1973 ut
654 1942 730 1974 eius
756 1951 837 1973 cou-

177 1988 351 2019 iecturam
367 1987 545 2029 plerisque
556 1986 752 2018 editoribus
759 1995 839 2028 pro-

175 2032 298 2064 batam
317 2041 396 2062 osse
413 2031 488 2062 iure
503 2031 654 2064 mireris.
671 2030 838 2062 Socrates

177 2075 278 2108 modo
295 2076 340 2107 iis
363 2074 579 2113 rationibus,
605 2085 695 2116 quas
712 2075 838 2107 Prota·

178 2130 283 2161 goras
300 2119 521 2162 protulisset,
540 2119 610 2150 sibi
627 2129 838 2160 persuasum

179 2175 256 2197 esse
304 2163 462 2204 dixerat,
508 2164 676 2196 virtutem
715 2163 837 2195 doceri

177 2219 295 2260 posse,
333 2219 366 2241 v.
399 2219 432 2250 p.
455 2208 519 2240 328
542 2202 837 2258 11:⁷57&va

175 2248 243 2285 οὐκ
252 2233 836 2308 εἷναιᾶνθρωπίνηνἐπιμέλειαν,

175 2289 198 2340 ᾗ
230 2294 268 2330 οἲ
338 2295 432 2330 acal
459 2292 602 2340 ἁγαθοὶ
633 2295 837 2339 γίγνονται,

177 2341 258 2375 νῦν
275 2309 601 2384 δὲπὲπεισμαι.
633 2341 735 2373 Hanc
753 2350 839 2372 ean

177 2386 256 2418 dem
279 2387 497 2418 senteutiam
520 2396 626 2426 nune,
649 2388 838 2427 postquam

178 2430 263 2472 quid
272 2431 367 2462 inter
375 2433 551 2462 oratorem
562 2432 598 2462 et
606 2410 838 2462 dialecticum

177 2477 372 2507 interesset
402 2475 577 2516 exposuit,
612 2474 694 2506 aliis
717 2473 838 2507 verbis

179 2519 357 2562 exprimit.
379 2519 453 2550 Nec
470 2529 555 2550 vero
574 2518 741 2551 Socrates
764 2527 838 2549 rem

178 2573 387 2596 concessam
403 2563 517 2595 denuo
536 2564 572 2594 in
580 2563 842 2595 dubitationem

179 2619 310 2641 vocare
327 2610 458 2650 potest,
478 2617 568 2649 quae
595 2606 842 2639 inconstantia

177 2653 236 2686 vel
267 2652 510 2685 inhumanitas
542 2652 586 2684 ab
620 2662 662 2683 eo
686 2651 840 2684 maxime

178 2701 231 2730 est
255 2697 388 2730 aliena.

225 2741 265 2776 C.
289 2734 309 2774 3
341 2735 380 2774 δ’
414 2734 661 2783 ἕθαυμασοὶ
683 2750 761 2773 σου
776 2736 839 2772 λε’·

180 2784 356 2837 γοντος]
377 2786 524 2818 Theaet
547 2796 580 2827 p.
600 2786 658 2816 161
679 2785 725 2816 B:
758 2776 778 2817 3
795 2779 836 2816 δὲ

179 2826 363 2872 θαυμάζω
379 2829 443 2863 τοῦ
462 2824 612 2872 ἑταίρου
627 2838 704 2861 σου.
746 2830 837 2871 Apo-

906 1950 974 1982 quo
999 1941 1157 1983 genitivo
1189 1951 1222 1974 v.
1255 1940 1396 1983 Kriiger
1425 1939 1486 1973 Gr.
1511 1941 1564 1973 47.

907 1987 960 2026 10,
984 1987 1016 2018 9.
1063 1985 1231 2018 Proxima
1261 1989 1358 2017 recte
1390 1985 1567 2027 interpre—

905 2032 1004 2062 tatur
1017 2029 1328 2062 Heindorfius:
1346 2028 1437 2067 hoc,
1456 2029 1566 2070 quod

905 2084 1103 2106 mancum
1131 2077 1200 2106 est
1222 2074 1349 2115 quasi
1366 2073 1407 2105 in
1425 2075 1566 2106 animo

906 2129 1014 2159 meo,
1032 2118 1203 2160 plenum
1228 2118 1565 2160 perfectumque

903 2162 1045 2194 redde.

948 2226 1192 2272 πολλαχοῦ]
1240 2238 1277 2261 v.
1307 2239 1340 2271 p.
1369 2230 1434 2261 325
1464 2228 1495 2261 A
1526 2231 1563 2261 et

905 2283 938 2315 p.
956 2274 1076 2307 3⁶23ss

950 2338 1038 2381 Cap.
1070 2339 1201 2373 XVIII.
1248 2341 1292 2372 D.
1349 2334 1560 2391 Πότερον,

907 2380 1040 2426 ἔφην,
1071 2394 1216 2427 ωσπερ
1246 2380 1558 2427 προσώπου-1

906 2427 1094 2461 Sententia
1116 2429 1208 2461 haec
1239 2432 1312 2462 est:
1333 2428 1480 2461 Utrum
1506 2426 1560 2459 il-

907 2472 976 2504 lae
1017 2473 1180 2506 formae
1212 2477 1255 2506 et
1291 2475 1438 2515 partes
1476 2472 1559 2504 vir-

907 2519 1016 2549 tutis
1049 2518 1167 2550 inter
1197 2527 1241 2549 se
1273 2520 1427 2549 natura
1459 2520 1501 2548 et
1517 2527 1559 2548 vi

908 2571 986 2594 sua
1017 2561 1222 2594 diversae
1259 2565 1374 2602 sunt,
1419 2570 1564 2601 quem-

909 2605 1129 2638 admodum
1152 2608 1303 2649 partes
1342 2606 1562 2646 eorporis3

908 2660 960 2681 an
998 2654 1178 2692 praeter
1219 2649 1562 2691 magnitudinem

906 2697 980 2727 aut
1017 2695 1288 2737 parvitatem
1334 2693 1447 2725 nihil
1484 2693 1558 2725 ha-

905 2739 1021 2779 bent,
1061 2749 1150 2790 quo
1179 2739 1295 2791 ipter
1333 2748 1377 2769 se
1423 2737 1559 2770 disse—

904 2785 1030 2815 rant?
1054 2784 1109 2815 De
1126 2777 1247 2825 α’λλή
1265 2793 1297 2815 ν.
1317 2782 1361 2815 ad
1378 2781 1559 2816 Phaedon.

901 2837 935 2870 p.
952 2829 991 2860 81
1012 2828 1052 2859 Β.
1076 2827 1191 2861 Stateb.
