1722 2964
459 39 880 108 νιιοτιζιιοιιᾼει.
907 69 954 108 1².
975 71 1057 108 334.
1087 69 1169 108 ετ.
1449 67 1532 112 105

102 188 260 244 φυτῶν
282 196 378 239 ταῖς
401 185 484 243 μὲν
507 187 647 242 ῥίζαις
668 181 846 241 ἀγαθὸν
868 185 1265 242 παραβαλλομένη,
1293 189 1334 230 εἰ
1354 183 1398 230 δ’
1429 187 1533 231 ἐθέ-

104 259 198 307 λοις
222 255 296 300 ἐπὶ
318 251 422 306 τοὺς
445 251 670 312 πτόρθους
693 252 770 297 καὶ
791 250 894 304 τοὺς
913 253 1042 305 νέους
1065 253 1239 304 κλῶνας
1257 250 1531 311 ἐπιβάλλειν,

102 320 248 367 πάντα
269 319 541 369 ἀπόλλυσιν·
564 320 664 367 ἐπεὶ
686 320 763 364 καὶ
785 318 833 365 τὸ
858 323 1008 366 ἔλαιον
1025 330 1118 373 τοῦς
1133 319 1218 378 μὲν
1237 330 1398 377 φυτοῖς
1415 318 1533 365 ἅπα-

103 394 179 436 σίν
201 392 295 435 ἐστι
319 386 550 446 πάγκακον
583 389 659 434 καὶ
680 397 777 440 ταῖς
807 388 932 446 θριξὶ
965 386 1298 446 πολεμιώτατον
1318 398 1418 441 ταῖς
1441 390 1532 434 τῶν

102 455 251 503 ἄλλων
275 454 399 512 ζώων
415 454 534 514 πλὴν
551 466 653 508 ταῖς
670 456 752 501 τοῦ
768 452 1031 513 ἀνθρώπου,
1054 466 1151 509 ταῖς
1171 455 1220 500 δὲ
1245 457 1325 501 τοῦ
1348 453 1533 514 ἀνθρώ-

101 542 190 571 που
215 523 392 583 ἀρωγὸν
422 525 499 570 καὶ
527 526 589 585 τῷ
623 521 752 584 «ἄλλῳ
785 521 965 581 σώματι.
1021 521 1138 569 οὕτω
1170 523 1222 569 δὲ
1254 527 1460 569 ποικίλον
1489 529 1535 570 τί

101 595 194 638 ἐστι
224 591 274 638 τὸ
306 590 483 650 ἀγαθὸν
514 593 591 638 καὶ
612 589 925 647 παντοδαπόν,
960 589 1071 636 ὥστε
1102 592 1179 636 καὶ
1210 593 1410 637 ἐνταῦθα
1438 602 1532 645 τοῖς

100 659 183 718 μὲν
214 662 385 714 ἔξωθεν
407 662 487 706 τοῦ
509 657 711 718 σώματος
742 657 919 716 ἀγαθόν
944 660 1035 704 ἐστι
1059 661 1120 720 τῷ
1153 657 1406 720 ἀνθρώπῳ,
1437 670 1531 714 τοῖς
1555 671 1585 705 G

101 725 143 774 δ’
181 726 303 781 ἐντὸς
334 726 497 774 ταύτὸν
533 729 663 773 τοῦτο
695 725 926 773 κάκιστον·
993 727 1067 772 καὶ
1101 726 1176 773 διὰ
1215 729 1345 773 τοῦτο
1378 730 1424 772 οἱ
1462 731 1532 773 ἰα-

98 796 195 854 τροὶ
234 794 396 849 πάντες
438 793 767 854 ἀπαγορεύουσι
810 805 902 848 τοῖς
943 792 1191 840 ἀσθενοῦσι
1236 792 1297 852 μὴ
1336 797 1533 853 χρῆσθαι

100 865 258 925 ἐλαίῳ,
282 861 380 910 ἀλλ’
409 859 437 920 ἢ
460 861 485 908 ὅ
509 882 552 908 τι
575 860 874 924 σμικροτάτῳ,
900 864 950 908 ἐν
972 860 1145 915 τούτοις
1169 858 1236 915 οἷς
1260 864 1412 920 μέλλει
1431 866 1532 908 ἕδε-

99 938 224 987 σθαι,
247 929 357 976 ὅσον
379 929 520 989 μόνον
542 929 626 988 τὴν
649 932 916 989 δυσχέρειαν
938 931 1210 987 κατασβέσαι
1232 928 1316 988 τὴν
1340 931 1412 976 ἐπὶ
1436 940 1532 984 ταῖς

98 996 337 1056 αἰσθήσεσι
360 1009 457 1052 ταῖς
489 997 564 1043 διὰ
587 1001 678 1044 τῶν
705 1000 860 1057 χυμῶν
887 1000 1156 1056 γιγνομένην
1185 1000 1235 1043 ἐν
1260 1009 1351 1051 τοῖς
1376 1002 1532 1052 σιτίοις

96 1084 144 1112 τε
167 1067 243 1111 καὶ
267 1064 405 1119 ὄψοις.

185 1198 226 1232 Ρ
245 1199 325 1231 334.
351 1198 393 1230 Β.
422 1193 462 1231 εἰ
484 1192 522 1231 δ’
543 1191 736 1236 ἐθέλοις
762 1192 837 1230 ἐπὶ
861 1209 891 1230 τ.
911 1194 998 1241 πτ.]
1025 1197 1125 1230 Vett.
1145 1196 1247 1231 editt.
1269 1193 1305 1231 εἰ
1321 1193 1364 1231 δὲ
1381 1195 1528 1237 θέλοις.

96 1242 304 1277 B0d1.Vat.
325 1242 368 1276 Θ.
389 1243 438 1275 al.
458 1237 550 1276 εἶδ’
571 1237 735 1282 ἐθέλοις.
762 1242 914 1285 Aliquot
933 1242 1035 1277 codd.
1056 1236 1149 1276 εἶδ’
1167 1237 1331 1286 ἐθέλεις,
1349 1244 1530 1286 probante

99 1287 226 1365 Hemg
224 1287 330 1366 orSfi?
310 1343 335 1366 α
354 1332 442 1367 τῶν
459 1330 634 1376 χυμῶν]
655 1333 760 1366 Libri
778 1343 902 1366 omnes
921 1327 988 1366 διὰ
1007 1331 1081 1367 τῶν
1098 1328 1226 1384 ῥινῶν.
1242 1343 1276 1366 v.
1286 1332 1390 1368 stud.
1399 1333 1528 1376 philol.

95 1389 128 1431 p.
148 1379 326 1456 83133qq„
349 1378 412 1411 ubi
437 1379 551 1411 etiam
575 1378 738 1411 dubitari
755 1388 865 1421 posse
883 1378 977 1418 dixi,
1004 1388 1052 1410 an
1070 1372 1137 1411 διὰ
1156 1376 1232 1411 τῶν
1247 1378 1463 1411 mutandum
1481 1379 1530 1412 sit

98 1425 136 1455 in
155 1434 206 1466 αη
236 1434 320 1457 εων.

137 1535 177 1568 Β.
205 1530 251 1568 τὸ
271 1532 434 1569 ἔλαιον
450 1553 496 1558 —-
515 1537 616 1574 ταῖς
641 1533 776 1577 θριξὶ

90 1575 468 1625 πολεμιώτατον]
526 1580 690 1614 Consilio
740 1584 776 1613 et

91 1629 171 1658 arte
188 1626 413 1668 Protagoras
428 1626 544 1659 verba
562 1626 775 1665 collocavit,

90 1674 132 1703 ιιι
179 1671 406 1703 audientium
461 1671 775 1714 exspectationem

90 1719 267 1750 moveret.
326 1715 502 1759 Plerique
535 1718 632 1749 enim
666 1726 775 1758 quum

91 1761 165 1794 olei
192 1771 298 1793 usum
330 1762 369 1793 in
385 1771 457 1794 uno
474 1761 620 1794 homine
639 1771 774 1804 cogno-

89 1806 244 1847 vissent,
259 1815 332 1838 non
348 1806 470 1848 potuit
492 1807 539 1839 iis
556 1817 628 1839 non
647 1807 774 1839 absur-

90 1850 138 1883 da
174 1850 295 1882 videri
332 1852 519 1883 sententia
557 1851 615 1884 his
645 1852 773 1894 primis

92 1895 217 1928 verbis
236 1900 423 1929 contenta.

136 1943 252 1979 τοῖς
286 1937 381 1983 μὲν
416 1937 686 1982 ἕξωθεν-
709 1940 771 1986 τῷ

90 1980 344 2029 ἅνθρωπῳ]
393 1989 443 2018 ιιι
482 1986 556 2019 hic
596 1996 771 2028 quoque

92 2032 301 2064 externis
341 2030 518 2072 quidem
556 2031 772 2074 partibus

90 2086 252 2118 corpor
261 2077 299 2108 is
321 2077 503 2108 humani
519 2076 678 2109 bonum
696 2078 769 2117 sit,

88 2121 395 2154 interioribus
468 2132 574 2154 vero
650 2122 769 2154 idem

89 2166 343 2218 pessimum.
371 2166 507 2199 Athen.
537 2178 571 2209 p.
595 2168 638 2199 46
656 2167 707 2198 F:
748 2163 767 2199 ὁ

89 2206 327 2264 Δημόκριτος
343 2207 438 2254 πρὸς
462 2207 528 2245 τὸν
530 2207 770 2267 πυθόμενον

87 2255 166 2294 πῶς
184 2267 273 2289 ανυ
301 2255 367 2295 ιῶς
391 2268 448 2295 τις
471 2252 601 2300 διαγοι
620 2254 716 2310 ἔφη,
738 2254 773 2290 εἰ

88 2296 135 2332 τὰ
157 2311 239 2354 μεν
291 2296 378 2340 ντὸς
410 2299 532 2344 μέλιτι
561 2299 704 2346 βρέχοι,
723 2298 769 2335 τὰ

88 2340 129 2378 δ’
150 2340 256 2382 ἐκτὸς
275 2340 402 2389 ἐλαίῳ.

133 2390 172 2422 C.
230 2400 587 2434 απαγορευουσι
623 2410 670 2414 ——
707 2386 764 2435 μὴ

86 2433 311 2478 χρῆσθαι]
346 2436 766 2488 Priscianusp.1196

88 2480 143 2512 ed.
161 2481 314 2515 Putsch.
340 2482 481 2522 „Attici
499 2476 688 2534 (ᾶὶοωιι)’
664 2493 767 2515 απα-

86 2521 231 2578 γορεύω
253 2522 304 2569 μὴ
331 2523 475 2570 λεγειν,
498 2524 586 2568 καὶ,
620 2537 766 2570 anaya—

86 2566 186 2612 ρὲνιίω
205 2569 341 2614 λέγειν.
347 2570 372 2587 ‘
404 2582 438 2605 v
457 2572 693 2606 Hermann.
720 2572 766 2605 ad

85 2614 211 2658 Viget.
235 2627 269 2659 p.
292 2618 359 2650 810
383 2626 463 2658 sqq.
504 2617 763 2650 Buttmann.

88 2659 338 2738 debemosth.
357 2661 510 2694 Midian.
542 2662 684 2695 Exeurs
700 2663 765 2696 XI.

133 2749 173 2784 C.
198 2747 278 2785 διὰ
312 2751 398 2785 τῶν
427 2749 594 2803 χυμῶν]
628 2752 768 2808 Vulga-

86 2796 163 2828 tam
195 2796 415 2839 scripturam
448 2792 515 2830 διὰ
548 2796 622 2830 τῶν
654 2793 769 2839 ῥἰνῶν

846 1546 952 1568 nemo
970 1535 1054 1568 dum
1073 1535 1260 1578 explicare
1282 1539 1436 1568 conatus
1454 1538 1529 1576 est3

846 1582 927 1623 quis
938 1581 1033 1613 enim
1039 1590 1201 1622 unquam
1212 1580 1368 1624 audivit,
1381 1584 1529 1615 veteres

846 1636 889 1659 eo
914 1626 1068 1659 consilio
1093 1625 1140 1658 ad
1165 1626 1268 1659 cibos
1286 1628 1399 1668 atque
1424 1637 1530 1670 opso-

844 1671 908 1703 nia
926 1671 1008 1704 oleo
1028 1680 1113 1703 usos
1137 1681 1230 1711 esse,
1254 1674 1298 1704 ut
1320 1682 1435 1705 suave
1453 1671 1528 1705 ole-

842 1719 926 1749 rent
937 1729 945 1757 3
960 1717 1043 1759 quis
1056 1718 1114 1749 est
1126 1718 1189 1758 qui
1201 1717 1360 1759 neseiat,
1373 1718 1529 1760 opsonia

845 1761 1041 1795 condiendi
1074 1771 1189 1794 causa
1226 1761 1264 1793 id
1305 1765 1342 1794 et
1375 1763 1528 1804 antiquo

842 1810 1007 1849 tempore
1040 1806 1181 1838 factum
1220 1816 1302 1839 esse
1342 1810 1379 1840 et
1417 1807 1528 1840 hodie

844 1851 935 1884 fieri.
966 1852 1140 1884 Veterum
1172 1852 1394 1895 scriptorum
1425 1852 1528 1885 locos

843 1897 1017 1939 plurimos
1047 1897 1120 1929 huc
1147 1897 1374 1939 pertinentes
1415 1897 1527 1930 colle-

844 1941 1005 1985 gimusl.
1024 1941 1048 1975 1.
1066 1952 1101 1984 p.
1118 1942 1313 1983 831—833‚
1331 1953 1377 1975 ex
1394 1943 1527 1985 quibus

845 1987 1068 2020 arbitramur
1084 1987 1345 2020 intellectum
1335 1989 1381 2020 iri
1397 1988 1526 2021 Prota·

843 2042 970 2075 goram
991 2032 1028 2066 h.
1051 2032 1075 2064 1.
1108 2032 1202 2064 nihil
1225 2033 1299 2065 nisi
1324 2033 1367 2066 de
1392 2043 1527 2084 sapore

839 2078 1003 2110 ciborum
1022 2078 1221 2119 cogitasse.
1262 2078 1376 2121 Atqui
1393 2073 1526 2121 χυμός,

838 2126 879 2154 ιιι
897 2123 951 2155 ait
968 2122 1132 2156 Galenus
1150 2122 1259 2158 defin.
1276 2123 1370 2157 med.
1389 2124 1436 2156 11.
1446 2125 1526 2161 279,

839 2162 943 2221 παρὰ
978 2164 1157 2202 Πλάτωνι
1187 2166 1254 2202 καὶ
1281 2163 1526 2220 Ἀριστοτέλει

844 2208 863 2255 ἡ
898 2209 1036 2255 γευστή
1082 2207 1242 2256 ποιότης
1280 2207 1524 2255 ὀνομάζεται.

838 2258 896 2290 De
938 2258 1213 2291 constructione
1261 2259 1457 2291 verborum
1488 2269 1524 2292 v.

839 2303 974 2336 Athen.
1007 2303 1191 2345 p.280A:
1243 2297 1423 2355 ἀφαιρῶν
1455 2315 1525 2342 τας

837 2343 903 2381 δια
930 2347 1054 2400 χυλῶν
1086 2342 1235 2398 ἡδονας
1266 2343 1313 2380 οὗ
1344 2343 1522 2391 δύναμαι

835 2393 974 2436 νοῆσαι
997 2387 1194 2436 τάγαθόν,
1229 2403 1337 2435 quam
1370 2394 1524 2436 Epicuri

834 2449 963 2471 vocem
982 2437 1112 2471 Cicero
1147 2418 1275 2478 (Τίιεο.
1298 2439 1364 2471 ΠΙ.
1385 2440 1439 2474 18.
1463 2438 1522 2479 41)

836 2485 890 2516 sio
920 2483 1038 2515 latine
1074 2483 1250 2515 reddidit:
1284 2487 1377 2517 ‘non
1401 2484 1522 2516 habeo

836 2528 933 2570 quod
939 2527 1148 2571 intelligam
1155 2529 1303 2569 bonum,
1322 2529 1522 2561 detrahens

837 2584 900 2606 eas
918 2572 1139 2616 voluptates,
1165 2584 1259 2616 quae
1284 2583 1416 2616 sapore
1439 2583 1522 2616 per-

836 2619 1047 2661 eipiuntur’.
1086 2619 1139 2651 Et
1152 2619 1192 2651 in
1208 2618 1448 2661 perceptione
1465 2619 1520 2650 in·

834 2663 1072 2696 iucundorum
1118 2674 1289 2706 saporum
1329 2663 1522 2695 fastidium

838 2709 943 2750 oriri,
983 2709 1015 2741 si
1053 2708 1123 2742 hoc
1155 2710 1381 2752 Protagoras
1415 2708 1519 2749 dixit,

838 2754 1064 2786 sententiam
1100 2753 1255 2797 protulit
1300 2756 1337 2786 et
1375 2763 1441 2796 per
1478 2763 1519 2787 se

839 2809 966 2832 veram
986 2802 1022 2831 et
1037 2799 1072 2833 h.
1090 2798 1114 2831 1.
1134 2802 1269 2841 aptam.
