1696 2976
491 121 906 162 PROTAGORAS‚·
934 122 975 158 P.
999 123 1077 158 328.
1110 121 1189 157 ST.
1491 117 1540 158 91

139 252 256 299 ριον·
285 237 362 286 ε’ὰν
385 238 434 285 δὲ
457 235 532 297 μή,
558 235 704 284 ἐλθὼν
728 240 790 291 εἰς
816 234 935 296 ἱερὸν
958 234 1136 295 ὀμόσας,
1160 232 1268 281 ὅσου
1287 233 1342 282 ἂν
1366 238 1428 295 φῇ
1448 234 1546 291 ἄξια
1571 248 1598 280 C

141 308 254 354 εἶναι
277 306 329 353 τὰ
352 305 604 366 μαθήματα,
629 307 838 352 τοσοῦτον
868 306 1096 363 κατέθηκε.

247 374 457 422 Τοιοῦτόν
480 389 571 432 σοι,
605 378 712 433 ἔφη,
746 366 780 419 ὦ
805 371 1062 433 Σώκρατες,
1097 371 1181 430 ἐγὼ
1206 373 1279 417 καὶ
1303 374 1451 430 μῦθον
1475 374 1548 417 καὶ

140 443 272 502 λόγον
304 451 482 503 εἴρηκα,
523 441 581 497 ὡς
613 440 821 488 διδακτὸν
853 439 1008 502 ἀρετή,
1050 442 1123 486 καὶ
1148 439 1379 498 Ἀθηναῖοι
1410 438 1547 494 οὕτως

139 513 366 571 ἡγοῦνται,
399 513 473 557 καὶ
496 508 561 556 ὅτι
584 508 717 556 οὐδὲν
739 508 1002 568 θαυμαστὸν
1025 512 1114 555 τῶν
1137 507 1324 567 ἀγαθῶν
1347 510 1549 567 πατέρων

139 579 338 639 φαύλους
361 583 474 633 υἱεῖς
498 583 733 638 γίγνεσθαι
764 579 837 623 καὶ
869 580 958 624 τῶν
988 576 1175 636 φαύλων
1199 574 1420 635 ἀγαθούς,
1455 578 1549 622 ἐπεὶ

139 650 212 694 καὶ
235 652 282 694 οἱ
302 652 602 694 Πολυκλείτου
626 650 759 704 υἱεῖς,
785 643 998 706 Παράλου
1022 647 1095 691 καὶ
1119 650 1387 699 Ξανθίππου
1419 647 1549 691 τοῦδε

139 714 387 775 ἡλικιῶται,
420 714 552 762 οὐδὲν
575 714 683 774 πρὸς
707 714 783 760 τὸν
815 715 981 774 πατέρα
1014 718 1122 772 εἰσί,
1156 714 1229 758 καὶ
1253 711 1378 759 ἄλλοι
1402 711 1550 759 ἄλλων

142 787 437 844 δημιουργῶν.
471 786 612 830 τῶνδε
638 783 686 828 δὲ
710 781 833 829 οὔπω
865 781 988 837 ἄξιον
1011 785 1138 828 τοῦτο
1163 791 1436 841 κατηγορεῖν.
1487 785 1549 827 ἔτι

139 850 222 912 γὰρ
248 855 298 899 ε’ν
320 851 468 905 αὐτοῖς
494 855 607 898 εἰσιν
632 853 825 905 ἐλπίδες·
851 853 945 897 νέοι
968 849 1063 910 γάρ.
1570 868 1603 899 1)

241 919 344 980 Cap.
368 919 504 965 XVII.
531 917 828 979 Πρωταγόρας
851 919 934 978 μὲν
957 921 1148 964 τοσαῦτα
1166 919 1239 964 καὶ
1258 920 1436 964 τοιαῦτα
1455 920 1550 964 ε’πι-

141 988 391 1048 δειξάμενος
416 986 699 1034 ἀπεπαύσατο
722 991 800 1033 τοῦ
826 986 970 1045 λόγου.
998 989 1071 1032 καὶ
1096 985 1180 1044 ἐγώ
1207 987 1277 1032 ἐπὶ
1302 986 1385 1045 μὲν
1408 985 1550 1032 πολὺν

137 1055 299 1117 χρόνον
330 1058 621 1115 κεκηλημένος
655 1060 717 1101 ἔτι
750 1053 857 1115 πρὸς
890 1053 1025 1101 αὐτὸν
1056 1059 1244 1112 ἔβλεπον
1276 1052 1333 1108 ὡς
1366 1053 1549 1112 ἐροῦντά

137 1144 200 1183 τι,
234 1127 468 1184 ἐπιθυμῶν
491 1122 689 1170 ἀκούειν
728 1124 823 1169 ἐπεὶ
855 1123 903 1168 δε
936 1121 992 1181 δὴ
1015 1121 1244 1182 ᾐσθόμην,
1277 1119 1342 1167 ὅτι
1372 1125 1432 1183 τῷ
1456 1120 1549 1168 ὄντι

138 1195 416 1252 πεπαυμένος
442 1200 533 1251 εἴη,
565 1191 689 1251 μόγις
714 1208 805 1245 πως
839 1190 1042 1272 ἐμαυτὸνῗ
1061 1189 1250 1250 ὡσπερεὶ
1284 1195 1549 1248 συναγείρας

138 1260 279 1319 εἶπον,
303 1262 469 1320 βλέψας
493 1259 601 1320 πρὸς
625 1257 701 1305 τὸν
718 1257 997 1318 Ἱπποκράτη·
1025 1251 1078 1306 Ὦ
1100 1270 1183 1305 παῖ
1198 1257 1548 1318 Ἀπολλοδώρου,

138 1326 196 1383 ὦς
219 1349 348 1389 χαριν
372 1344 441 1375 σοι
466 1333 564 1388 ἔχω,
589 1326 655 1374 ὅτι
678 1326 958 1388 προῦτρεψάς
975 1347 1029 1386 με
1048 1320 1135 1373 ωδε
1153 1325 1415 1386 ἀφικέσθαι
1441 1332 1549 1373 πολ-

226 1483 336 1506 οσου
354 1485 408 1507 αν
425 1472 486 1527 Ἕῇ
511 1466 637 1516 ἄξια]
664 1471 726 1504 Sic
750 1471 865 1512 codd,
889 1472 961 1504 nisi
982 1471 1111 1513 fallor,
1137 1482 1273 1505 omnes,
1322 1472 1421 1504 Vett.
1446 1471 1548 1504 editt.

135 1512 229 1552 ὅσου
246 1530 297 1552 αν
315 1528 408 1562 φησι
425 1517 528 1560 αξια,
545 1517 640 1560 quod
655 1518 793 1550 frustra
808 1516 979 1559 defendit
987 1517 1176 1551 Thiersch.
1194 1516 1255 1549 Gr.
1266 1528 1301 1559 p.
1309 1518 1386 1549 644.
1401 1517 1433 1550 8.
1453 1516 1508 1551 ed
1517 1520 1547 1550 3

135 1564 339 1605 Liblarius‚
357 1565 418 1607 qui
435 1576 448 1596 ι
467 1563 692 1605 adscriptum
708 1573 772 1605 pro
787 1574 805 1602 ς
821 1563 1014 1604 habuerat,
1033 1573 1139 1605 quum
1157 1562 1269 1595 tertia
1278 1563 1550 1604 personaverbi

135 1619 224 1652 opus
243 1612 352 1652 esset,
371 1619 465 1653 φησι
483 1609 641 1651 scripsit,
659 1609 799 1640 hiatum
815 1609 963 1640 minime
982 1618 1126 1641 curans.

225 1665 265 1698 C.
291 1663 500 1708 πατέρων
523 1676 564 1707 φ.
591 1661 712 1703 υἷεῖς
745 1662 1016 1708 γιγνεσθαι]
1064 1665 1125 1698 Sic
1142 1664 1252 1707 longe
1270 1663 1417 1706 plurimi
1445 1663 1547 1696 codd.

134 1712 173 1743 in
189 1711 307 1753 iisque
325 1712 463 1754 optimi
481 1712 524 1743 V.
543 1707 739 1766 γενέσθαι.

225 1756 316 1811 Cap.
333 1757 450 1789 XVII.
475 1756 520 1788 D.
547 1750 714 1788 ἐπεὶδὲ
734 1749 989 1799 δὴῇσθόμ.]
1025 1754 1098 1789 sic.
1117 1754 1219 1787 Bodl.
1239 1758 1276 1788 et
1291 1755 1463 1787 Vatican.
1482 1765 1546 1796 pro

133 1801 231 1844 vulg.
250 1796 383 1844 ἐπειδὴ
403 1799 445 1834 δὲ
463 1795 604 1843 ᾗσθόμ.

878 1913 931 1946 ad
963 1913 1145 1945 multum
1177 1916 1351 1956 tempus
1384 1913 1548 1946 delini-

132 1914 291 1957 pretium
315 1914 482 1957 exegisse
500 1915 674 1946 centenas
690 1913 808 1945 minas

877 1962 947 1991 tus
994 1969 1135 2001 usque
1185 1969 1276 1991 eum
1323 1959 1546 1991 intuebar.

133 1959 237 1999 (cire.
257 1961 345 1993 2250
362 1957 599 2001 imperiales),
619 1959 665 1991 ef.
681 1959 807 2000 Quint.

133 2005 223 2037 Inst.
244 2005 306 2038 Or.
323 2005 390 2038 111.
412 2006 442 2036 1.
461 2006 513 2036 10.

178 2055 330 2094 ἐλθὼν
370 2057 433 2099 εἰς
473 2054 568 2102 ἷερό
580 2058 616 2104 ν]
675 2059 805 2093 Cicero

132 2116 196 2149 pro
220 2106 327 2139 Balb.
354 2116 384 2140 c,
401 2107 440 2138 5:
487 2105 661 2148 Athenis,
691 2106 806 2145 aiunt,

132 2161 239 2193 quum
255 2151 402 2193 quidam
410 2150 505 2194 apud
514 2162 588 2191 eos,
607 2152 806 2193 quisanete

132 2197 366 2238 graviterque
398 2197 555 2230 vixisset
588 2200 625 2228 et
641 2198 804 2229 testimo—

131 2242 231 2273 nium
249 2242 402 2274 dixisset
418 2244 472 2281 et,
495 2245 542 2274 ut
565 2252 652 2275 mos
671 2241 805 2275 Grae-

133 2297 280 2319 corum
314 2290 383 2320 est
398 2313 406 2326 ‚
446 2287 492 2319 ad
534 2297 617 2320 aras
651 2287 804 2320 accede·

131 2335 187 2364 ret
205 2334 274 2365 etc.

177 2399 218 2434 C.
258 2399 403 2433 τῶνδε
431 2396 481 2433 δὲ
515 2393 638 2433 οὔπω
670 2393 806 2442 ἄξιον

132 2444 268 2479 τοῦτο
293 2443 406 2489 κατ]
435 2445 600 2478 hivero
633 2443 806 2486 (Paralus

130 2494 168 2524 et
199 2491 445 2533 Xanthippus)
479 2490 664 2523 nondum
699 2501 806 2524 com-

130 2539 358 2568 merentur
381 2535 636 2568 huiusmodi
658 2545 802 2578 repre-

130 2581 602 2633 hensionem‚q11}im
661 2580 803 2613 adhue

130 2626 276 2659 liceat
305 2627 420 2659 bona
451 2625 500 2657 de
533 2626 591 2657 iis
616 2636 802 2668 speiare

130 2675 316 2724 propter
354 2672 648 2704 iuventutem
711 2671 803 2704 Nam

129 2711 240 2756 αξιόν
256 2711 358 2750 ἐστιν
375 2719 431 2749 est
452 2717 616 2748 iustum
640 2719 719 2757 est,
738 2717 802 2750 de-

132 2764 214 2793 cet.
233 2762 349 2795 Staltb.

171 2815 266 2867 Cap.
282 2818 394 2850 XVII.
427 2819 472 2850 D.
513 2812 586 2850 ἐπὶ
617 2814 698 2860 μὲν
730 2829 802 2852 πο-

135 2855 215 2895 λυν
259 2858 421 2915 χρόνον
467 2862 799 2906 κεκηλημένος]

875 2005 1003 2046 Neque
1038 2005 1133 2036 enim
1167 2014 1247 2036 cum
1279 2003 1546 2037 Heindorfio

875 2050 983 2088 haec,
1019 2044 1080 2083 ἐπὶ
1112 2060 1182 2104 μεν
1203 2060 1242 2082 π.
1261 2044 1549 2092 χρόνον,1;ι·3κο-

876 2095 943 2127 rim
967 2094 1013 2127 ad
1031 2105 1106 2136 seq.
1141 2091 1362 2149 ἐμβληεπον
1345 2095 1489 2128 Menex.
1515 2105 1548 2137 p.

876 2141 941 2173 235
958 2139 1007 2172 Α.
1054 2138 1119 2173 καὶ
1143 2150 1319 2173 εκαστοτε
1329 2136 1481 2194 εστηκα
1503 2158 1548 2162 —-

874 2179 1118 2239 κηλούμενος.
1135 2185 1226 2218 Ibid.
1236 2186 1283 2218 Β·
1301 2178 1419 2223 οὕτως
1437 2182 1548 2218 ε’ναυ-

876 2232 938 2269 λος
970 2225 989 2263 ὁ
1025 2225 1134 2283 λόγος
1165 2241 1204 2263 τε
1221 2229 1286 2263 καὶ
1319 2225 1338 2263 ὁ
1373 2225 1547 2287 φθόγγος

874 2287 979 2328 παρα
1002 2276 1070 2309 τοῦ
1091 2273 1268 2327 λέγοντος
1292 2270 1468 2309 ε’νὸυεται
1493 2273 1546 2313 εἰς

872 2333 919 2355 τα
952 2333 1046 2364 ωτα,
1081 2314 1174 2354 ω’στε
1204 2316 1312 2373 μόγις
1344 2331 1502 2373 τεταρτῃ
1524 2315 1549 2363 ἢ

873 2364 1024 2422 πέμπτῃ
1055 2361 1191 2419 ἡμέρᾳ
1211 2360 1546 2421 αναμιμνήσκομαι

875 2407 1053 2455 ἐμαυτοῦ.
1087 2429 1128 2434 -
1167 2406 1222 2450 ὡς
1260 2406 1455 2454 ἐροῦντα
1489 2423 1542 2453 τι,

873 2460 1037 2501 putans
1071 2467 1164 2489 eum
1196 2456 1369 2498 aliquid
1398 2457 1544 2489 ‹lietu-

874 2513 975 2534 rum.
1008 2501 1124 2540 Stallb,

918 2539 1003 2580 ὧδε
1050 2541 1328 2589 αφικέσθαι]
1393 2547 1544 2578 Photius

872 2593 964 2625 Lex.
996 2593 1133 2635 p.658‚
1166 2593 1208 2625 14
1241 2595 1277 2624 et
1310 2591 1439 2623 Suidas
1462 2602 1490 2622 s.
1508 2602 1542 2624 v.

865 2630 959 2670 ,Ωδε
976 2604 1069 2669 ha'ee
1085 2638 1240 2671 habent:
1266 2629 1339 2670 ὦδε
1364 2631 1409 2668 οὔ
1426 2630 1544 2687 μόνον

873 2679 914 2716 τὸ
947 2693 1078 2735 ουτως,
1112 2677 1209 2716 αλλα
1225 2681 1291 2715 καὶ
1324 2676 1363 2713 τὸ
1399 2675 1542 2714 ἐνθάδε

872 2723 920 2766 ὡς
937 2723 1101 2781 ἡμεῖς..
1124 2726 1188 2761 καὶ
1215 2722 1376 2760 Πλατων
1391 2737 1466 2759 που
1482 2723 1543 2759 κε’-

872 2784 1006 2826 χρηται
1037 2767 1124 2807 ἀντὶ
1156 2772 1222 2805 τοῦ
1256 2772 1369 2814 δεῦρο
1401 2766 1501 2804 καὶ’
1484 2782 1542 2804 εν-

871 2814 1000 2851 θιίδε.
1026 2813 1067 2851 τὸ
1086 2816 1127 2852 δὲ
1145 2811 1192 2851 ου’
1195 2829 1263 2856 τως
1287 2811 1328 2850 ἐν
1343 2819 1423 2855 τοῖς
1438 2816 1542 2850 πλεί-

871 2873 972 2903 στοις
989 2863 1111 2907 ὃηλοῑ.
1144 2863 1263 2896 Huius
1285 2862 1453 2895 Platonis
1470 2862 1542 2895 loci
