1722 2964
170 129 251 172 150
715 136 1018 174 PLATONIS

165 243 268 298 τούς
292 246 601 304 ἐπισταμένους
633 245 794 301 αὐτοῦς
824 249 994 296 ἑαυτῶν
1022 251 1457 312 θαρραλεωτέρους”
1431 272 1561 309 οντας

167 309 428 371 ἀποφαίνεις
452 314 524 358 καὶ
547 310 606 371 μὴ
631 314 928 372 ἐπισταμένων
950 314 1122 375 ἄλλων,
1147 319 1221 364 καὶ
1245 321 1295 365 ἐν
1315 318 1455 381 τούτῳ
1478 327 1561 367 οἴει

164 377 245 438 τὴν
267 377 478 438 ἀνδρείαν
509 381 583 424 καὶ
613 378 694 437 τὴν
724 386 885 438 σοφίαν
907 381 1068 430 ταύτὸν
1098 384 1223 431 εἶναι.
1262 383 1402 447 τούτῳ
1427 385 1477 432 δὲ
1499 389 1562 448 τῷ

162 443 308 506 τρόπω
347 463 508 504 μετιων
532 448 605 491 καὶ
639 445 721 504 τὴν
753 446 882 506 ἰσχύν
915 452 1113 508 οἰηθείης
1144 448 1200 497 ἂν
1232 451 1346 498 εἶναι
1382 457 1557 511 σοφίαν.

162 514 336 570 πρῶτον
365 512 447 570 μὲν
476 511 560 572 γάρ
598 517 639 558 εἰ
668 512 783 560 οὕτω
813 533 976 573 μετιων
1010 515 1125 575 ἔροιό
1148 536 1225 576 με,
1251 523 1293 563 εἰ
1320 521 1368 564 οἱ
1389 520 1560 578 ἰσχυροὶ

106 589 137 622 Ε
163 582 349 624 δυνατοί
370 583 468 635 εἰσι,
493 583 631 637 φαίην
653 578 728 625 ἄν·
755 585 917 639 ἔπειτα,
943 587 983 628 εἰ
999 587 1045 628 οἱ
1060 583 1338 642 ἐπισταμενοι
1355 590 1559 632 παλαίειν

163 644 462 704 δυνατώτεροί
506 650 591 692 εἰσι
637 665 726 692 των
773 647 832 706 μὴ
879 650 1181 707 ἐπισταμένων
1233 657 1439 698 παλαίειν
1484 652 1558 697 καὶ

161 710 284 758 αὐτοὶ
325 708 495 770 αὐτῶν,
538 711 717 759 ἐπειδᾶν
750 713 975 773 μαθωσιν,
1016 714 1044 773 ἢ
1068 718 1174 775 πρὶν
1197 725 1377 775 μαθεῖν,
1419 723 1559 777 φαίην

160 775 236 823 ἄν
260 780 397 824 ταῦτα
421 779 470 824 δὲ
495 781 600 837 ἐμοῦ
622 778 991 839 ὁμολογήσαντος,
1030 784 1143 862 ἐξείη
1174 782 1230 830 ἄν
1253 799 1324 830 σοι
1347 786 1557 846 χρωμένῳ

158 853 249 898 τοῖς
273 841 421 899 αὐτοῖς
443 850 689 904 τεκμηρίοις
719 846 885 912 τούτοις
909 850 1075 906 λέγειν,
1109 868 1166 902 ως
1191 850 1300 896 κατὰ
1333 850 1413 909 τὴν
1449 850 1558 910 ἐμὴν

159 906 396 969 ὁμολογίαν
425 908 452 969 ἡ
477 918 614 970 σοφία
638 914 757 959 ἐστὶν
782 906 915 972 ἰσχύς.
959 913 1043 973 ἐγω
1069 916 1119 961 δε
1141 915 1340 975 οὐδαμοῦ
1361 915 1458 963 ουδ’
1488 919 1557 963 ἐν·

157 979 303 1023 ταῦθα
319 974 520 1035 ὁπολογαῖ
540 978 642 1032 τούς
668 979 881 1033 δυνατοὺς
903 980 1106 1041 ἰσχυροὺς
1132 982 1260 1040 εἶναι,
1282 982 1384 1036 τούς
1407 985 1556 1042 μέντοι

82 1057 145 1091 351
161 1043 365 1102 ἰσχυροὺς
390 1043 628 1097 δυνατούς
661 1043 713 1091 οὗ
745 1045 827 1128 γὰρ
858 1045 1020 1093 ταύτὸν
1052 1049 1165 1093 εἶναι
1191 1049 1380 1106 δύναμίν
1410 1069 1458 1096 τε
1482 1050 1556 1095 καὶ

159 1108 308 1169 ἰσχύν,
333 1108 443 1156 ἄλλα
465 1111 513 1157 τὸ
537 1112 619 1170 μὲν
643 1113 717 1156 καὶ
741 1110 826 1158 ἀπὸ
846 1112 1079 1172 ἐπιστήμης
1098 1119 1346 1173 γίγνεσθαι,
1370 1115 1451 1173 τὴν
1476 1115 1558 1161 δύ-

155 1195 312 1235 ναμιν,
345 1179 418 1222 καὶ
451 1176 536 1224 ἀπὸ
566 1183 725 1236 μανίας
754 1197 802 1224 τε
825 1181 898 1225 καὶ
932 1178 1018 1226 ἀπὸ
1041 1184 1213 1239 θυμοῦ,
1250 1180 1376 1240 ἰσχύν
1400 1182 1449 1227 δὲ
1472 1179 1557 1228 ἀπὸ

155 1242 332 1301 φύσεως
363 1245 437 1289 καὶ
469 1243 702 1303 εὐτροφίας
735 1247 824 1291 ταῖν
854 1245 1080 1304 σωμάτων.
1128 1246 1243 1294 οὕτω
1277 1249 1326 1294 δὲ
1357 1247 1484 1294 κάκεῖ
1503 1245 1558 1294 οὗ

155 1308 316 1355 ταύτὸν
347 1310 460 1356 εἶναι
498 1310 664 1371 θάρσος
702 1330 749 1357 τε
788 1313 861 1357 καὶ
895 1311 1118 1371 ἀνδρείαν.
1176 1313 1285 1361 ὥστε
1324 1319 1559 1373 συμβαίνει

155 1374 258 1429 τούς
280 1377 360 1435 μὲν
384 1376 615 1434 ἀνδρείους
646 1380 920 1437 θαρραλέους
946 1379 1081 1438 εἶναι,
1114 1379 1173 1439 μὴ
1197 1381 1344 1438 μέντοι
1375 1380 1477 1434 τούς
1508 1398 1559 1438 γε

100 1451 130 1484 Β
157 1444 431 1502 θαρραλέους
455 1441 688 1503 ἀνδρείους
712 1443 896 1499 πάντας·
944 1445 1110 1504 θάρσος
1140 1447 1223 1505 μὲν
1253 1446 1335 1505 γὰρ
1367 1448 1440 1492 καὶ
1471 1445 1557 1493 ἀπὸ

154 1510 307 1567 τέχνης
347 1514 542 1568 γίγνεται
581 1508 834 1569 ἀνθρώποις
874 1513 946 1557 καὶ
989 1512 1075 1559 ἀπὸ
1105 1516 1256 1572 θυμοῦ
1292 1532 1338 1559 τε
1369 1515 1442 1559 καὶ
1472 1511 1558 1559 ἀπὸ

241 1628 283 1661 Ρ.
302 1630 377 1661 351.
410 1628 488 1662 καὶ
511 1624 598 1663 ἀπὸ
651 1629 900 1668 ανίαςτεκ.
910 1627 924 1674 ]
944 1631 1028 1665 vat.
1047 1629 1089 1665 Θ.
1108 1631 1259 1665 vindob.
1279 1631 1405 1682 Angel.
1425 1630 1473 1666 al.
1489 1641 1554 1674 pro

151 1682 191 1706 τε
213 1672 352 1705 habent
373 1685 427 1717 γε.
483 1673 553 1707 Sed
580 1640 653 1706 iige
635 1684 690 1706 em
719 1684 800 1707 mox
823 1685 903 1707 cum
925 1675 1057 1707 ceteris
1081 1674 1147 1708 καὶ
1174 1671 1248 1709 ἀπὸ
1272 1674 1401 1726 θυμοῦ
1424 1685 1464 1708 τε
1486 1674 1554 1708 καὶ

151 1716 303 1759 μανίας.
343 1728 385 1760 γε
409 1722 563 1760 utroque
579 1718 659 1751 loco
675 1719 787 1751 habet
810 1718 908 1751 Stob.
928 1719 1028 1754 Flor.
1052 1721 1083 1752 7.
1103 1721 1144 1753 79
1161 1721 1274 1753 verba
1291 1715 1360 1763 ἐγώ
1378 1716 1420 1753 δὲ
1437 1714 1556 1753 οὖδα-

152 1760 226 1804 μοῦ
241 1777 287 1785 ——-
300 1762 434 1806 ψυχῶν
449 1763 491 1806 γί
515 1773 619 1796 νεται
638 1762 685 1805 (p.
704 1764 768 1796 351
786 1763 829 1804 Β)
848 1763 1017 1798 afferens.

242 1814 354 1840 ωστε
386 1774 685 1851 συμβαίνει]ρ
687 1807 747 1840 Sic
767 1807 869 1840 codd.
897 1814 1043 1850 praeter
1061 1808 1178 1841 Paris.
1195 1808 1235 1840 Β.
1262 1808 1439 1842 communi
1467 1818 1556 1841 con-

155 1862 278 1886 sensu.
310 1850 353 1882 V·
371 1852 604 1897 συμβαίνειν

151 1931 343 1964 verborum
359 1931 471 1964 totins
487 1930 747 1972 disputationis
764 1939 820 1961 se·
887 1939 1002 1972 wege
1019 1930 1215 1972 gezeigt,
1241 1929 1344 1963 dass
1362 1929 1431 1962 ich
1448 1939 1554 1962 nem·

153 1975 244 2052 ribem
270 1975 578 2052 perspicientilssis
606 1976 823 2052 ιιέιιδροῐεεξ
888 1974 1135 2051 licktdie‘iies
1154 1985 1197 2051 ¹2¹
1206 1974 1289 2051 011,st
1294 1974 1463 2052 τὶοῑιὲἰς
1480 1983 1558 2051 ῗὲια

153 2028 174 2052 ο
203 2029 348 2052 scurum
381 2030 471 2053 esse.
556 2029 597 2051 ec
651 2029 673 2051 u
701 2029 737 2052 ia
766 2027 804 2050 es
922 2029 965 2051 es
998 2029 1050 2051 an
1089 2029 1140 2052 en
1196 2029 1218 2051 a
1258 2030 1276 2052 e
1323 2035 1364 2042 —-·
1421 2028 1474 2051 πε

157 2064 252 2096 ratio
312 2065 518 2096 ammatica.
537 2063 721 2096 Confusae
738 2065 823 2095 sunt
890 2029 996 2101 Ξούς
1019 2057 1083 2096 ἐπ.
1131 2063 1312 2104 Loquitur
1334 2063 1438 2106 qussi
1455 2072 1561 2105 prae·

157 2107 252 2140 enim
292 2118 362 2141 nae
381 2108 685 2141 constructiones.
709 2107 823 2159 Quip·
892 2108 1066 2140 cessisset
1082 2106 1229 2159 πρῶτον
1236 2105 1327 2162 υμὲν.
1362 2106 1480 2139 scalth-

181 2162 200 2184 e
231 2153 433 2185 orationem
464 2153 517 2185 sic
544 2151 703 2185 ordiens:
737 2162 825 2190 τους
936 2152 979 2185 Ε.
997 2153 1093 2189 τοις
1111 2153 1270 2189 αυτοις
1287 2150 1559 2193 τεκμηρίοις

155 2162 199 2229 g}
231 2191 431 2239 ανδρείους
463 2207 511 2235 ως
542 2206 587 2229 ου
615 2197 671 2229 θα
696 2193 823 2238 ραλὲοι
893 2190 1098 2238 τούτοις]
1129 2195 1185 2228 his
1208 2195 1336 2227 iisdem
1367 2204 1558 2237 argumen-

156 2237 242 2282 εἰσί,
260 2241 340 2274 sola
355 2241 470 2274 verba
486 2234 611 2283 οὖδαμ
615 2239 660 2274 οὔ
643 2207 824 2274 Ξπέδει-
891 2241 951 2273 tis.
969 2240 1017 2272 cf.
1034 2250 1067 2282 p.
1085 2240 1150 2272 320
1167 2239 1208 2272 A.
1226 2242 1292 2273 355
1309 2240 1338 2271 Ε
1363 2242 1399 2272 et
1415 2238 1559 2281 Kriiger

157 2283 224 2326 ξας
250 2285 287 2317 ixi
312 2286 431 2319 animo
455 2285 627 2318 habebat.
675 2284 746 2317 Sed
768 2284 823 2316 his
892 2284 953 2317 Gr
972 2286 1097 2324 50.11,
1119 2285 1170 2316 19.

154 2338 262 2380 quum
284 2330 535 2371 praemisisset
557 2324 597 2363 τὸ
623 2323 714 2372 ἐμὸν
736 2323 823 2371 ὁμο·
936 2328 976 2360 Ρ.
1000 2329 1076 2361 351.
1131 2328 1171 2360 Β.
1205 2323 1377 2370 θάρσος
1401 2343 1447 2350 -
1467 2320 1555 2359 α’κὸ

156 2367 320 2416 λόγημα,
352 2374 539 2416 superiora
568 2374 685 2407 veluti
707 2373 821 2424 negli-
892 2370 1055 2416 τέχνης
1086 2372 1201 2415 γίγν.
1212 2370 1225 2416 ]
1261 2371 1451 2405 Sententia
1467 2371 1559 2403 haec

156 2427 247 2470 gens
267 2398 441 2471 deinceps
465 2417 606 2450 addidit
627 2419 735 2452 haec.
774 2411 823 2455 ὥς
892 2420 964 2449 est:
1006 2417 1044 2449 Si
1077 2418 1280 2449 urinatores
1311 2417 1349 2448 in
1371 2418 1499 2458 puteos
1520 2423 1560 2446 se

157 2455 226 2495 οὐκ
258 2456 385 2514 ὀρθῶς
415 2457 649 2514 ὡμολόγησα.
695 2462 827 2503 Itaque
895 2461 1090 2502 deiieiunt,
1109 2470 1328 2503 quemquam
1345 2459 1402 2492 ini
1418 2457 1560 2501 quidem

155 2508 240 2549 post
269 2501 311 2540 τὸ
342 2501 433 2549 ἐμὸν
458 2502 682 2558 ὁμολογημα
721 2516 825 2549 prae·
895 2516 970 2538 rem
1003 2505 1138 2538 audent
1177 2506 1260 2538 aliis
1291 2502 1490 2537 terribilem
1522 2506 1560 2534 et

157 2554 268 2584 eunte
290 2550 419 2584 Astio
447 2545 683 2595 ὑποστιγμὴν
706 2551 825 2593 posui·
894 2550 1153 2592 periculosam,
1192 2554 1313 2582 tamen
1344 2548 1455 2580 fortes
1488 2555 1560 2579 non

155 2605 245 2627 mus.
277 2595 494 2629 Germanice
513 2595 605 2628 haec
622 2596 826 2628 imitatione
894 2593 1038 2627 dicendi
1055 2597 1151 2635 sunt,
1171 2597 1298 2636 utpote
1315 2590 1482 2625 urinandi
1500 2600 1560 2622 ar-

157 2640 337 2682 exprimas
375 2640 448 2673 sic:
488 2639 587 2672 dass
620 2640 725 2673 aber
756 2639 825 2672 die
893 2639 941 2670 tis
974 2638 1100 2681 periti3
1149 2648 1217 2671 nec
1242 2636 1375 2690 magis
1403 2645 1463 2667 eos
1497 2634 1559 2677 qui

159 2683 387 2727 Tepferen
403 2684 529 2717 nicht
545 2684 689 2717 dreist
705 2682 822 2721 siud,
892 2686 1012 2715 mente
1042 2686 1078 2715 et
1100 2683 1153 2715 ira
1182 2682 1324 2715 incitati
1346 2679 1464 2712 simile
1488 2678 1559 2711 aii-

158 2737 244 2761 was
265 2729 378 2762 mein
394 2729 420 2762 Z
435 2738 458 2761 u
471 2739 495 2772 g
508 2739 526 2761 e
541 2738 557 2760 s
573 2730 620 2760 tii
634 2739 657 2760 n
673 2728 695 2760 d
711 2739 733 2760 n
749 2729 761 2760 i
775 2737 792 2760 s
806 2737 824 2760 s
893 2726 977 2768 quid
995 2727 1118 2760 facere
1141 2725 1417 2777 aggrediuntur,
1442 2723 1557 2756 fortes

156 2781 244 2804 war
277 2771 375 2814 (dass
406 2773 463 2806 die
496 2773 680 2816 Tapteren
711 2772 826 2805 dreist
891 2769 1039 2803 dixeris.
1072 2769 1260 2803 Fortitudo
1283 2769 1378 2802 enim
1402 2778 1469 2800 nec
1491 2767 1558 2799 im-

157 2816 271 2860 sind),
309 2817 386 2850 das
417 2818 519 2851 hest
551 2817 604 2850 du
636 2817 821 2849 keines·
890 2820 994 2857 peta,
1020 2815 1082 2856 qui
1097 2815 1200 2848 brevi
1221 2813 1462 2854 defervescit,
1486 2819 1556 2844 nec
