1696 2976
479 75 893 120 PRo'rAGoRAS.
921 83 964 122 P,
986 84 1065 118 327.
1098 79 1177 116 s'r.
1479 77 1531 120 87

120 200 163 243 εἰ
182 187 264 242 οὖν
278 193 392 241 οὕτω
409 195 482 241 καὶ
508 196 556 240 ἐν
579 191 918 253 αὐλήσειπᾶσαν
941 199 1199 256 προθυμίαν
1208 195 1282 241 καὶ
1305 192 1533 253 ἀφθονίαν

119 273 293 324 εἴχομεν
323 261 538 322 ἀλλήλους
571 261 812 322 διδάσκειν,
854 272 938 311 οἴει
961 263 1018 311 ἄν
1040 283 1104 322 τι,
1138 268 1238 323 ἔφη,
1271 265 1461 322 μᾶλλον,
1497 256 1533 309 ὦ

119 331 376 393 Σώκρατες,
407 333 497 377 τῶν
530 329 715 389 ἀγαθῶν
746 330 951 391 αὐλητῶν
982 329 1181 392 ἀγαθοῦς
1213 328 1405 390 αὐλητὰς
1429 329 1531 386 τούς

118 405 230 454 υἱεῖς
254 405 488 459 γίγνεσθαι
511 396 539 457 ἢ
562 401 652 446 τῶν
674 399 882 459 φαύλων;
923 400 1044 460 οἶμαι
1069 400 1152 460 μὲν
1176 397 1253 458 οὔ,
1288 397 1400 445 ἀλλά
1426 397 1530 446 ὅτου

118 474 272 528 ἔτυχεν
302 467 325 515 ὁ
357 466 452 522 υἱὸς
485 465 779 526 εὐφυέστατος
807 467 1041 528 γενόμενος
1074 473 1136 522 εἰς
1161 466 1371 527 αὔλησιν,
1405 460 1531 522 οὗτος

117 535 173 583 ἂν
197 535 421 596 ἐλλόγιμος
446 533 643 595 ηὐξήθη,
667 535 771 583 ὅτου
796 538 844 583 δὲ·
868 535 1039 596 ἀφυής,
1065 534 1243 596 ἀκλεής·
1268 537 1342 581 καὶ
1365 535 1531 582 πολλά-

116 625 183 660 κις
214 605 296 664 μὲν
326 603 502 663 ἀγαθοῦ
533 602 724 663 αὐλητοῦ
756 608 925 664 φαῦλος
956 602 1012 651 ἂν
1044 603 1212 663 ἀπέβη,
1245 602 1454 658 πολλάκις
1479 602 1525 650 δ’

115 671 172 720 ἂν
194 671 370 732 φαύλου
401 670 580 731 ἀγαθός.
631 671 726 719 ἀλλ’
756 667 837 719 οὖν
864 671 1054 732 αὐληταί
1073 671 1114 731 γ’
1143 670 1199 719 ἂν
1231 671 1391 726 πάντες
1415 665 1530 731 ἦσαν

117 743 261 788 ἱκανοὶ
286 739 344 796 ὥς
368 739 475 801 πρὸς
499 739 601 795 τοὺς
627 740 802 796 ἰδιώτας
835 743 908 788 καὶ
931 743 1072 801 μηδὲν
1096 739 1324 799 αὐλήσεως
1352 743 1527 788 ἐπαΐον-

114 830 202 865 τας.
252 807 389 863 οὕτως
421 816 518 856 οἴου
549 811 623 855 καὶ
647 812 754 868 νῦν,
786 808 904 864 ὅστις
936 826 1007 856 σοι
1031 807 1298 863 ἀδικώτατος
1322 814 1528 867 φαίνεται

115 876 351 939 ἅνθρωπος
374 880 464 923 τῶν
488 879 537 924 ἐν
559 879 709 937 νόμοις
733 880 805 924 καὶ
830 875 1086 939 ἀνθρώποις
1103 878 1438 938 τεθραμμένων,
1459 881 1529 923 δι’-

205 966 245 999 C.
271 960 368 999 ἀλλ’
387 976 566 1009 ουν-γ

113 1012 315 1046 Nattmann
331 1011 374 1044 de
390 1011 487 1045 Plat.
505 1011 604 1043 Prot.
623 1022 656 1054 p.
676 1013 728 1043 12.

573 957 670 1009 ’ἀν]
691 966 795 999 Libri
813 977 937 1000 omnes
955 961 1041 1000 ἀλλ’
1060 955 1130 1000 οὖν
1150 983 1197 988 —-
1219 964 1324 1008 γοῦν.
1360 963 1530 998 conexit

204 1050 347 1108 οὕτως
379 1054 480 1089 οἱόυ
502 1054 604 1108 καὶ]
639 1057 745 1089 Haec
767 1057 942 1090 librorum
966 1057 1149 1100 scriptura
1167 1067 1189 1090 a
1206 1038 1369 1099 Sauppio
1386 1058 1529 1089 mutata

115 1104 197 1137 est
187 1114 225 1135 ιιι
242 1095 360 1141 οὕτως
378 1094 455 1147 ᾤου
471 1112 556 1144 nav,
575 1101 652 1136 sed.
669 1113 703 1137 v
722 1112 807 1135 ann.

161 1179 203 1216 εἰ
254 1192 334 1214 ουν
376 1191 493 1214 ουτω
531 1178 591 1224 -]
647 1181 789 1214 Paren-

114 1228 212 1261 thesi
244 1226 415 1260 absoluta
444 1221 640 1259 reveititur
670 1227 789 1259 oratio

114 1273 208 1306 unde
225 1272 393 1315 digressa
411 1274 506 1303 erat:
542 1271 646 1304 cuius
661 1272 717 1304 rei
732 1272 786 1303 in-

115 1319 250 1351 dicium
282 1317 375 1350 facit
391 1327 473 1358 ουν,
506 1319 547 1348 ut
568 1316 691 1359 Euthy
693 1316 785 1349 dem.

115 1363 292 1407 p.290B.
311 1363 352 1396 G.
385 1361 491 1404 Apol.
509 1361 608 1394 Socr.
627 1373 661 1404 p.
667 1328 784 1395 y29D.

115 1420 150 1451 p
167 1410 212 1442 40
233 1408 278 1442 D.
328 1407 493 1450 Sympos.
516 1418 551 1449 p.
576 1408 640 1440 201
658 1408 704 1440 D.
738 1407 787 1442 al

116 1454 235 1488 Stallb.

161 1498 251 1533 οἴει
269 1509 325 1532 αν
355 1509 416 1540 τι,
451 1494 559 1550 ἔφη,
592 1495 784 1542 μᾶλλον]

114 1543 367 1588 Exspectabas
388 1538 533 1586 μᾶλλόν
561 1554 609 1575 τι.
659 1542 730 1575 Sed
752 1554 786 1576 v.

115 1590 308 1645 Xenoph.
322 1588 475 1641 Cyrop.
497 1589 531 1626 Ι
550 1589 665 1627 6,11:
714 1586 788 1621 οἴει

115 1647 164 1678 τι,
195 1646 283 1688 εφη,
312 1625 428 1677 ἦττον
455 1633 567 1666 τοῦτο
598 1629 697 1667 εἶναι
727 1631 787 1667 αἰ-

115 1676 240 1725 σχρόν.

161 1726 201 1758 C.
260 1736 311 1758 ου
325 1735 399 1763 τος
443 1716 507 1776 ἂν(
544 1718 786 1777 ἐλλόγιμος

115 1765 322 1825 ηὐξήθη]
356 1770 379 1801 i.
399 1780 428 1802 e.
463 1760 574 1807 οὗτος
598 1780 646 1801 αν
668 1764 788 1812 ηυξή-

116 1817 172 1859 θη
190 1825 282 1849 ωστε
300 1807 420 1857 ἕλλόγ.
444 1814 660 1857 γίγνεσθαι
699 1816 790 1847 Fre—

117 1871 233 1904 quens
251 1864 307 1893 est
322 1861 416 1892 haec
431 1860 622 1893 verborum
639 1852 787 1911 αυξειν,

117 1906 254 1949 αἴρειν,
281 1906 416 1947 τελεῖν,
441 1899 658 1947 παιδεύειν,
677 1899 788 1938 διδα-

117 1962 235 1994 σκειν,
245 1952 296 1984 al.
312 1951 548 1989 constructio,
556 1960 788 1993 quamgram-

117 1997 244 2030 matici
272 1995 462 2039 appellant
483 1995 670 2038 prolepsin
688 1995 788 2028 adie—

119 2043 219 2075 ctivi.
265 2040 556 2074 Demosthen.
587 2051 638 2073 or.
673 2043 715 2079 2,
749 2043 786 2075 5:

117 2081 451 2130 παρακρουόμενος
468 2082 585 2128 μέγας
593 2080 789 2128 νῦνηύξή-

118 2131 413 2186 θη.Ρ13,1’,.(1θ
424 2131 601 2187 Republ.
624 2131 723 2164 VIII.
755 2141 789 2173 p.

117 2180 182 2212 565
201 2177 249 2210 C:
267 2187 334 2210 ενα
351 2187 436 2210 τινα
453 2186 514 2209 αει
531 2175 651 2228 δῆμος
676 2175 792 2209 εἴωθε

121 2250 129 2257 .
150 2250 157 2257 .
183 2220 337 2265 τρέφειν
358 2232 398 2255 τε
418 2219 485 2254 καὶ
502 2215 636 2262 αυξειν
658 2219 790 2274 μέγαν.

119 2268 326 2309 Aeschyl.
349 2269 406 2307 Ag
409 2277 477 2299 am.
500 2277 536 2301 v.
553 2269 635 2300 761:
668 2277 789 2310 μεγαν

121 2310 349 2347 τελεσθέντα
370 2277 498 2355 ὄλβον.
531 2312 682 2355 Eurip.
714 2313 787 2344 He-

119 2358 248 2392 raclid.
271 2369 305 2391 v.
329 2359 411 2390 575:
450 2356 610 2390 δίδασκε
633 2352 790 2400 σοφούς,

121 2403 252 2437 redde
277 2403 535 2444 sapientes,
561 2402 604 2434 de
636 2412 706 2444 quo
727 2413 788 2445 ge-

118 2459 206 2481 nere
229 2447 403 2489 loquendi
425 2447 594 2479 consulas
615 2447 791 2490 imprimis

120 2493 311 2527 Bentlei.
359 2493 478 2534 Epist.
504 2492 550 2524 ad
571 2492 666 2526 Mill.
681 2503 716 2535 p.
736 2494 789 2525 18.

120 2538 341 2571 Valcken.
375 2537 534 2571 Diatrib.
551 2548 585 2580 p.
599 2538 675 2571 205.
694 2538 790 2570 Ahl-

120 2594 269 2626 meyer
285 2583 328 2615 de
347 2582 509 2625 prolepsi
525 2583 683 2625 poetica.
721 2583 792 2616 Pa-

121 2629 277 2662 derborn
296 2629 392 2662 1827.
440 2627 591 2668 Meyer
615 2638 791 2661 commen-

122 2673 213 2706 tatio
237 2674 280 2706 de
305 2673 549 2716 epithetorum
581 2676 723 2706 ornant.
755 2674 794 2706 vi

124 2721 161 2750 et
191 2721 336 2753 natura.
389 2718 513 2750 Eutin.
547 2719 643 2752 1837.
689 2719 791 2752 Aen.

123 2762 256 2795 Koch.
310 2764 400 2796 Luc.
440 2763 549 2796 Char.
589 2773 623 2805 p.
647 2764 690 2796 52
713 2774 792 2805 sqq.

124 2807 242 2844 Scallb.
260 2808 518 2852 Comparativo
528 2818 613 2841 usus
622 2809 793 2843 estPlato

856 1182 899 1215 de
930 1182 1021 1224 Leg.
1054 1193 1089 1225 p.
1107 1182 1171 1214 681
1194 1180 1242 1213 A:
1277 1179 1352 1213 τῶν
1382 1174 1532 1223 οἰκήσε-

856 1239 907 1261 ων
923 1222 1106 1270 μειζόνων
1122 1221 1406 1278 αὐξανομένων.
1431 1226 1530 1257 Thu-

857 1273 935 1326 cyd.
953 1273 1014 1307 IV.
1035 1274 1117 1305 1712
1135 1282 1224 1310 τους
1241 1266 1375 1314 λόγους
1391 1281 1531 1314 μακρο-

856 1315 985 1361 τέρους
1008 1312 1053 1350 οὐ
1080 1316 1339 1369 μηκυνοῦμεν.
1367 1333 1412 1340 —
1457 1316 1530 1349 De—

855 1363 940 1396 inde
958 1363 1004 1396 ad
1018 1357 1157 1417 ακλεής
1170 1373 1236 1405 per
1254 1372 1407 1405 zeugma
1422 1361 1531 1394 intel-

854 1408 1042 1461 ligendum
1053 1402 1221 1460 ἐγένετο.

902 1447 1000 1486 αλλ’
1017 1464 1099 1486 ουν
1115 1447 1331 1506 αὐληταί
1343 1445 1382 1495 γ’
1399 1463 1456 1485 αν
1472 1450 1528 1494 π.]

854 1492 1135 1550 ῈιοᾳιιοιιεάλΓ
1152 1489 1275 1531 οὖν-
1291 1507 1345 1549 γε.
1371 1497 1531 1552 Sophist.

856 1555 891 1587 p.
910 1545 976 1576 254
994 1543 1038 1576 C:
1072 1537 1157 1576 ἀλλ’
1183 1553 1252 1576 ουν
1262 1537 1389 1594 λόγου
1413 1553 1455 1585 γε
1472 1536 1531 1576 ἒν-

857 1589 957 1627 δεεῑς
995 1585 1118 1632 μηδὲν
1154 1582 1390 1643 γιγνώμεθα
1453 1587 1531 1620 Ae-

856 1635 996 1668 schin.
1007 1645 1058 1668 or.
1067 1636 1099 1675 3,
1110 1635 1170 1666 11:
1182 1627 1266 1666 αλλ’
1282 1643 1353 1666 ουν
1366 1627 1531 1684 προβαλ-

857 1679 966 1712 λεταί
979 1676 1020 1722 γε’
1038 1691 1074 1712 τι
1091 1673 1163 1730 πρὸ
1182 1677 1249 1721 τῆς
1267 1675 1331 1711 alc
1357 1673 1462 1721 ὐνης.
1482 1678 1531 1711 al.

855 1724 998 1757 Deinde
1022 1719 1071 1762 ὡς
1088 1718 1182 1766 πρὸς
1206 1718 1295 1762 τούς
1336 1722 1371 1756 δ.
1392 1726 1465 1756 est:
1500 1724 1532 1755 si

857 1781 937 1803 cum
955 1769 1105 1802 rudibus
1123 1771 1392 1811 comparentur.
1408 1769 1528 1802 Stallb.

902 1825 1047 1853 ουτως
1071 1813 1172 1847 οἰόυ
1195 1811 1275 1846 καὶ
1300 1810 1399 1857 νῦν]
1433 1814 1479 1845 Η.
1499 1824 1531 1846 e.

853 1859 1154 1912 quemadmodum
1183 1858 1301 1890 credis
1333 1858 1384 1912 (v.
1414 1869 1447 1901 p.
1466 1860 1531 1892 327

855 1906 903 1938 B:
923 1905 996 1938 οἰέι
1013 1916 1063 1938 αν
1080 1916 1114 1936 τι
1132 1903 1278 1947 μᾶλλον
1293 1897 1359 1936 κτὲ
1372 1906 1408 1936 et
1424 1899 1531 1946 οἶμαι

856 1947 926 1994 μὲν
942 1943 1022 2003 ου),
1047 1950 1080 1982 si
1095 1950 1227 1982 civitas
1245 1952 1344 1982 stare
1360 1959 1433 1982 non
1449 1959 1531 1991 pos-

857 1998 925 2035 set,
942 1996 1015 2028 nisi
1038 2005 1161 2027 omnes
1185 1995 1286 2027 cives
1309 1997 1432 2027 essent
1446 1994 1531 2026 tibi-

858 2042 973 2082 cines,
991 2043 1106 2073 artem
1123 2040 1215 2072 tibia
1225 2039 1380 2072 canendi
1396 2040 1533 2072 nemini

859 2086 1079 2123 defuturam,
1098 2085 1150 2117 ita
1173 2095 1269 2117 nunc
1287 2095 1429 2126 quoque
1456 2085 1530 2116 exi-

859 2133 980 2172 stima,
998 2141 1119 2172 quum,
1128 2133 1169 2162 ut
1176 2130 1533 2167 vidimus,iustitiam

858 2178 898 2209 in
921 2176 1062 2209 civibus
1087 2176 1253 2208 omnibus
1282 2176 1404 2207 inesse
1427 2185 1532 2216 opor-

859 2224 948 2260 teat,
972 2222 1036 2263 qui
1058 2221 1127 2253 tibi
1148 2220 1321 2252 videatur
1335 2219 1535 2252 iniustissi-

859 2277 950 2306 mus,
969 2277 1048 2299 eum
1065 2265 1271 2318 praeditum
1291 2275 1372 2296 esse
1388 2265 1533 2296 iustitia

857 2315 968 2354 atque
1002 2311 1110 2352 adeo,
1144 2311 1175 2342 si
1208 2320 1288 2341 cum
1321 2310 1534 2352 agrestibus

858 2359 1105 2400 comparetur,
1132 2355 1334 2387 antistitem
1352 2354 1532 2397 quendam

860 2401 1093 2435 eiusvirtutis
1109 2410 1200 2432 esse.
1210 2400 1349 2448 Itaque
1364 2399 1533 2432 inverbis

860 2447 1014 2481 δίκαιον
1046 2440 1166 2478 αὐτὸν
1189 2447 1288 2478 εὶναι
1311 2446 1442 2487 partic.
1469 2455 1531 2485 αν,

860 2503 969 2535 quam
994 2490 1170 2524 excidisse
1195 2490 1340 2532 quidam
1365 2489 1535 2522 arbitrati

860 2540 957 2577 sunt,
972 2547 1037 2579 per
1047 2536 1256 2569 sententiae
1289 2535 1470 2567 rationem
1486 2544 1532 2566 ne

862 2583 952 2616 ferri
969 2581 1115 2632 quidem
1131 2583 1264 2623 potest.

909 2622 955 2660 ἐν
972 2621 1132 2669 νόμοις
1150 2623 1227 2658 καὶ
1244 2618 1529 2666 ἀνθρώποις]

862 2672 1128 2705 Stallbaumms
1136 2680 1279 2725 semper
1293 2670 1366 2701 sibi
1382 2669 1535 2701 molesta

861 2718 976 2750 fuisse
993 2712 1278 2749 dicitverbauocl
1296 2708 1531 2756 ἀνθρώποις,

861 2763 926 2796 sed
943 2762 1090 2805 egregie
1111 2761 1343 2793 illustrantur
1357 2759 1534 2791 Isocratis

862 2809 943 2841 loco
982 2818 1033 2843 or.
1064 2807 1112 2844 II.
1147 2808 1180 2848 2,
1227 2805 1265 2836 in
1303 2814 1373 2849 quo
1410 2806 1533 2839 orator
