1696 2976
14 0 37 30 {²-

461 94 876 134 PROTAGORAS.
907 95 949 133 P.
971 99 1052 135 315.
1081 95 1163 134 ST.
1467 90 1522 133 51

107 210 253 266 νώσας
278 213 417 267 ξένοις
449 209 692 258 κατάλυσιν
715 215 969 270 πεποίηκεν.
1019 209 1043 257 ὁ
1075 211 1158 270 μὲν
1189 203 1271 256 οὖν
1302 207 1524 269 Πρόδικος

107 285 171 327 ἔτι
195 284 439 339 κατέκειτο,
465 280 842 338 ἐγκεκαλυμμένος
875 282 923 326 ἐν
956 283 1134 334 κωδίοις
1165 279 1255 324 τισὶ
1285 279 1360 324 καὶ
1384 276 1524 336 στρώ-

106 367 212 408 μασι
238 351 311 395 καὶ
334 348 452 408 μάλα
475 354 668 405 πολλοῖς,
683 345 752 411 ,ὡς
778 349 1005 406 ἐφαίνετο·
1031 345 1344 407 παρεκάθηντο
1369 346 1419 392 δὲ
1443 344 1526 391 αὐ-

106 421 166 479 τῷ
193 419 264 464 ἐπὶ
287 428 382 471 ταῖς
406 421 595 475 πλησίον
618 420 788 469 κλίναις
814 421 1076 470 Παυσανίας
1099 435 1146 462 τε
1169 414 1190 461 ὁ
1218 417 1266 462 ἐκ
1283 415 1527 483 Κεραμέων

107 487 181 532 καὶ
212 484 320 545 μετὰ
345 489 609 532 Παυσανίου
633 485 736 531 νέον
766 503 807 530 τι
840 489 902 530 ἔτι
927 484 1201 567 μειράκιον,ῗ
1222 483 1280 538 ὡς
1311 502 1392 542 μεν
1416 475 1528 544 ἐγῴ-

106 574 200 613 μαι,
226 552 362 600 καλόν
384 573 432 600 τε
463 551 666 612 κάγαθὸν
688 551 770 610 τὴν
793 550 947 611 φύσιν,
972 552 1055 612 τὴν
1079 551 1120 598 δ’
1150 553 1233 598 οὐν
1258 554 1384 598 ἰδέαν
1407 549 1527 598 πάνυ

107 621 249 677 καλός.
289 624 421 677 ἔδοξα
449 620 636 668 ἀκοῦσαι
674 618 813 680 ὄνομα
851 620 972 683 αὐτῷ
1016 621 1130 667 εἶναι
1155 619 1406 679 Ἀγαθωνα,
1455 620 1528 665 καὶ

197 756 243 791 D
270 766 377 790 νεον
394 767 434 788 τι
454 752 520 789 ἔτι
538 765 639 798 μειρ

645 752 677 806 .]
699 753 872 787 Additum
895 766 930 787 τι
950 766 995 787 ex
1013 754 1115 789 codd.
1139 754 1324 797 plerisque
1348 754 1528 787 omnibus

198 802 241 837 Ε
269 767 1024 844 meavnoevvnoczogss30d1.vindob
1050 801 1134 832 Vat.
1154 798 1299 842 καλῶς,
1326 799 1423 841 quod
1445 809 1529 831 con-

107 846 228 879 firmat
244 851 432 890 receptam
455 847 664 881 lectionem.
709 846 909 889 Perperam
934 845 1144 889 Stephanus
1169 845 1378 888 corrigebat
1398 840 1530 887 καλόν,

109 903 319 935 quanquam
335 892 374 925 id
389 893 503 925 habet
520 892 631 925 Coisl.
651 894 687 924 et
703 892 788 925 Vat.
807 902 837 927 t.
854 902 889 925 v.
908 895 1034 926 annot

152 983 197 1017 D.
225 976 778 1034 ξένοιςκαταλυσινπεπ.]

107 1028 284 1062 Themist
303 1039 356 1063 or.
372 1030 415 1062 29
432 1040 468 1071 p.
485 1029 550 1061 347
567 1028 620 1060 D:
645 1022 664 1060 ὁ
682 1028 783 1060 Kal·

108 1073 192 1112 λίας
210 1068 420 1112 ἐκκενώσας
444 1068 485 1106 τὸ
511 1075 686 1116 ταμιεῖον
703 1075 783 1110 τοῖς

108 1122 310 1161 σοφισταις
365 1118 509 1161 ξενῶνα
552 1128 784 1152 κατεσκευα-

110 1174 214 1197 σατο.

154 1205 174 1242 ὁ
207 1206 290 1263 μὲν
326 1199 412 1243 οὖν
445 1204 683 1252 Πρόδικος
717 1205 783 1242 ἔτι

108 1266 130 1288 κ
141 1266 165 1287 α
176 1252 249 1288 τέκ
260 1265 355 1288 ειτο
392 1252 458 1298 —-]
515 1255 787 1288 Describuntur

110 1311 228 1333 mores
256 1301 413 1334 hominis
435 1300 556 1333 mollis
586 1303 622 1332 et
645 1299 785 1332 delica-

109 1346 192 1379 tuli.
244 1346 380 1379 Narrat
405 1347 501 1378 enim
522 1346 785 1378 Philostra-

109 1394 181 1424 tus
219 1391 295 1425 Vit.
338 1391 500 1434 Sophist.
533 1391 617 1425 XII.
648 1402 683 1434 p.
706 1391 786 1423 496.

111 1435 166 1469 ed.
192 1436 316 1471 Olear.
341 1437 535 1470 Prodicum
552 1437 668 1480 fuisse
697 1436 787 1468 mol-

109 1482 206 1515 litiei
247 1485 284 1515 et
322 1483 574 1526 voluptatibus
613 1481 785 1515 deditum.

110 1527 230 1560 Stallb.

155 1567 203 1606 ἐν
229 1571 438 1617 κωδίοις]
477 1572 601 1607 Schol.
632 1572 678 1606 ad
706 1572 787 1604 Ari-

109 1619 227 1672 stoph.
260 1620 369 1661 Equt
387 1630 423 1655 v
440 1620 526 1652 400.
549 1613 692 1652 κώδιόν
710 1612 787 1651 ἔστι

109 1658 412 1753 ξίευῖἕοίειὶἶῗ
417 1676 434 1703 ‘³
448 1659 789 1743 υῗρέἵέἕῑωὶῗῖιῖῖ

109 1759 184 1787 un'a
202 1755 299 1798 pelle
316 1755 361 1788 ad
378 1765 508 1798 corpus
525 1757 563 1787 in
580 1755 744 1787 lectulo·
734 1766 790 1786 m-

110 1800 308 1853 tegendum
323 1802 452 1852 utitur,
476 1801 530 1833 ita
547 1800 787 1843 Phidippides

112 1840 154 1879 έν
175 1842 288 1879 πέντε
311 1840 483 1889 σισύραις
514 1840 788 1890 ἐγκεκορδυλη-

111 1888 223 1934 μένος
258 1890 367 1933 (Nub.
400 1890 516 1933 v.10)
558 1891 707 1931 dormit;
742 1891 788 1923 ad

112 1947 235 1989 guem
244 1936 363 1970 locum
391 1936 630 1969 scholiastes.
664 1933 790 1969 ἰστέον

111 1993 171 2015 οτι
190 1977 369 2026 λήγοντος
382 1981 450 2015 τοῦ
463 1981 659 2025 χειμῶνος,
678 1976 789 2033 ἄρχο-

112 2027 235 2079 μένου
253 2024 296 2061 δὲ
321 2027 388 2060 τοῦ
413 2024 522 2070 ἔαρος
546 2027 718 2071 γίγνεται
741 2038 789 2060 τα

114 2068 301 2106 Διονυσια
315 2073 462 2126 (quibus
471 2073 596 2106 Nubes
604 2072 720 2105 doceb
726 2083 790 2104 ἰιι

113 2118 198 2161 tur),
218 2128 312 2152 ωστε
327 2114 393 2151 διὰ
413 2115 454 2151 τὸ
468 2114 583 2161 κρύος
596 2116 662 2151 καὶ
676 2116 789 2151 πέντε

113 2159 356 2219 περιβόλαια
377 2163 682 2207 περιβεβλῆσθαι
723 2159 790 2199 τὸν

114 2220 214 2243 υιον.
261 2211 318 2242 De
347 2210 478 2242 iisdem
512 2209 639 2242 diebus
668 2210 788 2250 festis,

114 2256 177 2297 qui
188 2265 313 2287 mense
321 2255 613 2298 Elaphebolione
627 2256 789 2298 ageban-

114 2303 184 2343 tur,
202 2301 263 2333 hic
277 2311 419 2343 quoque
444 2311 486 2333 eo
510 2301 628 2344 magis
645 2300 791 2333 videtur

115 2346 369 2389 cogitandum,
400 2346 494 2388 quod
523 2357 566 2378 eo
597 2347 677 2389 ipso
700 2349 789 2378 tem-

113 2402 201 2435 pore
215 2391 323 2424 multi
334 2391 500 2424 homines
511 2391 669 2434 undique
680 2391 790 2424 Athe-

114 2447 182 2470 nas
200 2437 395 2470 convenire
413 2436 601 2477 solebant3
618 2448 653 2471 v.
666 2436 789 2470 Schol.

116 2482 163 2515 ad
177 2482 327 2525 Aristop
329 2483 365 2515 h.
381 2482 472 2514 Ach.
489 2492 523 2515 V.
540 2483 607 2515 503
623 2492 665 2524 sq

161 2526 255 2561 τισὶ
272 2546 317 2551 -
339 2525 416 2561 καὶ
440 2521 560 2569 μαλα
582 2526 786 2580 πολλοῖς]

115 2573 302 2609 Phaedon
320 2585 354 2616 p.
372 2574 416 2606 58
428 2573 481 2605 D:
498 2568 675 2616 παρῆσαν
691 2584 791 2612 τινες

116 2617 182 2651 καὶ
204 2619 340 2652 πολλοί
364 2629 419 2662 γ.ε
418 2618 582 2671 Cratyl.
604 2629 639 2662 p.
657 2619 723 2652 386
740 2619 789 2650 Β.

117 2659 297 2703 πολλάκις
315 2631 386 2707 δὴγ
379 2658 475 2697 αὐτο
489 2664 682 2716 πέπονθα,
697 2673 790 2697 ωστε

118 2718 183 2751 μοι
199 2708 330 2744 ouum
352 2705 455 2743 πάνυ
478 2703 671 2766 πονηροὺς
689 2705 794 2743 εἷναί

119 2765 228 2805 τινας
244 2750 473 2798 ἅνθρωπους
504 2752 572 2787 καὶ
594 2749 696 2798 μαλα
725 2764 790 2788 συ-

119 2793 244 2842 χνούς.
270 2800 380 2844 Gorg
398 2812 431 2844 p
448 2801 515 2833 455
532 2799 570 2832 C.
591 2800 640 2835 al

166 2845 438 2885 Παυσανίας
482 2841 501 2878 ὁ
536 2840 589 2878 ἐκ
643 2846 788 2890 Κερα-

851 979 903 1026 μέ
912 979 986 1025 ων]
1012 982 1221 1014 Pausanias
1243 982 1303 1014 hic
1319 992 1414 1014 unus
1445 992 1526 1024 pro-

851 1031 932 1071 pter
949 1028 1066 1069 patris
1090 1038 1134 1060 ao
1157 1028 1304 1071 generis
1317 1027 1533 1071 ignobilita-

851 1077 937 1115 tem,
955 1074 1029 1105 nisi
1041 1073 1165 1114 fallor,
1184 1073 1283 1116 pagi,
1302 1072 1396 1105 unde
1410 1073 1532 1105 oriun-

853 1119 919 1154 dus
961 1121 1040 1151 erat
1054 1144 1061 1156 ‚
1103 1119 1268 1160 nomine,
1309 1129 1382 1150 non
1414 1119 1531 1161 patris

852 1164 1070 1207 designatus
1094 1168 1163 1199 est.
1202 1164 1286 1207 Ipse
1310 1167 1434 1197 autem
1458 1163 1530 1195 fuit

852 1210 959 1242 homo
978 1209 1259 1252 eruditissimus,
1277 1210 1340 1251 qui
1356 1212 1532 1252 quantum

857 1255 1005 1287 Prodici
1052 1255 1251 1298 disciplina
1298 1255 1532 1298 profecisset,

854 1301 1019 1334 oratione
1052 1300 1108 1333 'de
1146 1300 1291 1333 Amoris
1333 1301 1533 1333 virtutibus

855 1346 951 1389 apud
959 1346 1188 1389 Agathonem
1203 1346 1378 1379 convivas
1395 1345 1532 1378 docuit.

855 1393 910 1424 Ex
924 1402 995 1434 qua
1005 1392 1171 1424 oratione
1186 1392 1257 1424 huc
1265 1393 1427 1447 pertinet
1437 1391 1532 1423 haec

856 1438 934 1470 eius
950 1447 1021 1469 vox
1038 1436 1162 1490 Symp.
1180 1448 1214 1489 p
1235 1438 1297 1470 181
1316 1437 1369 1469 D.
1387 1432 1427 1470 οἷ
1442 1433 1534 1470 εἰλι-

854 1481 1008 1536 κρινῶς
1025 1477 1101 1515 ὑπὸ
1131 1478 1270 1515 τούτου
1300 1482 1367 1515 τοῦ
1397 1479 1533 1526 ἔρωτος

856 1523 1070 1583 αξρμημένοι
1109 1522 1179 1560 οὐκ
1218 1523 1236 1561 ἒ
1260 1527 1328 1561 ὦσι
1366 1527 1532 1570 παίδων,

855 1567 942 1606 αλλ’
961 1567 1122 1606 έπειδαν
1137 1566 1214 1628 ἤδη
1234 1585 1425 1626 αρχωνται
1439 1574 1535 1607 νοῦν

856 1618 989 1671 ἴσχειν,
1025 1618 1138 1652 τοῦτο
1168 1615 1211 1652 δὲ
1245 1615 1460 1671 πλησιάζει
1482 1618 1532 1664 τῷ

857 1674 1147 1720 γενειασκειν-
1160 1663 1256 1708 χρῆν
1273 1663 1315 1698 δὲ
1333 1663 1399 1698 καὶ
1416 1655 1535 1708 νόμον

859 1713 959 1743 ειναι
977 1705 1028 1753 μὴ
1047 1705 1139 1752 ε’ρᾶν
1154 1709 1320 1744 παί.δων

904 1753 1010 1789 νέον
1057 1767 1099 1788 τι
1152 1752 1218 1789 ἔτι
1262 1750 1527 1799 μειρακιον]

856 1801 1013 1844 Aga‘cho¹
1029 1811 1136 1843 quum
1150 1801 1296 1834 Socrati
1308 1802 1419 1844 plane
1434 1804 1536 1834 esset

856 1848 1023 1899 ignotus,
1054 1846 1159 1879 modo
1190 1857 1235 1879 ex
1258 1847 1381 1889 pueris
1406 1857 1534 1880 exces-

856 1893 950 1924 sisse
987 1895 1023 1924 et
1057 1893 1193 1924 aetatis
1229 1902 1365 1924 annum
1392 1895 1536 1925 sextum

858 1937 1038 1970 decimum
1056 1947 1177 1990 egisse
1183 1938 1379 1991 putandus
1397 1942 1464 1970 est.

903 1983 946 2017 Ε.
976 1994 1026 2025 τη
1038 1994 1060 2015 ν
1082 1977 1120 2015 δ’
1146 1994 1229 2016 ουν
1258 1980 1392 2017 ἰδέαν
1414 1979 1534 2016 πάνυ

858 1994 1103 2072 καλος]8ει(1
1116 2028 1195 2061 hoc
1209 2032 1310 2061 utut
1324 2032 1402 2070 est
1412 2032 1534 2062 certe

860 2073 1084 2106 admodum
1122 2075 1343 2107 formosus
1379 2077 1422 2107 et
1458 2085 1535 2107 ve-

859 2122 1029 2152 nustus.
1070 2119 1133 2152 Sic
1158 2121 1254 2152 enim
1277 2114 1316 2152 δ’
1341 2110 1411 2153 οὖν
1435 2120 1534 2152 acci-

859 2176 896 2208 p1
884 2164 1047 2206 i,endum
1080 2168 1121 2197 ut
1149 2176 1274 2208 saepe.
1303 2176 1338 2198 v.
1370 2165 1415 2198 ad
1439 2165 1532 2197 Tim.

858 2222 892 2253 p.
910 2212 953 2243 38
974 2211 1016 2242 B.
1067 2209 1206 2253 CratyL
1235 2212 1301 2243 415
1325 2210 1363 2243 C.
1398 2211 1464 2242 426
1487 2211 1532 2242 D.

860 2256 1118 2299 Stephanus
1136 2256 1287 2289 volebat
1304 2250 1434 2289 καλόν.
1454 2256 1535 2288 Νοιι

859 2311 962 2354 opus
980 2312 1014 2334 v.
1032 2301 1318 2334 phavorinus
1343 2312 1371 2354 ⁸3
1394 2312 1429 2336 v.
1446 2302 1534 2334 κλυ-

859 2342 934 2385 τός.
986 2347 1077 2385 Τοις
1106 2340 1324 2398 οὐδετέροις
1351 2341 1536 2390 ὀνόμασιν

858 2387 1040 2435 ἄρσενικα
1069 2389 1135 2424 καὶ
1164 2387 1340 2444 θηλυκα
1357 2387 1533 2433 ἐπίθετα,

859 2436 926 2470 καὶ
959 2448 1049 2480 μετο
1076 2432 1122 2476 ὰς
1156 2446 1360 2480 αρσενικας
1394 2448 1435 2471 τε
1468 2435 1534 2470 καὶ

860 2472 1036 2534 θηλυκὰς
1078 2481 1336 2535 πιφέρουσιν,
1358 2479 1442 2516 οἷον
1472 2493 1532 2515 ευ-

861 2523 964 2571 φυὴς
985 2527 1163 2584 παιδίον,
1197 2527 1263 2562 καὶ
1292 2523 1424 2581 κόριον
1445 2528 1536 2560 καλ-

861 2574 980 2626 λίστη,
998 2571 1065 2606 καὶ
1081 2569 1241 2628 γύναιον
1257 2568 1454 2628 ἐρχομένη,
1468 2571 1534 2606 καὶ

858 2614 1060 2662 μειράκιον
1082 2616 1201 2663 λέγων
1222 2630 1299 2653 κτε.
1324 2637 1371 2642 -
1393 2615 1534 2661 φύσις

861 2668 918 2697 est
949 2665 1204 2707 ingenium,
1246 2664 1426 2697 indoles
1444 2688 1455 2704 ‚
1494 2666 1535 2696 ut

858 2710 1012 2743 Theaet.
1029 2721 1063 2753 p.
1083 2711 1147 2743 142
1163 2711 1210 2743 D.
1237 2714 1273 2742 et
1290 2709 1340 2742 al.
1357 2710 1476 2743 Stallb.

906 2752 1046 2796 ἔδοξα
1069 2750 1288 2799 οἰκοῦσαι]
1310 2755 1423 2787 ‘visus
1446 2752 1537 2787 mihi

859 2811 938 2834 sum
955 2800 1100 2833 audire'
1126 2819 1167 2824 —
1192 2811 1321 2834 verum
1342 2811 1408 2843 pro
1434 2804 1535 2833 certo

860 2846 1044 2880 affirmare
1067 2857 1139 2880 non
1164 2846 1306 2886 ausim.
1325 2855 1434 2888 quum
1457 2845 1538 2879 fieri

1205 2900 1266 2943 4*
