1702 2924
0 356 5 390 l

0 396 3 422 ι

463 142 706 184 coneus
724 129 779 181 1³.
810 145 904 181 460.
934 143 994 181 ed.
1026 143 1083 181 St.

91 252 350 307 μεμαθηκὼς
376 252 539 300 δίκαιος
549 269 561 302 3
591 252 721 293 ΓΟΡ.
753 251 936 300 Πάντως
964 251 1118 305 δήπου.

41 335 46 339 ·
91 319 254 367 δίκαιος
273 319 416 360 δίκαιά
437 332 525 360 που
551 317 733 370 πράττει.

92 384 258 437 ἀνάγκη
298 380 376 424 τὸν
415 380 645 437 ῥητορικὸν
685 383 854 424 δίκαιον
891 377 1023 426 εἶναι,

94 449 327 502 βούλεσθαι
364 448 505 490 δίκαια
541 449 762 501 πράττεινς

98 510 321 556 Οὐδέποτε
357 516 441 567 ἄρα
481 514 735 568 βουλήσεται
769 509 795 554 ὅ
822 526 870 566 γε
896 512 1060 560 δίκαιος
1087 512 1262 553 ἀδικεῖν.

86 575 284 633 Ἀνάγκη.
340 580 441 620 ΣΩ.
502 575 591 620 Τὸν
612 570 658 620 δὲ
684 575 915 633 ῥητορικὸν
942 578 1106 631 ἀνάγκη
1136 574 1182 617 ἐκ
1207 578 1287 618 τοῦ
1314 576 1449 629 λόγου

475 646 600 686 ΓΟΡ.
651 644 754 685 Ναί.

91 711 260 765 λήσεται
287 710 312 752 ὁ
339 706 564 763 ῥητορικὸς
591 709 767 751 ἀδικεῖν.

91 645 260 687 δίκαιον
296 640 417 686 εἶναι.

794 318 919 358 ΓΟΡ.
974 316 1076 356 Ναί.

1369 142 1446 178 123

1175 250 1280 290 Σῼ.
1319 248 1376 290 ‘0
1404 246 1449 289 δὲ

1133 315 1236 356 ΣΩ.
1271 310 1449 355 Οὐκοῦν

1075 378 1154 421 τὸν
1196 378 1240 421 δὲ
1279 379 1448 421 δίκαιον

1350 446 1448 486 ΣιΩ..

1319 511 1362 551 Γ
1361 511 1448 551 ΟΡ,

824 449 865 488 Γ
866 448 950 488 ΟΡ.
996 446 1201 487 Φαίνεταί
1235 459 1295 498 γε.

810 644 912 685 ΣΩ.
967 637 1185 683 Οὐδέποτε
1221 644 1306 694 ἄρα
1345 642 1447 693 βου-

825 711 866 750 Γ
867 709 952 750 ΟΡ.
1006 703 1071 749 Οὐ
1099 707 1300 762 φαίνεταί
1324 721 1386 760 γε.

161 877 199 910 C.
247 875 319 909 τὸν
350 876 394 910 δὲ
426 876 604 910 δίκαιον
635 874 884 920 βούλεσθαι
909 876 939 909 δ.
965 875 1036 920 πρ.]
1068 876 1159 919 Aug.
1184 876 1326 908 Meerm.
1351 875 1448 907 Bodl.

92 923 234 956 Routhii
257 924 400 956 verbum
424 921 619 965 βούλεσθαι
642 933 725 963 om.-,
759 922 926 965 probante
951 921 1271 955 Schleiermachero
1302 925 1336 954 et
1359 921 1450 953 Bek-

90 969 193 1010 kero;
218 968 278 1001 sed
300 972 393 1002 reete
416 969 544 1001 habere
567 968 744 1012 vulgatam
768 968 859 1000 infra
881 967 1072 1000 docuimus.

90 1118 146 1154 ἀν.
166 1133 190 1152 τ.
219 1118 249 1162 ῥ.
269 1120 404 1154 δίκαιον
426 1116 517 1154 εἶναι
539 1122 735 1154 referuntur

89 1166 133 1199 ad
163 1167 339 1209 superiora
369 1167 450 1199 illa:
486 1163 627 1200 Ουκοῦν
650 1164 733 1199 κατὰ

90 1224 116 1244 τ.
141 1224 167 1243 τ.
197 1211 301 1266 λόγον
332 1212 388 1244 καὶ
420 1209 440 1244 ὁ
473 1209 512 1244 τὰ
537 1211 651 1244 δίκαια
674 1223 732 1251 με·

89 1254 256 1299 μαθηκώς
298 1256 451 1295 δί;καιος
495 1258 562 1290 ista
601 1261 731 1290 autem.

98 1300 166 1335 Tot·
182 1302 221 1334 δὲ
246 1301 382 1335 δικαιοι
406 1302 518 1335 δίκαια
541 1301 733 1345 βούλεσθαι

90 1345 271 1388 πρόιτε-ης
294 1349 485 1390 respiciunt
508 1349 550 1380 ad
572 1348 673 1380 haec:
698 1345 733 1380 Ὁ

89 1392 129 1425 δὲ
165 1392 294 1427 δίκαιος
330 1391 445 1425 δίκαιά
480 1405 548 1425 που
584 1393 733 1434 πράττει.

88 1437 260 1470 Videlicet
276 1449 320 1470 ex
334 1450 386 1478 eo,
407 1439 497 1481 quod
509 1439 624 1471 rhetor
640 1439 733 1471 iusta

88 1483 228 1524 didicit,
264 1484 439 1527 colligitur
467 1494 545 1516 cum
574 1494 650 1516 esse
681 1484 732 1516 iu-

89 1534 199 1569 stum,
222 1539 266 1560 ex
290 1539 330 1561 eo
353 1532 479 1570 autem,
503 1529 596 1571 quod
619 1530 732 1562 iustus

87 1574 177 1606 iuste
202 1574 297 1614 facit,
328 1575 463 1617 cogitur
485 1574 563 1615 hoc,
589 1579 630 1607 ut
652 1586 731 1607 eum

86 1619 176 1652 iuste
223 1629 325 1662 agere
370 1620 489 1652 velle
530 1624 730 1652 statuamus.

87 1665 260 1707 Deinceps
276 1669 389 1698 autem
408 1667 659 1709 argumentatio
679 1667 731 1698 sic

86 1709 259 1752 procedit:
305 1711 439 1751 Quum
476 1712 545 1743 vir
581 1712 730 1744 iustus

87 1755 129 1787 id
166 1756 439 1797 propositum
478 1760 647 1796 teneat,
685 1762 731 1788 ut

86 1805 191 1843 agat
236 1801 371 1841 iuste,
425 1803 730 1844 consequitur,

85 1849 132 1878 ut
155 1856 374 1888 nunquam
399 1847 564 1879 iniuste
588 1848 730 1880 facere

87 1891 210 1923 velit.
258 1892 344 1923 Iam
368 1903 471 1924 vero
496 1892 649 1925 rhetor
672 1903 730 1925 se-

86 1935 274 1968 cundum
322 1941 515 1969 nostram
553 1939 730 1970 ratioci-

86 1982 315 2014 nationem
352 1993 534 2015 necesse
568 1987 634 2015 est
670 1984 730 2014 iu-

85 2029 181 2059 stus
212 2027 284 2059 sit:
320 2038 421 2070 ergo
452 2039 505 2060 ne
537 2028 609 2060 hic
640 2030 730 2070 qui-

85 2071 179 2103 dem
197 2082 386 2114 unquam
406 2074 575 2106 iniuste
598 2085 728 2117 agere

86 2117 218 2149 volet.
264 2117 371 2150 Vides
407 2119 456 2150 ita
493 2120 610 2151 omnia
642 2120 728 2152 bene

84 2162 174 2194 inter
211 2173 247 2195 se
283 2163 464 2196 cohaerere
506 2175 618 2209 neque
654 2165 728 2197 sine

85 2206 211 2239 idonea
242 2218 363 2240 caussa
392 2208 447 2241 bis
470 2211 729 2243 commemorari

86 2250 147 2283 τὸν
179 2249 364 2294 ῥἠτορικὸι1
396 2255 532 2286 δίκαιον
554 2251 661 2293 εἶιηαι
698 2257 728 2288 si

85 2296 222 2339 quidem
239 2298 320 2330 inde
345 2309 365 2330 a
388 2299 503 2332 verbis
526 2299 587 2333 τὸν
611 2299 651 2333 δὲ
675 2300 727 2333 δι’·

85 2354 186 2374 καιον
210 2342 323 2375 δικαια
347 2342 595 2385 βούλεσθαι
621 2344 727 2386 πράτ-

84 2399 155 2419 τειν
191 2387 261 2420 alia
297 2399 378 2430 pars
419 2392 726 2433 argumentationis

85 2432 226 2470 orditur,
241 2434 276 2465 in
290 2444 358 2475 qna
375 2435 516 2467 verbum
533 2435 727 2477 βούλεσθαι

85 2478 253 2520 imprimis
287 2480 323 2510 vi
358 2490 422 2511 sua
456 2481 590 2513 eminet.
639 2483 726 2514 Nam

84 2534 128 2555 ex
158 2533 216 2561 eo,
251 2523 342 2565 quod
376 2525 487 2558 iustus
516 2526 605 2559 iuste
636 2531 727 2569 agat,

85 2567 261 2611 colligitur
302 2579 380 2601 eum
425 2572 527 2603 etiam
560 2576 726 2613 promto

85 2617 127 2645 et
172 2618 325 2655 parato
373 2617 516 2648 animo
554 2627 648 2649 esse
684 2617 727 2649 ad

84 2658 172 2691 iuste
196 2659 378 2702 agendum.
412 2661 501 2694 Sunt
522 2661 627 2704 igitur
650 2673 728 2696 con-

801 1121 976 1153 clusiones
1008 1120 1091 1153 hae·
1131 1117 1150 1152 ὁ
1183 1117 1221 1152 τὰ
1251 1120 1366 1152 δίκαια
1389 1131 1447 1159 με·

801 1164 970 1209 μαθηκώ9
986 1165 1135 1200 δικαιος.·
1158 1163 1177 1198 ό
1205 1162 1386 1208 ῥητορικὰ,ι
1411 1163 1448 1197 τὰ

803 1211 918 1244 δίκαια
941 1209 1141 1266 μεμάθηκα
1180 1211 1312 1245 δίκαιος
1335 1209 1403 1251 ἄρα
1429 1208 1447 1242 ὁ

804 1254 995 1299 (intonantis.
1019 1254 1052 1289 Ὁ
1075 1257 1209 1291 δίκαιος
1229 1256 1344 1289 δίκαια
1362 1255 1446 1298 βοί-

801 1303 890 1334 λεῖαι
916 1300 1098 1343 andnam:
1133 1301 1263 1336 δι’καιο9
1294 1299 1313 1334 ὀ
1348 1299 1446 1344 ῥητο-

804 1346 918 1387 ρικὸ9.·
949 1345 1120 1380 οὐδέποτε
1149 1345 1218 1388 ἄρα
1242 1346 1448 1390 βοιλήσεται
1494 1361 1506 1369 ·

800 1390 945 1426 ἀδικεῖν.
986 1394 1083 1433 Quae
1107 1393 1136 1425 si
1162 1404 1243 1425 vera
1265 1399 1356 1433 sunt,
1380 1403 1447 1434 quo

800 1440 875 1470 iure
891 1438 1446 1471 Sehleiermacherustrium

801 1484 958 1517 codicum
980 1485 1183 1516 auctoritate
1206 1483 1299 1515 istud
1323 1481 1445 1526 βούλε-

802 1530 887 1561 σθαι
923 1529 1156 1569 damnaverit,
1196 1540 1251 1561 me
1289 1529 1346 1562 vel
1376 1540 1445 1561 non

799 1580 959 1608 monente
974 1575 1205 1629 intelligitur.
1218 1575 1330 1615 Quam
1344 1574 1447 1607 facile

799 1624 914 1652 autem
947 1620 1024 1653 Ναι
1056 1624 1134 1663 post
1168 1615 1260 1652 εἶναι
1298 1621 1448 1663 potuerit

799 1665 968 1706 excidere,
991 1667 1102 1709 magis
1123 1666 1227 1698 etiam
1251 1665 1393 1707 patebit,
1418 1665 1446 1697 si

799 1711 1012 1753 reputaveris
1058 1712 1326 1753 colloquentium
1372 1721 1447 1753 per-

799 1767 904 1789 sonas
943 1757 980 1788 in
1018 1756 1117 1789 codd.
1154 1757 1276 1798 msptis
1311 1755 1446 1789 duobus

799 1802 936 1844 punctis
956 1802 992 1842 (·)
1018 1802 1164 1834 indicari
1188 1802 1309 1834 solere.
1347 1803 1446 1834 Unus

799 1847 872 1880 cod.
909 1848 1056 1879 Bekker.
1107 1858 1128 1879 a
1173 1857 1280 1879 manu
1318 1848 1446 1879 recenti

799 1894 962 1934 scriptum
994 1893 1134 1925 exhibet
1165 1892 1226 1924 τὸν
1259 1890 1446 1935 ῥητορικὸν

800 1938 936 1970 δίκαιοι
953 1933 1044 1970 εἶναι
1064 1936 1176 1972 οὕτως
1195 1936 1256 1971 τὸν
1270 1938 1309 1971 δὲ
1325 1950 1353 1970 κ.
1373 1951 1397 1970 τ.
1417 1939 1442 1970 λ.

799 1983 899 2016 Unde
929 1984 1006 2025 quis
1035 1988 1199 2026 reponat:
1232 2003 1275 2008 —-
1307 1984 1445 2016 δι’·καιοι

798 2024 899 2061 εἶναι.
945 2028 1051 2061 ΓΟΡ.
1090 2027 1217 2063 Οὕτως.
1264 2028 1335 2062 ΣΩ.
1377 2027 1445 2062 Τὸν

798 2073 838 2106 δὲ
861 2073 998 2106 δί’καιοι
1021 2087 1050 2106 κ.
1075 2087 1099 2106 τ.
1125 2076 1151 2106 λ.
1188 2074 1254 2108 Sed
1277 2085 1384 2117 quum
1408 2075 1443 2106 in

797 2121 918 2151 ceteris
942 2119 1041 2152 libris
1064 2120 1210 2152 voculae
1236 2119 1345 2154 οὕτως
1369 2121 1445 2152 nul—

797 2165 868 2197 lum
903 2169 1015 2197 exstet
1044 2166 1249 2207 vestigium,
1282 2165 1358 2198 Ναί
1386 2177 1444 2198 ex-

797 2210 921 2243 cidisse
969 2211 1192 2243 verisimilius
1238 2212 1443 2244 iudicamus.

797 2255 1013 2298 Quamquam
1033 2267 1102 2288 non
1129 2257 1274 2289 multum
1298 2257 1445 2289 relucter

797 2301 960 2344 Voegel
974 2302 1016 2332 in
1027 2312 1046 2333 o
1057 2326 1065 2341 ,
1091 2302 1150 2343 qui
1165 2301 1311 2344 probata
1327 2306 1444 2334 nostra

795 2347 1076 2388 interpretatione
1100 2347 1166 2379 isto
1192 2347 1270 2380 Ναί
1289 2358 1333 2379 ne
1356 2358 1442 2390 opus

795 2391 933 2433 quidem
952 2403 1026 2424 esse
1051 2396 1177 2424 censet.
1213 2394 1327 2433 Quum
1352 2394 1441 2426 enim

794 2437 922 2469 iustum
962 2447 1037 2469 esse
1075 2442 1243 2470 oratorem
1282 2439 1351 2470 iam
1387 2438 1442 2471 de-

796 2486 1024 2514 monstratum
1039 2483 1095 2522 sit,
1119 2483 1278 2516 Socrates
1293 2484 1442 2527 Gorgiae

796 2538 941 2559 assensu
986 2538 1056 2559 non
1101 2533 1301 2570 exspectato
1344 2540 1443 2572 argu—

797 2574 941 2604 mentari
984 2573 1105 2615 pergit.
1156 2574 1209 2606 De
1255 2578 1326 2606 toto
1364 2574 1442 2606 loco

796 2618 922 2661 dignus
937 2623 989 2650 est
1013 2619 1072 2660 qui
1094 2618 1230 2661 legatur
1254 2620 1442 2660 Quintil.

796 2664 961 2697 Institutt.
988 2663 1081 2696 Orat.
1100 2664 1144 2705 11,
1164 2663 1217 2697 15.
1243 2666 1272 2704 ἓ.
1290 2663 1334 2697 24
1349 2675 1442 2710 seqq.
