1682 2944
475 169 548 208 AD
577 167 822 208 GORGIAM
850 165 1121 206 PLATONIS.
1421 165 1470 201 41

126 284 391 337 philosophiae
418 282 631 322 rationibus
658 280 800 331 triplici
840 279 1006 318 nomine.
1064 278 1237 316 Primum
1265 275 1369 315 enim
1396 275 1476 314 vis

128 347 178 381 et
214 346 398 380 natura
434 340 517 378 eius
554 338 729 388 arguitur
765 336 948 375 scientiae
987 349 1031 374 ac
1067 334 1240 373 iustitiae
1276 346 1355 370 non
1393 345 1476 370 esse

130 412 271 449 capax,
321 395 570 449 quantumvis
621 408 707 433 eam
751 394 894 431 iactare
933 393 1073 431 soleat:
1124 405 1161 442 p.
1201 393 1294 428 448.
1333 392 1382 427 A.
1420 410 1478 416 —-

131 458 224 493 461.
245 457 305 492 A..
320 453 470 492 Deinde
498 465 639 490 usum
667 451 750 489 eius
772 449 989 488 ostenditur
1017 461 1101 487 esse
1120 460 1277 494 vanum,
1305 446 1477 498 quando·

129 511 284 563 quidem
311 509 495 560 potentia,
525 521 603 560 qua
630 521 671 546 se
698 507 814 558 potiri
841 519 953 557 posse
981 505 1179 554 glorietur,
1205 516 1343 542 revera
1368 503 1479 541 nulla

130 568 206 614 sit,⁴
221 580 341 619 quum
369 578 462 605 vera
489 564 663 615 potentia
690 577 768 602 non
795 563 837 601 in
865 562 1072 601 temeraria
1109 560 1302 607 lubidine,
1341 559 1408 598 sed
1436 559 1479 597 in

129 628 256 663 rectae
283 621 498 662 voluntatis
536 621 704 660 consiliis
741 624 938 658 cernatur:
967 633 1003 669 p.
1035 621 1127 656 461.
1158 619 1206 655 A.
1233 639 1290 644 —-
1321 619 1414 654 481.
1433 616 1476 654 B.

130 680 307 731 Denique
326 678 510 728 agendi
537 677 808 728 principia,
830 677 932 714 unde
952 675 1227 725 proficiscatur,
1246 674 1346 712 falsa
1361 677 1478 724 atque

128 736 258 787 turpia
285 749 368 774 esse
388 735 589 781 evincitur,
619 734 709 772 licet
737 733 784 771 iis
802 733 1013 783 plurimum
1031 730 1246 781 superbiat:
1274 744 1311 780 p.
1330 729 1476 768 481.c.

129 815 186 820 —
216 795 307 831 522.
345 793 390 830 E.
441 790 590 832 Quibus
627 790 804 828 omnibus
842 789 1045 839 explicatis
1082 787 1220 825 deinde
1258 785 1479 837 proceditur

129 850 179 887 ad
217 849 490 887 consideranda
526 860 591 894 ea,
641 859 740 898 quae
779 847 868 884 inde
907 846 955 883 ad
992 845 1097 884 vitae
1135 843 1325 882 actionem
1362 847 1479 894 atque

128 905 427 944 moderationem
455 908 749 955 consequantur.
793 903 959 941 Videtur
985 901 1105 951 igitur
1138 913 1275 950 operae
1311 899 1480 950 pretium

129 962 340 1012 paullisper
366 961 573 1011 dispicere,
612 960 801 1012 quomodo
829 959 972 1009 triplex
1010 959 1087 996 ista
1113 957 1276 995 materia
1304 970 1327 994 a
1354 956 1479 1006 philo-

130 1019 249 1069 sopho
277 1022 442 1057 tractata
481 1018 551 1064 sit,
590 1017 780 1068 siquidem
810 1029 859 1054 ex
889 1015 1006 1053 huius
1045 1014 1102 1052 rei
1130 1013 1271 1051 iudicio
1299 1026 1481 1062 magnam

129 1078 279 1126 partem
306 1075 448 1124 pendet
476 1073 647 1113 universi
676 1073 801 1123 operis
829 1072 1008 1110 subtilior
1034 1070 1304 1119 intelligentia.

213 1132 352 1182 Itaque
379 1131 545 1181 primum
580 1130 752 1182 quidem,
793 1129 981 1180 colloquio
1010 1141 1098 1166 cum
1126 1127 1287 1176 Gorgia,
1327 1126 1480 1164 scholae

130 1188 320 1238 principe,
359 1187 560 1234 instituto,
598 1187 773 1238 quaestio
801 1190 980 1225 versatur
1017 1185 1058 1222 in
1087 1184 1324 1234 exploranda
1362 1187 1480 1234 atque

131 1245 392 1293 cognoscenda
428 1244 478 1282 vi
506 1248 555 1281 et
581 1248 768 1281 natura
796 1242 1020 1281 rhetoricae.
1066 1241 1159 1279 Fuit
1187 1240 1291 1278 enim
1320 1239 1481 1289 Gorgias

132 1300 259 1338 minus
286 1300 327 1337 in
354 1299 552 1350 republica
578 1304 755 1338 versatus
784 1299 971 1337 oratoriae
1000 1298 1183 1336 scientiae
1211 1297 1362 1343 doctor,
1401 1296 1479 1335 vid.

133 1356 286 1394 Cicer.
316 1356 375 1394 De
395 1356 499 1394 Orat.
519 1356 596 1402 III,
613 1359 673 1402 16,
696 1360 759 1393 59.
789 1356 829 1393 Is
849 1368 941 1394 vero
961 1354 1035 1392 etsi
1054 1354 1149 1392 artis
1169 1366 1261 1391 suae
1280 1353 1482 1392 materiam

133 1413 246 1462 longe
291 1412 564 1462 amplissimam
611 1416 728 1463 atque
766 1411 1136 1462 praestantissimam
1173 1410 1385 1460 praedicat,
1434 1410 1481 1448 de

134 1482 209 1520 quo
237 1469 334 1507 conf.
364 1469 513 1507 Phileb.
545 1471 608 1507 58.
639 1472 686 1506 A.
714 1469 758 1506 B.
797 1469 960 1506 Phaedr.
988 1481 1025 1517 p.
1058 1470 1150 1504 268.
1181 1470 1229 1505 A.
1239 1497 1248 1514 ‚
1288 1471 1419 1505 tamen
1447 1466 1482 1504 is

133 1525 287 1564 videtur
314 1538 418 1572 esse,
454 1525 522 1576 qui
550 1538 621 1563 nec
649 1530 793 1564 certam
821 1525 904 1563 eius
932 1524 1129 1562 notionem
1157 1524 1284 1561 animo
1313 1536 1482 1574 compre-

131 1582 292 1620 hensam
319 1586 451 1620 teneat
480 1594 551 1620 nec
579 1582 703 1620 eidem
730 1582 886 1620 laudem
914 1581 1097 1619 scientiae
1130 1584 1199 1619 aut
1225 1580 1383 1619 virtutis
1410 1580 1481 1618 im-

130 1638 340 1689 primisque
368 1638 540 1676 iustitiae
568 1638 764 1677 vindicare
792 1638 924 1688 possit.
962 1637 1149 1678 Quocirca
1174 1637 1366 1676 rhetorice
1383 1636 1483 1675 nihil

133 1694 209 1732 nisi
227 1695 409 1733 scientiae
428 1695 593 1744 speciem
613 1693 776 1744 (πίστιν)
803 1695 942 1733 sectari
970 1694 1157 1743 arguitur,
1186 1695 1234 1732 de
1263 1707 1342 1746 qua
1358 1693 1482 1744 ipsius

133 1750 327 1789 sententia
372 1765 409 1790 v.
455 1751 572 1790 etiam
610 1752 773 1789 Phaedr.
823 1753 915 1790 267.
954 1753 1002 1789 A.
1042 1750 1196 1788 Cicer.
1244 1751 1292 1788 de
1331 1750 1480 1789 Orator.

132 1808 209 1854 III,
241 1810 304 1854 32,
338 1810 427 1845 129.
456 1808 488 1854 I,
520 1810 584 1853 22,
619 1811 708 1846 103.
737 1808 796 1846 De
825 1808 910 1845 Fin.
940 1808 994 1854 II,
1029 1810 1062 1854 1,
1098 1810 1152 1854 1.;
1183 1807 1231 1844 de
1259 1807 1373 1845 laude
1402 1806 1481 1845 vir-

132 1863 228 1902 tutis
256 1868 386 1902 autem
414 1863 538 1902 eidem
565 1869 646 1902 tam
673 1864 803 1913 gravis
829 1868 1008 1903 movetur
1027 1863 1297 1910 controversia,
1326 1868 1371 1902 ut
1397 1863 1480 1913 ipse

133 1919 294 1968 Gorgias
332 1933 378 1958 ea
411 1920 452 1956 in
481 1933 616 1957 caussa
652 1920 796 1959 titubet
824 1933 867 1958 ac
894 1920 1051 1959 vacillet
1088 1923 1128 1958 et
1165 1920 1299 1959 nativa
1326 1924 1482 1958 tantum

133 1975 251 2014 animi
280 1976 511 2014 verecundia
549 1980 589 2014 et
616 1977 797 2015 interiore
832 1978 998 2028 quodam
1035 1976 1131 2015 recti
1167 1976 1327 2028 verique
1365 1990 1482 2015 sensu

133 2036 328 2082 permotus
347 2033 529 2070 concedat
559 2033 772 2071 rhetoricae
798 2033 915 2072 etiam
935 2033 1092 2072 virtutis
1112 2038 1151 2071 et
1167 2033 1340 2072 iustitiae
1359 2033 1481 2071 scien-

133 2088 227 2127 tiam
244 2089 488 2127 tribuendam
505 2102 599 2127 esse.
629 2088 741 2130 Quod
760 2090 887 2140 ipsum
904 2095 1035 2128 tamen
1054 2103 1174 2141 quum
1201 2090 1339 2128 deinde
1349 2091 1480 2137 Polus,

133 2145 331 2183 familiaris
359 2145 442 2183 eius
480 2158 524 2183 ac
551 2145 780 2196 discipulus,
820 2146 1004 2195 magistro
1032 2147 1136 2184 haud
1165 2147 1296 2196 paullo
1325 2146 1482 2185 liberior

134 2205 174 2239 et
209 2201 421 2250 procacior,
469 2203 679 2240 secundum
715 2203 866 2241 scholae
903 2203 1092 2241 rationem
1129 2209 1265 2252 neget,
1306 2203 1481 2242 Socrates

133 2257 223 2295 inde
268 2257 447 2295 continuo
485 2259 676 2297 concludit
720 2259 937 2298 rhetoricen
974 2259 1109 2310 utique
1146 2259 1319 2298 iustitiae
1366 2260 1481 2298 laude

134 2327 217 2351 esse
247 2314 484 2361 destitutam,
513 2315 823 2366 quandoquidem
850 2316 976 2355 virtus
1005 2320 1044 2354 et
1070 2315 1222 2354 iustitia
1241 2316 1338 2354 citra
1358 2316 1479 2354 scien-

132 2369 228 2408 tiam
257 2370 463 2408 consistere
500 2371 607 2408 nullo
644 2373 756 2410 modo
793 2373 939 2422 possit..
981 2372 1174 2410 Nimirum
1212 2372 1288 2411 isto
1326 2373 1481 2424 quidem

133 2431 245 2475 pacto
281 2426 374 2477 quid
402 2426 457 2464 rei
487 2427 556 2474 sit,
595 2428 700 2466 haud
738 2442 829 2467 sane
858 2430 1018 2467 obscure
1046 2428 1296 2477 significatur.
1352 2431 1481 2478 Argu*-

133 2486 328 2520 mentatur
343 2482 446 2520 enim
467 2483 652 2531 Socrates,
680 2488 725 2523 ut
751 2485 830 2523 iam
846 2490 960 2524 antea
979 2485 1227 2532 ostendimus,
1244 2499 1265 2523 e
1285 2486 1480 2524 doctrinae

134 2551 227 2576 suae
254 2538 414 2585 ratione,
445 2552 521 2590 qua
548 2540 733 2579 virtutem
752 2543 949 2580 statuebat
966 2542 1131 2592 positam
1159 2556 1242 2581 esse
1262 2542 1303 2580 in
1321 2542 1482 2581 scientia

134 2594 297 2645 ideoque
315 2608 414 2641 eum,
444 2595 511 2646 qui
529 2596 622 2647 quid
639 2599 793 2645 bonum,
823 2598 930 2644 utile,
950 2598 1165 2645 honestum,
1195 2599 1341 2637 iustum
1367 2604 1480 2645 esset,

136 2650 291 2700 penitus
318 2651 489 2690 novisset
518 2657 557 2690 et
585 2653 711 2691 animo
737 2654 848 2705 quasi
866 2659 1050 2702 cerneret,
1079 2655 1118 2693 id
1146 2655 1188 2692 in
1217 2656 1364 2704 agendo
1393 2668 1481 2694 con-

137 2711 284 2746 stanter
312 2707 422 2759 sequi
451 2708 584 2748 solere.
641 2710 780 2763 Itaque
818 2711 1030 2751 rhetoricae
1068 2724 1153 2750 eam
1180 2715 1359 2751 naturam
1397 2725 1481 2753 esse
