1682 2944
262 181 314 214 40
730 175 1119 215 PROLEGOMENA

264 269 325 325 ea⁸
336 285 571 324 infelicitatis
608 288 648 323 et
683 285 856 324 miseriae
891 299 941 324 ex
969 299 1082 325 verae
1110 299 1387 339 germanaeque
1423 289 1487 326 vel
1525 289 1593 325 So-

263 341 423 380 craticae
451 340 710 391 philosophiae
738 341 948 380 rationibus
969 342 1216 388 convincitur,
1245 342 1300 381 ita
1318 347 1363 381 ut
1387 356 1464 381 non
1482 344 1593 381 modo

261 398 383 447 ipsam
412 397 459 434 ad
487 396 745 446 philosophiae
782 397 905 445 legem
939 401 1055 449 atque
1089 411 1259 436 normam
1286 398 1454 437 revocari
1482 411 1591 448 opor·

263 457 354 498 tere,
383 465 516 490 verum
545 451 660 489 etiarn
687 465 803 490 unam
828 452 1104 502 philosophiam
1130 457 1263 503 utpote
1291 453 1418 491 omnia
1435 453 1589 492 vivendi

265 507 422 545 consilia
449 507 497 544 ad
523 506 707 545 virtutem
733 507 960 546 referentem
978 509 1074 546 bene
1094 512 1134 547 et
1160 509 1270 547 beate
1296 509 1453 547 vivendi
1470 513 1590 548 artem

264 563 524 613 rationemque
562 562 742 600 exhibere
780 567 971 612 appareat.
1036 562 1220 604 Quocirca
1255 564 1469 614 scriptionis
1506 564 1591 603 uni-

264 630 398 656 versae
427 617 624 655 eonsilium
651 618 778 656 verbis
805 618 1043 667 paucissimis
1071 618 1187 656 etiam
1214 619 1269 656 sic
1295 619 1485 658 declarare
1504 620 1591 658 lice-

267 673 341 719 bit,
381 677 426 710 ut
463 676 583 710 artem
620 673 847 711 rhetoricam
874 673 1042 712 dicamus
1069 674 1280 712 honestatis
1317 679 1358 713 et
1393 675 1592 724 probitatis

264 728 417 766 nomine
445 741 465 766 e
493 727 753 777 philosophiae
787 728 973 766 iustitiam
1012 734 1051 767 et
1087 729 1270 767 virtutem
1297 730 1471 768 omnibus
1508 730 1593 768 aliis

265 783 530 833 anteponentis
566 783 713 821 ratione
747 783 970 822 vitiositatis
998 784 1123 832 argui,
1159 784 1437 834 philosophiam
1464 790 1592 824 autem

264 843 309 877 ut
336 851 452 876 unam
478 839 575 877 bene
603 839 790 890 beateque
818 839 972 877 vivendi
1000 840 1218 888 magistram
1246 840 1498 878 commendari
1535 846 1591 879 at-

265 907 339 945 que
365 894 571 932 informari.
627 894 712 932 Hoc
748 898 876 932 autem
912 895 944 932 si
981 900 1083 933 recte
1110 895 1166 933 ita
1198 895 1420 942 statuimus,
1458 901 1592 945 sponte

263 949 493 998 intelligitur
519 950 717 987 Platonem
744 962 815 987 nec
837 950 930 987 illud
949 954 1137 999 spectasse
1155 950 1277 996 unice,
1307 955 1350 989 ut
1366 951 1592 989 rhetoricam

265 1010 305 1043 et
332 1004 526 1055 politicam
542 1005 835 1054 reprehenderet
862 1009 902 1042 et
919 1005 1133 1054 castigaret,
1161 1019 1231 1044 nee
1249 1006 1287 1044 id
1308 1006 1430 1044 solum
1458 1006 1591 1055 egisse,

264 1064 309 1098 ut
338 1062 433 1098 bene
460 1061 646 1111 beateque
664 1059 820 1098 vivendi
846 1060 949 1098 viam
977 1064 1017 1099 et
1042 1061 1228 1099 rationem
1244 1066 1482 1100 monstraret.
1510 1062 1592 1099 Imo

265 1115 464 1154 coniunxit
489 1115 736 1165 philosophus
763 1115 803 1152 in
831 1128 951 1153 unum
978 1120 1061 1154 tum
1087 1117 1398 1166 reprehendendi,
1426 1121 1508 1156 tum
1528 1117 1592 1155 do-

265 1171 373 1209 cendi
401 1170 599 1208 eonsilium
628 1183 673 1209 ea
700 1166 853 1222 quidem
879 1171 1037 1218 ratione,
1066 1175 1110 1210 ut
1126 1176 1330 1223 utrumque
1358 1172 1424 1210 uni
1453 1173 1591 1211 eidem-

265 1239 338 1277 que
366 1226 435 1263 fini
464 1226 701 1272 conveniret,
741 1226 1044 1278 quandoquidem
1072 1227 1214 1265 veritas
1241 1232 1322 1265 tum
1350 1228 1523 1276 negando
1550 1241 1593 1265 ae

264 1281 493 1327 dubitando,
531 1286 614 1319 tum
651 1282 817 1319 docendo
845 1284 886 1319 et
921 1282 1143 1320 affirmando
1171 1282 1320 1333 exquiri
1359 1295 1403 1321 ac
1440 1283 1593 1321 demon-

264 1336 377 1375 strari
402 1341 539 1386 potest.
596 1335 781 1377 Quocirca
815 1349 892 1374 una
919 1338 1126 1388 eademque
1164 1350 1278 1387 opera
1314 1343 1354 1376 et
1379 1338 1594 1376 rhetoricen

265 1391 520 1441 improbitatis
548 1396 588 1429 et
615 1391 811 1430 inanitatis
847 1405 951 1429 ream
989 1392 1067 1441 egit
1103 1397 1142 1431 et
1168 1392 1428 1442 philosophiae
1456 1393 1593 1431 doctri·

194 1455 196 1458 '
264 1460 354 1484 nam
381 1459 425 1484 ae
461 1447 648 1485 rationem
686 1452 879 1498 tamquam
917 1447 1097 1496 optimam
1134 1447 1237 1486 vitae
1269 1449 1366 1486 bene
1405 1450 1592 1499 beateque

269 1503 463 1551 degendae
490 1502 712 1551 magistram
740 1502 969 1540 nobilitavit.

426 1674 515 1723 III.
550 1675 625 1723 De
659 1683 762 1723 arte
798 1687 844 1723 et
879 1675 1227 1741 compositione
1261 1675 1433 1741 operis.

351 1779 478 1829 Atque
505 1778 599 1815 haec
633 1777 787 1828 quidem
822 1777 887 1815 ubi
926 1782 1099 1816 tenemus
1108 1807 1118 1824 ,
1155 1782 1256 1816 certe
1292 1778 1407 1816 etiam
1436 1779 1482 1817 de
1512 1785 1593 1817 arte

266 1838 305 1871 et
333 1832 601 1883 compositione
619 1832 743 1882 operis
761 1833 853 1884 quid
870 1833 1166 1871 existimandum
1184 1834 1246 1880 sit,
1273 1834 1434 1883 intelligi
1453 1834 1592 1872 licebit

266 1888 425 1926 Constat
452 1888 553 1925 enim
582 1887 802 1926 universum
830 1901 924 1938 opus
960 1889 1232 1938 prooemio,
1262 1890 1590 1927 contentione

267 1944 552 1989 rhetorices
581 1948 629 1981 et
657 1943 1035 1993 philosophiae,
1066 1945 1389 1982 conclusione
1417 1958 1476 1982 ex
1503 1945 1593 1982 hac

268 1998 379 2048 ipsa
408 1998 735 2037 contentione
762 1999 986 2048 repetita
1021 2000 1189 2049 mytho
1227 2000 1483 2045 adiuncto,
1518 2000 1591 2038 de-

266 2067 291 2091 n
303 2053 315 2090 i
326 2067 351 2104 q
361 2067 388 2091 u
398 2067 419 2091 e
456 2067 477 2090 e
487 2053 587 2103 pilo
597 2066 622 2101 g
633 2067 665 2091 ο.
722 2054 780 2092 De
816 2054 955 2104 quibus
992 2054 1115 2103 operis
1151 2054 1323 2104 partibus
1359 2054 1489 2092 ordine
1526 2055 1590 2093 de-

265 2109 394 2159 inceps
420 2109 551 2159 paucis
578 2121 766 2158 exponere
792 2108 932 2147 licebit.

349 2165 401 2202 Et
428 2165 474 2202 de
501 2164 690 2214 prooemio
717 2164 870 2215 quidem
883 2194 891 2210 ,
927 2177 1002 2215 quo
1029 2176 1142 2202 scena
1168 2164 1306 2213 dialogi
1336 2164 1591 2212 constituitur,

266 2233 342 2257 non
371 2224 430 2258 est
456 2219 556 2270 quod
584 2219 765 2269 peculiari
793 2232 907 2269 opera
941 2219 1170 2258 disseramus
1181 2249 1190 2266 ,
1227 2233 1346 2271 quum
1381 2224 1421 2258 et
1448 2220 1591 2259 brevis·

266 2275 404 2312 simum
433 2274 484 2313 sit
511 2279 550 2313 et
577 2287 675 2326 quae
705 2275 751 2312 ad
781 2275 863 2312 eius
893 2279 1012 2313 artem
1042 2274 1313 2313 aestimandam
1340 2275 1511 2321 valeant,
1550 2275 1589 2313 in

265 2330 544 2368 commentariis
582 2330 909 2379 expromserimus.
975 2331 1112 2381 Itaque
1149 2331 1277 2368 statim
1316 2330 1363 2368 ad
1401 2334 1591 2369 certamen

181 2424 187 2431 ,
263 2385 469 2426 rhetorices
508 2398 594 2422 cum
630 2385 869 2435 philosophia
903 2385 1139 2423 commissum
1175 2385 1454 2435 progredimur,
1492 2398 1589 2437 quae

264 2454 351 2489 pars
380 2440 562 2479 sermonis
591 2446 650 2478 est
677 2440 788 2489 longe
816 2440 1050 2489 gravissima.

348 2495 572 2533 Absolvitur
599 2501 727 2534 autem
747 2509 793 2533 ea
811 2495 933 2534 tribus
950 2499 1144 2547 tamquam
1162 2495 1414 2534 contentionis
1431 2495 1588 2541 actibus,

265 2550 572 2588 artificiosissime
591 2551 706 2588 etiam
735 2550 923 2590 distinctis
950 2551 1072 2590 tribus
1091 2550 1261 2600 personis
1283 2550 1588 2601 colloquentium,

265 2606 437 2654 Gorgiae,
465 2606 558 2651 Poli,
589 2606 773 2652 Danielis,
802 2606 866 2658 qui
894 2606 1024 2644 ordine
1051 2605 1227 2656 deinceps
1254 2618 1340 2644 oum
1368 2606 1520 2644 Socrate
1549 2606 1588 2643 in

262 2666 453 2700 certamen
481 2661 785 2710 congrediuntur.
837 2660 987 2712 Quippe
1015 2666 1171 2701 taxatur
1195 2660 1381 2700 rhetorice
1408 2661 1590 2712 oppositis
