1696 2976
183 145 236 187 96
727 150 1024 187 PLATONIS

183 257 337 320 0153'7‘1
361 260 545 320 δύναμις
577 259 711 307 αὐτοῦ
743 261 771 320 ἡ
809 261 936 322 αὐτή·
993 262 1097 310 οὐδὲ
1125 266 1214 310 τῶν
1253 263 1400 312 ἄλλων
1431 264 1565 313 οὐδέν

183 330 302 374 ἐστιν
317 325 414 375 οἷον
436 328 483 374 τὸ
490 331 650 408 ἕτερον
672 326 772 375 οὔτε
795 329 903 376 κατὰ
932 330 1013 389 τὴν
1044 329 1234 391 δύναμιν
1262 330 1361 379 οὔτε
1384 332 1492 379 κατὰ
1514 333 1566 379 τὰ

182 393 303 441 ἄλλοι.
352 389 423 453 ἆρ’
452 414 532 441 ουν
556 394 669 442 οὕτω
700 398 773 442 καὶ
795 396 848 442 τὰ
869 399 943 456 τῆς
966 395 1120 457 ἀρετῆς
1150 397 1280 457 μόρια
1302 398 1382 446 οὐκ
1405 404 1495 447 ἔστι
1517 399 1566 447 τὸ

181 464 331 522 ἕτερον
353 460 448 509 οἷον
469 462 518 508 τὸ
537 464 703 523 ἕτερον,
727 462 827 510 οὔτε
850 462 955 510 αὐτὸ
981 463 1082 512 οὔτε
1105 464 1133 523 ἡ
1157 465 1341 525 δύναμις
1359 466 1515 523 αὐτοῦ;
1539 486 1568 525 η

1545 465 1565 482 Ἃ

182 532 293 587 δῆλα
317 527 435 587 ὃὴ,“
410 548 475 575 οτι
499 549 634 584 ουτως
658 535 759 589 ἔχει,
784 538 906 591 εἴπερ
928 535 988 593 τῷ
1006 537 1326 592 παραδείγματί
1336 553 1386 592 γε
1403 539 1566 589 ἔοικενς

176 594 293 641 'Am’
304 595 471 654 οὑτως,
478 595 588 656 ξέφη,
605 601 706 656 ἔχει,
723 616 757 643 ω
773 597 1015 658 Σώκρατες.
1044 602 1131 646 Καὶ
1149 599 1232 658 ἐγὼ
1250 600 1393 647 εἶπον·
1414 599 1568 647 Οὐδὲν

181 661 265 722 ἄρα
291 662 388 709 ἐστὶ
403 667 491 710 τῶν
513 667 588 722 τῆς
612 662 765 724 ἀρετῆς
788 670 954 725 μορίων
977 664 1082 712 ἄλλο
1105 664 1201 713 οἷον
1224 667 1449 727 ἐπιστήμη,
1466 666 1562 714 οὐδ’

181 728 276 777 οἷον
293 730 574 790 δικαιοσύνη,
598 729 696 777 οὐδ’
717 729 813 778 οἷον
835 731 1035 792 ἀνδρεία,
1051 733 1145 779 οὐδ’
1168 732 1263 780 οἷον
1279 734 1566 794 σωφροσύνη,

180 795 563 857 οὐδὀἷονὸσιότης.
579 797 671 845 Οὐκ
681 803 775 858 ἔφη.
798 801 911 858 Φέρε
929 799 998 858 δή,
1024 806 1136 859 ἔφην
1153 800 1252 860 ἐγώ,
1267 806 1391 863 κοινῇ
1400 801 1567 857 σκεψώ-

180 873 311 923 μεθα,
321 864 448 911 ποῖόν
465 884 505 911 τι
521 865 667 912 αὐτῶν
687 868 804 912 ἐστιν
820 868 1012 914 ἕκαστον.
1034 871 1208 927 πρῶτον
1223 870 1304 928 μὲν
1317 868 1365 916 τὸ
1375 869 1546 916 τοιόνδε
1556 882 1565 890 ’

180 931 208 990 ἡ
229 932 487 991 δικαιοσύνη
503 932 679 992 πρᾶγμά
701 938 748 979 τί
768 932 958 992 ἐστιν,’“
932 954 960 992 η
983 933 1117 981 οὐδὲν
1140 939 1339 995 πρᾶγμα;
1365 938 1459 996 ἐμοὶ
1487 937 1569 995 μὲν

180 999 264 1059 γὰρ
289 1003 427 1046 δοκεῖ·
453 1003 497 1045 τί
519 1001 568 1046 δὲ
591 1006 682 1056 σοι’;
702 1002 790 1046 Καὶ
814 1003 930 1059 ἐμοί,
955 1005 1050 1060 ἔφη.
1082 1007 1140 1049 Τι’
1157 1022 1258 1059 ουυ;
1284 1010 1329 1050 εἴ
1345 1022 1409 1059 τις
1433 1007 1571 1064 ἔροιτο

181 1069 259 1125 ἐμέ
277 1086 323 1112 τε
346 1068 419 1112 καὶ
444 1068 514 1125 σε’,
535 1060 593 1113 Ὠ
623 1066 896 1127 Πρωταγόρα
924 1087 971 1114 τε
994 1070 1068 1114 καὶ
1099 1068 1358 1130 Σώκοατες,
1400 1078 1571 1118 εἴπετον

181 1132 235 1191 δή
259 1153 346 1192 μοι,
370 1137 496 1180 τοῦτο
518 1133 567 1179 τὸ
590 1137 781 1195 πρᾶγμα,
805 1131 828 1179 ὃ
846 1133 1098 1194 ὠνομάσατε
1118 1135 1230 1196 ἄρτι,
1253 1136 1282 1195 ἡ
1300 1137 1570 1196 δικαιοσύνη,

179 1199 284 1246 αὐτὸ
307 1203 433 1247 τοῦτο
470 1201 684 1248 δίκαιόν
715 1199 911 1260 ἑστιν,”
885 1222 912 1260 η
936 1200 1111 1260 ἅδικονς
1158 1203 1242 1263 ἐγὼ
1272 1202 1401 1262 ‘xlv'
1375 1224 1432 1251 αν
1454 1202 1571 1267 αὐτῷ

179 1266 563 1328 ἀποκριναίμηυ,”
539 1288 604 1315 οτι
629 1268 902 1315 δίκαιον·σύ
925 1270 974 1316 δὲ
991 1269 1074 1317 τίν’
1097 1268 1153 1317 ἂν
1176 1274 1324 1331 ψῆφον
1344 1279 1467 1329 &eim
1491 1270 1572 1330 τὴν

266 1400 308 1432 Β.
334 1393 492 1443 οὕτως,
511 1396 610 1443 ἔφη,
630 1397 735 1443 ἔχει,
754 1391 782 1434 ὦ
800 1395 1053 1444 Σώκρατες]
1079 1402 1200 1436 Verba
1216 1398 1309 1446 ἔχει,
1328 1394 1356 1436 ὦ
1373 1398 1571 1445 Σωκρατες

179 1455 246 1478 om.
263 1444 363 1477 Bodl.
381 1445 464 1478 Vat.
483 1448 519 1477 et
535 1445 671 1478 delevit
687 1445 880 1497 διωρρίιιε,
896 1456 929 1479 v.
947 1457 1030 1479 ann.

178 1545 228 1586 μη
247 1528 334 1566 ουδ’
367 1530 449 1567 οἷον
464 1528 530 1567 κτὲ
560 1534 648 1567 etin
665 1545 766 1578 marg
806 1545 864 1567 oo

176 1573 349 1612 ἀλλοίων.

223 1683 328 1723 οὔτε
344 1683 473 1741 αὗτόΙ
493 1690 533 1723 Ρ
547 1690 664 1724 333A:
683 1685 844 1742 ανόμοια

178 1733 242 1767 καὶ
259 1729 357 1767 αὐτὰ
373 1732 440 1767 καὶ
456 1746 496 1767 αι
487 1730 692 1787 δυνάμεις
704 1729 853 1769 αὐτῶν.·

177 1790 213 1832 p.
229 1780 295 1812 360
310 1780 359 1812 E:
391 1779 430 1812 τί
443 1774 528 1812 ποτ’
560 1774 661 1813 ἐστὶν
691 1774 783 1813 αυτὸ
817 1775 840 1823 ἡ

176 1818 303 1867 ἀρετή.
329 1823 519 1866 Significat
535 1818 628 1857 αυτό
643 1824 680 1856 in
695 1824 752 1858 his
767 1835 842 1857 rem

175 1869 290 1911 ipsam
319 1879 384 1911 per
415 1879 454 1902 se
494 1871 530 1901 et
559 1870 727 1902 universe
760 1879 840 1912 spe-

177 1916 324 1946 ctatam.

220 1957 262 1992 Β.
300 1950 460 1999 οὕτως,
507 1954 560 2000 ἕφ
570 1969 612 2001 η,
658 1955 704 2002 ἕχ
713 1968 728 1991 ε
740 1970 774 2000 ι,
812 1970 841 1991 ω

177 2002 316 2044 Σωκρ.
322 2000 334 2045 ]
354 2002 396 2034 In
413 2002 626 2045 exemplari,
644 1970 739 2036 unzde
755 1983 841 2036 libri

177 2047 483 2090 praestantissimi
534 2047 753 2080 Bodleianus
805 2050 844 2081 et

175 2092 377 2125 Vaticanus
405 2091 579 2134 descripti
608 2095 704 2133 sunt,
736 2092 841 2125 multi

175 2136 248 2168 loci
286 2135 386 2169 lectu
422 2135 627 2168 difficillimi
673 2137 843 2170 videntur

176 2181 291 2214 fuisse
325 2180 373 2223 (v.
407 2179 507 2215 Stud.
540 2180 665 2223 philol.
697 2192 730 2223 p.
748 2182 841 2222 826),

175 2225 239 2257 sed
257 2235 335 2258 eam
343 2226 522 2268 paginam,
541 2235 611 2267 qua
626 2227 841 2268 principium

175 2269 282 2302 huius
298 2270 522 2311 quaestionis
537 2269 582 2302 de
597 2270 744 2303 virtutis
760 2281 840 2313 par-

176 2314 273 2346 tibus
290 2314 558 2355 continebatur,
583 2315 713 2347 ceteris
730 2315 839 2347 omni-

175 2358 243 2391 bus
260 2359 375 2391 fuisse
392 2359 644 2400 obscuriorem,
661 2359 697 2391 id
711 2359 771 2392 vel
788 2359 838 2391 lc-

175 2404 270 2436 viter
291 2403 453 2436 Bekkcri
485 2404 743 2436 commentaria
771 2404 839 2435 cri·

175 2448 252 2479 tica
274 2447 481 2490 inspicienti
504 2448 737 2481 manifestum
759 2449 839 2482 erit.

175 2492 267 2525 Nam
289 2492 326 2524 in
342 2495 493 2534 utroque
517 2493 607 2526 libro
631 2503 653 2525 a
674 2503 756 2536 pag.
775 2494 840 2526 329

177 2536 204 2568 C
223 2536 269 2569 ad
284 2547 320 2580 p.
334 2538 398 2570 330
411 2536 439 2568 C
455 2537 620 2570 Platonis
636 2538 747 2571 verba
764 2537 841 2570 alia

176 2586 260 2614 sunt
274 2581 456 2621 mutilata,
481 2581 556 2614 alia
573 2582 706 2615 omissa
722 2582 840 2625 spatio

175 2636 292 2659 vacuo
308 2636 404 2658 nunc
419 2625 564 2661 relicto.
588 2637 683 2659 nunc
698 2637 770 2659 non
785 2636 841 2659 re·

175 2671 278 2705 licto.
300 2670 399 2703 Nihil
415 2670 527 2723 igitur
543 2681 676 2704 causae
693 2675 761 2712 est,
779 2671 842 2704 cu}

175 2716 289 2749 verba
320 2712 410 2758 ἔχει,
443 2706 472 2748 ὦ
503 2710 713 2758 Σώκρατες,
747 2725 840 2758 quae

175 2760 397 2803 Protagorae
418 2769 594 2802 personae
613 2761 743 2802 optime
758 2771 840 2793 con-

177 2805 328 2838 veniunt
345 2804 408 2846 (ef.
427 2815 461 2846 p.
479 2805 543 2837 329
559 2805 604 2837 D.
622 2807 687 2838 330
702 2805 743 2838 A.
762 2805 839 2847 aL),

178 2850 457 2892 exstinguamus.

267 1489 436 1541 μορίων
453 1482 558 1522 ἄλλο
576 1485 675 1522 οἷον
692 1470 933 1570 ancarana}
957 1491 1062 1525 vind.
1085 1492 1239 1543 μορίων
1242 1486 1398 1526 ἀλλοῖον
1421 1487 1570 1535 ἐπιστή-

934 1531 1112 1579 πιστήμη.
1147 1532 1188 1570 ἐν
1213 1530 1313 1580 αλλῳ
1341 1534 1402 1570 δέ·
1431 1537 1572 1580 μορίων

956 1691 1132 1743 πρῶτον
1168 1689 1249 1735 μὲν
1285 1687 1331 1726 τὸ
1366 1687 1566 1736 τοιόνδε]

911 1735 979 1770 Int
1006 1732 1250 1789 σκεψώμεθα.

956 1781 995 1813 C.
1021 1772 1066 1813 Ω
1086 1776 1366 1825 Πρωταγόρα
1382 1793 1414 1815 τ.
1431 1793 1466 1816 κ.
1485 1778 1571 1816 Σω-

910 1824 1089 1869 κρατες]
1108 1826 1138 1858 Ε
1155 1826 1298 1870 vulgari
1314 1826 1482 1880 loquendi
1499 1837 1571 1859 rno-

909 1870 953 1903 do
969 1870 1138 1904 Socrates
1154 1870 1275 1904 dicere
1290 1870 1415 1904 debuit
1429 1863 1474 1904 Ω
1491 1866 1572 1905 Σαί-

907 1925 1104 1998 ἒῗῗῖξῗωὶ
1108 1910 1452 2002 Αἶιιιίἕξέῦιῖτὶιικονιξὲιῗιιε,
1459 1926 1571 1993 causpa
1592 1996 1594 1999 y

908 2004 1132 2047 Protagorae
1178 2008 1219 2037 ut
1263 2005 1400 2038 homini
1446 2008 1569 2038 aetate

908 2049 1019 2082 multo
1058 2049 1291 2082 antecedenti
1322 2049 1371 2091 (v.
1394 2060 1428 2093 p.
1446 2051 1510 2083 317
1528 2049 1570 2089 C)

909 2096 945 2126 et
957 2103 1024 2126 usu
1040 2103 1084 2126 ac
1100 2093 1266 2127 doctrina
1280 2094 1484 2137 praestanti
1524 2095 1570 2127 ri-

907 2147 1004 2171 orem
1042 2138 1159 2171 locum
1198 2139 1375 2171 concedit.
1434 2138 1490 2172 Ea
1516 2149 1571 2171 em

909 2183 1096 2215 verborum
1129 2182 1369 2216 collocatione
1401 2183 1571 2216 Socrates

907 2227 1004 2259 infra
1026 2237 1065 2278 p:-
1084 2229 1148 2260 353
1165 2227 1195 2259 Α
1217 2237 1304 2260 usus
1327 2231 1398 2260 est.
1431 2221 1571 2271 ἔφατ’

908 2282 957 2304 αν
987 2266 1086 2314 ἡμᾶς
1110 2263 1155 2304 9.
1189 2267 1419 2316 Πρωταγόρα
1450 2283 1489 2306 τε
1505 2270 1570 2305 καὶ

908 2311 1117 2359 Σώκρατες.

973 2377 1084 2416 αὐτὸ
1171 2383 1307 2417 τοῦτο
1383 2377 1570 2416 δίκαιόν

908 2421 1049 2471 ἐστιν]
1083 2438 1179 2460 ιιιιιιι
1210 2428 1288 2461 hoc
1319 2429 1457 2470 ipsum
1490 2430 1569 2469 est,

908 2472 1001 2513 quod
1017 2482 1144 2505 nomen
1163 2473 1239 2506 eius
1255 2472 1409 2510 indicat,
1440 2471 1566 2505 videli—

909 2520 968 2549 cet
984 2517 1156 2549 iustum
1189 2518 1305 2551 Staub.

953 2577 1042 2617 τίν’
1069 2594 1125 2617 αν
1155 2583 1313 2626 ψῆφον
1334 2582 1463 2634 θεῖος
1485 2579 1569 2635 τὴν

909 2622 1053 2671 αὐτὴν
1091 2622 1207 2679 ἐμοί]
1239 2628 1332 2661 Ante
1363 2622 1433 2670 τὴν
1448 2622 1570 2671 αὐτήν

908 2672 1025 2705 inteli.
1058 2667 1239 2716 πότερον,
1276 2681 1342 2704 usu
1373 2673 1568 2714 frequenti,

908 2727 1013 2758 quem
1040 2716 1315 2751 illustraverunt
1336 2716 1567 2749 Heindorf.

908 2761 953 2793 ad
984 2761 1092 2805 Gorg.
1132 2773 1165 2805 p.
1199 2763 1272 2797 141.
1331 2761 1484 2794 Aetius
1522 2761 1568 2793 ad

906 2806 1019 2848 Legg.
1044 2817 1077 2849 p.
1096 2807 1168 2839 130.
1215 2805 1496 2848 Hoogeveen.
1522 2804 1568 2838 ad

905 2850 1026 2893 Vigor.
1043 2861 1079 2893 p.
1094 2852 1171 2884 40⁹.
1187 2850 1305 2885 Staelb.
