1722 2964
220 123 301 166 124
766 129 1068 166 PLATOle

217 236 269 284 οὐ
299 237 570 297 μανθάνειν,
608 238 674 285 ὅτι
704 241 778 286 καὶ
799 239 847 286 τὸ
878 241 1069 299 χαλεπὸν
1098 243 1225 288 τοῦτο
1257 248 1362 296 ἴσως
1390 241 1472 302 οὐχ
1501 244 1617 292 οὕτω

215 310 470 364 Σιμωνίδης
500 305 832 364 ὑπελάμβανεν,
871 306 1018 366 ὥσπερ
1055 307 1112 354 σὺ
1140 306 1486 367 ὑπολαμβάνεις,
1516 309 1613 358 ἀλλ’

216 370 364 430 ὥσπερ
387 375 488 430 περὶ
517 376 596 418 τοῦ
619 375 768 419 δεινοῦ
792 372 1013 432 Πρόδικός
1034 393 1087 433 με
1117 373 1267 421 οὑτοσὶ
1291 383 1499 422 νουθετεῖ
1518 377 1620 423 ἑκά-

216 453 354 495 στοτε,
378 438 485 484 ὅταν
509 437 704 486 ἐπαινῶν
726 438 810 497 ἐγὼ
833 437 861 499 ἢ
878 441 928 487 σὲ
949 437 1125 499 ἢᾶλλον
1139 441 1238 487 τινὰ
1253 443 1382 500 λέγω,
1404 441 1471 488 ὅτι
1485 449 1620 502 Πρω·

215 504 402 563 ταγόρας
419 504 554 563 σοφὸς
571 508 645 552 καὶ
661 505 805 560 δεινός
828 506 949 554 ἐστιν
970 506 1099 567 ἀνήρ,
1124 506 1278 568 ἐρωτᾷ,
1303 513 1346 555 εἰ
1364 508 1446 555 οὐκ
1464 508 1621 568 αἰσχύ-

214 590 345 629 νομαι
367 569 541 629 τάγαθὰ
565 572 688 619 δεινὰ
711 576 859 620 καλῶν
883 601 942 607 -
963 574 1011 620 τὸ
1034 574 1117 633 γὰρ
1142 574 1306 632 δεινόν,
1329 580 1457 634 φησί,
1481 574 1618 622 κακόν

216 636 355 684 ἐστιν·
395 637 542 692 οὐδεὶς
572 643 683 697 γοῦν
714 642 831 698 λέγει
860 639 1077 695 ἑκάστοτε,
1103 645 1251 687 δεινοῦ
1275 641 1490 700 πλούτου,
1515 641 1620 689 οὐδὲ

217 707 364 762 δεινῆς
396 705 595 764 εἰρήνης,
634 705 739 752 οὐδὲ
770 711 917 766 δεινῆς
941 707 1131 765 ὑγιείας,
1163 706 1273 753 ἀλλὰ
1305 711 1453 766 δεινῆς
1483 708 1620 755 νόσου

216 773 289 816 καὶ
315 775 465 818 δεινοῦ
488 774 682 831 πολέμου
704 775 778 819 καὶ
802 778 948 832 δεινῆς
972 780 1148 830 πενίας,
1183 773 1241 827 ὠς
1263 778 1342 822 τοῦ
1366 778 1516 821 δεινοῦ
1539 794 1619 821 κα-

215 840 296 884 κοῦ
326 836 451 892 ὄντος
477 866 536 872 -—
565 847 669 894 ἴσως
699 834 779 887 οὖν
802 842 876 887 καὶ
898 840 946 887 τὸ
970 841 1159 899 χαλεπὸν
1190 835 1248 886 αὖ
1277 845 1323 887 οἱ
1343 848 1467 888 Κεῖοι
1490 844 1562 887 καὶ
1593 840 1618 887 ὁ

216 909 472 964 Σιμωνίδης
493 903 523 964 ἢ
557 906 693 953 κακὸν
721 906 1113 966 ὑπολαμβάνουσιν
1146 905 1174 965 ἢ
1205 906 1312 954 ἄλλο
1334 927 1398 964 τι,
1437 907 1460 954 ὃ
1485 908 1542 954 σύ
1564 907 1618 954 οὗ

213 970 467 1028 μανθάνεις.
524 972 726 1032 ἐρώμεθα
757 968 839 1019 οῦν
861 973 1106 1033 Πρόδικον·
1128 978 1302 1020 δίκαιον
1324 974 1407 1032 γὰρ
1430 975 1511 1032 τὴν
1534 982 1619 1021 Σι-

213 1041 412 1095 μωνίδου
442 1038 598 1097 φωνὴν
619 1043 776 1086 τοῦτον
799 1042 976 1098 ἐρωτᾶν.
1024 1046 1070 1086 τί
1089 1045 1254 1098 ἔλεγεν,
1279 1034 1314 1086 ὦ
1336 1039 1545 1099 Πρόδικε,
1569 1040 1618 1086 τὸ

214 1102 405 1163 χαλεπὸν
429 1110 706 1165 Σιμωνίδης;
730 1105 896 1164 Κακόν,
921 1111 1016 1165 ἔφη.
1044 1106 1133 1152 Διὰ
1155 1105 1275 1152 ταῦτ’
1304 1105 1389 1166 ἄρα
1413 1109 1486 1153 καὶ
1506 1110 1617 1166 μέμ-

213 1189 357 1229 φεται,
382 1165 438 1229 ἦν
462 1170 510 1217 δ’
539 1172 639 1231 ἐγώ,
677 1166 711 1219 ὦ
736 1172 945 1232 Πρόδικε,
976 1172 1053 1219 τὸν
1077 1172 1297 1220 Πιττακὸν
1320 1175 1503 1231 λέγοντα
1526 1181 1619 1220 Χα-

302 1323 344 1358 Ρ.
367 1325 444 1359 341.
483 1319 827 1368 ὑπελάμβανεν,
861 1319 1006 1369 ὥσπερ
1039 1322 1110 1369 σύ]
1146 1326 1206 1359 Sic
1236 1325 1336 1360 codd.
1369 1326 1447 1360 fere
1478 1336 1616 1360 omnes.

212 1368 331 1411 Vulgo
349 1363 557 1411 ὑπέλαβεν,
577 1370 671 1411 quod
687 1371 840 1403 retinuit
855 1371 1058 1405 Bekkerus.

946 1504 1071 1545 tionis,
1088 1506 1128 1535 ut
1144 1502 1187 1535 de
1201 1503 1288 1546 Rep.
1307 1514 1341 1545 p.
1359 1497 1616 1536 5090:’'An01.-

947 1548 1031 1590 λον,
1057 1547 1260 1590 δαιμονίας
1282 1542 1504 1598 ὑπερβολῆς.
1542 1548 1616 1580 Eu-

1084 1602 1119 1634 p.
1153 1593 1219 1624 303
1249 1590 1279 1623 A
1296 1602 1305 1622 τ
1350 1603 1378 1624 ω
1412 1590 1614 1633 Ποσειδον,

255 1494 327 1534 ὅτι
344 1498 421 1534 καὶ
438 1496 483 1534 τὸ
502 1497 704 1544 χαλεπὸν
721 1500 875 1546 τοῦτο]

211 1546 301 1577 istu
312 1554 331 1576 c
347 1546 525 1578 verbum
542 1542 720 1589 χαλεπόν.

255 1583 369 1622 ὅταν
406 1584 610 1623 ἐπαινῶν
639 1608 683 1613 -
716 1585 878 1634 ἐρωτᾷ,

211 1630 253 1666 εἰ
289 1628 369 1666 οὐκ
408 1630 712 1678 αἰσχύνομαι]
754 1635 878 1667 Conti—

207 1681 298 1710 nent
310 1678 403 1710 haec
416 1679 529 1711 verba
540 1680 879 1721 interpretationem

209 1722 526 1764 praecedentium:
556 1716 678 1766 ὥσπερ
700 1721 786 1774 περὶ
811 1723 878 1756 τοῦ

210 1764 342 1800 δεινοῦ
381 1785 426 1790 --
465 1767 647 1801 νουθετεῖ
688 1762 877 1809 ἕκαστοι-ε,

207 1809 363 1852 ideoque
402 1811 446 1844 de
485 1822 583 1845 more
629 1811 755 1845 addita
794 1816 879 1845 sunt

208 1849 436 1894 ἄσυνδέτως.
477 1856 694 1890 Germanice
716 1857 810 1890 haee
826 1858 879 1890 ita

209 1899 358 1933 reddas:
383 1899 579 1934 Sondern
603 1911 648 1934 so
671 1902 750 1934 wie
772 1902 877 1934 Pro-

947 1602 1086 1669 δεῖνῶν
1118 1631 1248 1678 λόγων.
1302 1636 1487 1677 Aristoph.
1520 1635 1614 1670 Nub.

946 1690 982 1715 v.
1000 1682 1084 1714 818:
1115 1680 1182 1722 τῆς
1198 1679 1339 1722 μωρίας
1356 1675 1397 1712 τὸ
1417 1680 1492 1713 Δία
1510 1681 1615 1722 νομί-

948 1724 1043 1766 ζειν,
1067 1719 1161 1757 ὅντα
1179 1724 1431 1766 τηλικουτονί.
1463 1724 1618 1757 Ponitur

946 1769 1005 1801 hic
1049 1770 1234 1811 genitivus
1283 1768 1493 1811 plerumque
1537 1767 1616 1801 sine

947 1812 1042 1855 φεῦ,
1066 1806 1095 1846 ὦ
1120 1813 1273 1846 similive
1299 1812 1529 1845 exclamandi
1551 1823 1615 1845 vo-

948 1858 1050 1897 cula,
1087 1867 1155 1889 nec-
1178 1857 1355 1890 articulus
1379 1856 1522 1890 additur
1543 1857 1614 1889 nisi

947 1901 1104 1944 simplici
1122 1901 1363 1934 substantivo.

210 1942 340 1976 dikus
379 1945 494 1977 mich
541 1946 690 1978 immer
736 1945 878 1978 schilt

209 1997 358 2030 wegen
426 1989 503 2022 des
563 1990 877 2031 Furchamn,

208 2034 385 2065 nemzich
408 2043 529 2066 weun
553 2034 623 2066 ich
648 2034 750 2067 dich
773 2034 877 2067 oder

207 2076 339 2109 einen
363 2077 556 2111 anderen
573 2078 734 2112 lobend
751 2089 875 2121 sage,

207 2119 519 2164 „Protagoras
557 2123 617 2155 ist
648 2123 757 2156 doch
796 2134 876 2166 gar

209 2165 280 2197 ein
302 2166 461 2199 weiser
483 2167 568 2198 und
586 2167 877 2199 furchtbarer

205 2208 382 2252 Mann“‚
420 2211 500 2243 wie
524 2221 569 2243 er
592 2211 708 2243 daun
732 2212 874 2254 fragt,

205 2252 256 2287 ob
275 2254 343 2287 ich
361 2258 431 2290 etc.
456 2254 574 2290 Stallb.

250 2298 396 2340 Πρωτ.
432 2294 574 2341 σοφὸς
605 2298 685 2333 καὶ
717 2295 873 2338 δεινός

204 2336 351 2386 ἔστιν]
384 2343 576 2387 Proprium
604 2344 672 2378 hoc
700 2343 873 2387 sophistis

202 2386 317 2419 fuisse
342 2398 472 2420 nomen
500 2388 605 2421 multi
631 2389 703 2422 loci
734 2392 871 2421 testan-

200 2433 272 2463 tur.
298 2431 428 2473 Itaque
445 2431 568 2466 δεινοὶ
583 2431 649 2466 καὶ
662 2433 779 2475 σοφοί
792 2443 873 2475 pas-

202 2475 271 2508 sim
309 2475 531 2519 iunguntur,
578 2478 681 2511 velut
719 2477 872 2511 Theaet.

202 2530 236 2561 p.
263 2520 327 2553 154
347 2521 393 2554 D.
424 2532 460 2564 p.
485 2523 548 2554 173
571 2522 600 2553 Β
626 2522 674 2557 al.
722 2522 777 2554 Ex
802 2532 872 2564 quo

202 2568 357 2607 apparet
368 2565 461 2599 haee
475 2576 553 2598 cum
567 2567 690 2599 faceta
703 2566 870 2599 irrisione

203 2608 304 2642 dicta
322 2619 413 2643 esse.
445 2609 565 2642 Stallb.

245 2675 287 2711 B.
311 2674 433 2720 λέγει
451 2670 691 2720 ἑκάστοτε]
712 2678 872 2719 quoties·

203 2729 346 2762 cunque
369 2722 423 2754 ita
447 2721 520 2754 fert
537 2723 701 2762 occasio;
728 2722 870 2764 quoties

201 2763 329 2798 harum
350 2776 470 2798 rerum
492 2766 626 2799 mentio
649 2767 698 2799 fit.
720 2783 766 2790 —
793 2765 869 2799 δει-

203 2808 269 2843 νοῦ
291 2805 458 2844 πλούτου
480 2811 664 2853 genitivus
687 2811 870 2843 exclama-

992 1967 1096 2006 ἴσως
1120 1962 1200 2001 οὖν
1217 1966 1293 2001 καὶ
1311 1962 1357 2000 τὸ
1384 1963 1609 2011 χαλεπόν-Ι

946 2012 1145 2045 Continent
1160 2012 1251 2045 haec.
1274 2011 1449 2055 apodosin
1464 2023 1614 2054 praece-

945 2057 1114 2090 dentibus
1130 2056 1205 2090 illis
1221 2050 1343 2098 ὥσπερ
1355 2053 1443 2098 περὶ
1456 2055 1523 2089 τοῦ
1534 2055 1614 2089 δει-

946 2100 1014 2134 νοῦ
1029 2112 1064 2134 κ.
1084 2112 1116 2134 τ.
1135 2101 1167 2134 λ.
1185 2101 1473 2143 respondentem.
1508 2101 1613 2141 Quae

945 2149 1067 2179 tamen
1090 2148 1237 2187 propter
1258 2145 1459 2187 longiorem
1482 2154 1612 2187 paren-

944 2190 1066 2222 thesin
1081 2189 1253 2223 liberiore
1275 2190 1453 2222 orationis
1472 2189 1614 2222 confor-

944 2234 1103 2267 matione
1127 2234 1348 2266 annectitur.
1394 2233 1486 2265 Nam
1509 2243 1612 2266 seve-

944 2279 1016 2311 rior
1054 2279 1149 2310 ratio
1189 2278 1361 2330 exigebat
1398 2278 1476 2310 fere
1515 2278 1612 2327 hauc

941 2325 1178 2355 structuram:
1209 2333 1328 2360 ουτως
1360 2321 1446 2360 ἴσως
1475 2319 1540 2355 καὶ
1568 2331 1610 2354 το

964 2363 1109 2400 αλεπόν
1131 2363 1171 2399 οῖ
1184 2367 1291 2400 Κεῖοι
1315 2364 1381 2399 καὶ
1405 2361 1426 2399 ὃ
1443 2364 1609 2408 Σιμωνί-

969 2423 1011 2454 ης
1033 2404 1059 2453 ἢ
1078 2406 1198 2462 κακὸν
1219 2407 1330 2444 ὑκολ.
1354 2422 1389 2443 κ.
1408 2421 1439 2443 τ.
1458 2411 1491 2443 2.
1540 2408 1609 2441 Ce-

940 2460 1055 2489 terum
1082 2466 1152 2488 ουν
1183 2456 1293 2488 etiam
1322 2455 1391 2487 hoc
1418 2454 1497 2487 loco
1526 2456 1611 2495 post

939 2500 1176 2543 parenthesin
1206 2501 1259 2532 ita
1291 2499 1432 2532 illatum
1465 2501 1535 2534 est,
1568 2500 1610 2529 ut

940 2546 1133 2587 abruptum
1170 2544 1345 2577 sermonis
1376 2542 1476 2575 filum
1508 2552 1609 2574 resu-

940 2593 1071 2622 matur.
1101 2599 1137 2622 ν.
1164 2588 1209 2621 ad
1234 2588 1318 2630 Sym
1367 2597 1397 2620 s.
1421 2597 1455 2629 p.
1473 2586 1608 2636 201,1),

938 2651 983 2657 —-
1015 2628 1097 2676 τὴν
1128 2631 1311 2675 Σιμωνί
1346 2640 1399 2664 ου
1430 2641 1606 2673 φωνην,

940 2679 963 2710 i.
999 2689 1028 2710 e.
1063 2677 1084 2709 d
1099 2677 1111 2709 i
1126 2688 1147 2709 a
1163 2678 1173 2709 l
1191 2688 1210 2709 s
1227 2679 1369 2709 ctum.
1423 2674 1607 2708 Phaedon.

938 2734 973 2764 p.
998 2723 1041 2754 62
1069 2722 1116 2754 A:
1147 2719 1213 2754 καὶ
1243 2715 1264 2755 ὁ
1297 2717 1420 2762 Κέβης
1442 2712 1608 2769 -Ἰτξω

942 2762 1140 2843 Ζεόςὸέφη,
1159 2766 1203 2809 τῇ
1221 2760 1339 2799 αὑτοῦ
1353 2764 1460 2807 φωνῇ
1480 2760 1606 2797 elnon.

940 2812 1026 2844 stall
1049 2834 1057 2844 .
