1702 2924
222 198 301 233 200
756 195 1014 235 PLATONIS

221 300 267 343 ἐν
294 305 382 350 τοῖς
410 304 551 349 ἄλλοις
579 304 698 352 ζώοις
732 300 802 343 καὶ
828 303 914 342 τῶν
951 301 1195 354 ἀνθρώπων
1235 300 1281 344 ἐν
1318 300 1434 351 ὅλαις
1459 306 1551 351 ταῖς

221 365 366 406 πόλεσι
392 363 462 406 καὶ
503 368 590 414 τοῖς
625 365 811 418 γένεσιν,
851 364 914 407 ὅτι
942 364 1052 406 οὕτω
1089 367 1137 407 τὸ
1165 366 1329 408 δίκαιον
1356 364 1550 420 κέκριται,

220 430 296 470 τὸν
322 428 493 481 κρείττω
529 435 608 470 τοῦ
643 428 819 483 ἥττονος
855 430 997 483 ἄρχειν
1034 429 1105 471 καὶ
1139 427 1269 472 πλέον
1306 426 1425 484 ἔχειν.
1463 428 1550 471 ἐπεὶ

220 493 328 547 ποίῳ
369 493 516 546 δικαίῳ
551 493 762 547 χρώμενος
792 491 948 548 Ξέρξης
984 492 1051 535 ἐπὶ
1086 492 1165 547 τὴν
1193 488 1374 535 Ἐλλάδα
1411 491 1549 547 ἐστρά-

221 567 392 606 τευσεν,
430 556 456 610 ἢ
485 557 509 598 ὁ
545 555 682 610 πατὴρ
721 557 854 599 αὐτοῦ
893 556 960 598 ἐπὶ
987 558 1187 607 Σκύθαςς
1224 557 1251 611 ἢ
1287 559 1393 599 ἄλλα
1419 559 1551 611 μυρία

219 623 275 662 ἄν
300 636 362 669 τις
387 618 473 674 ἔχοι
499 623 673 662 τοιαῦτα
701 620 847 675 λέγειν.
888 621 993 669 ἀλλ’,
1023 617 1152 675 οἶμαι,
1196 615 1314 664 οὗτοι
1340 621 1445 664 κατὰ
1472 623 1551 675 φύ-

219 694 287 726 σιν
317 683 411 738 [τὴν
436 690 514 727 τοῦ
540 680 722 735 δικαίου]
752 691 884 727 ταῦτα
911 686 1156 738 πράττουσι,
1183 685 1254 727 καὶ
1281 686 1353 727 ναὶ
1379 685 1437 739 μὰ
1466 688 1552 728 Δία

219 748 324 791 κατὰ
351 750 486 802 νόμον
523 763 569 802 γε
606 749 683 790 τὸν
718 755 792 803 τῆς
830 750 1020 803 φύσεως,
1040 750 1112 801 ,οὐ
1149 748 1294 803 μέντοι
1321 749 1420 799 ἴσως
1446 749 1552 791 κατὰ

286 885 326 918 Ε.
350 883 482 918 αὐτοῦ
507 884 577 918 ἐπὶ
606 884 802 929 Σκύθας]
828 885 884 918 ἐπὶ
910 884 987 921 τοὺς
1013 886 1075 920 Σκ.
1099 890 1180 920 vett.
1203 886 1295 921 editt.
1314 887 1432 920 invitis
1454 887 1553 921 codd.

220 940 299 962 mss.
324 933 457 972 praeter
478 931 556 963 Par.
579 931 618 965 E.
642 931 712 963 fere
735 930 903 963 omnibus.

287 972 360 1017 τὴν
384 978 456 1006 τοῦ
480 975 598 1007 ὅικαί
605 987 623 1007 ο
635 974 671 1017 υ]
706 975 803 1008 Haeo
832 974 938 1008 verba
961 975 1080 1007 merito
1111 976 1154 1007 ab
1179 975 1490 1009 Schleiermachero
1515 977 1550 1009 in

218 1019 434 1062 glossematis
463 1020 692 1062 suspicionem
723 1023 843 1053 vocata
871 1019 1058 1052 defendunt
1081 1019 1210 1060 Aetius,
1235 1020 1411 1052 Daehnius
1440 1030 1471 1063 p.
1497 1020 1549 1055 12.

219 1067 253 1095 et
274 1064 478 1103 Hermann,
502 1074 582 1096 nam
605 1064 854 1106 quaestionem:
881 1066 969 1107 ποίῳ
994 1063 1137 1107 δικαίου
1159 1075 1229 1097 ιιοιι
1252 1064 1444 1119 significare
1468 1066 1553 1098 Xer-

219 1118 299 1140 xem
322 1108 448 1140 iniuria
470 1087 620 1141 'Graecos
643 1119 841 1152 aggressum
865 1119 957 1149 esse,
981 1108 1039 1142 sed
1062 1109 1198 1163 quaeri,
1230 1112 1342 1141 utrum
1377 1107 1483 1149 νόμου
1508 1120 1551 1142 an

222 1151 361 1193 φύσεως
385 1152 514 1195 δικαίῳ,
537 1153 595 1186 eui
616 1154 683 1205 ipsi
705 1152 932 1196 respondeant
953 1152 1058 1186 verba
1072 1151 1154 1185 κατὰ
1173 1151 1281 1194 φύσιι
1303 1156 1362 1186 τοῦ
1385 1152 1529 1186 δικαίου.

287 1186 519 1236 τιθέμεθα·
546 1195 805 1232 πλάττοντες
831 1197 928 1232 τούς
953 1197 1075 1241 fiola]
1109 1198 1203 1230 Haec
1226 1197 1330 1240 vulgo
1353 1198 1403 1230 sie
1427 1198 1553 1241 scripta

219 1240 438 1284 legebantur:
463 1240 641 1281 τιθέμεθα,
667 1240 862 1276 πλάττοντες
886 1239 963 1277 τοὺς
987 1242 1184 1284 βελτίστους
1215 1242 1270 1275 καὶ
1295 1239 1553 1284 ἐρῤωμενεστᾰ-

219 1359 363 1404 δηλώσει
399 1361 618 1404 (patebit),
666 1360 715 1394 ὅτι
755 1366 852 1395 τοῦτο

219 1406 279 1445 μέν
310 1418 338 1439 τι
369 1409 414 1450 τῷ
445 1405 518 1438 ὄντι
547 1407 653 1438 θεῖον
684 1401 745 1449 ἦν,
792 1406 853 1439 ubi

217 1451 505 1484 maleFioinus
527 1450 688 1483 reddidit:
713 1450 853 1484 deela-

218 1496 348 1527 rabit.
364 1495 515 1537 Epistol.
541 1495 667 1528 Soerat.
690 1493 729 1528 3:
754 1494 852 1528 οὔπω

221 1537 249 1571 δ’
277 1538 347 1572 ἐστὶ
374 1538 523 1581 φανεροί·
557 1535 648 1578 οἶμαι
672 1538 785 1579 μέντοι
811 1537 853 1572 οὐ

219 1585 346 1616 πολλοῦ
381 1582 465 1616 αὐτὰ
501 1582 668 1626 δηλώσειν
711 1584 850 1625 χρόνου.

219 1629 275 1660 Sic
297 1628 454 1682 intelligo
477 1627 685 1661 Herodot.
712 1629 774 1669 111,
788 1628 851 1661 82:

218 1673 272 1705 καὶ
299 1672 338 1705 ἐν
356 1684 468 1726 τουτῳ
499 1671 647 1714 διέδεξε,
683 1670 755 1714 ὅσῳ
779 1672 849 1705 ἐστὶ

220 1720 316 1749 τοῦτο
349 1714 501 1759 ἄριστον.
558 1717 677 1759 Itaque
700 1727 769 1749 non
801 1722 853 1750 est

218 1761 325 1816 quod
332 1771 411 1794 cum
433 1761 695 1794 Heindorfio
726 1761 852 1794 intelli-

217 1817 280 1848 gas
306 1803 326 1848 ἡ
351 1804 466 1846 φύσις.
500 1805 582 1838 Mox
602 1806 851 1839 animadvertes

218 1851 321 1883 haec.
347 1848 397 1882 ὅτι
420 1849 528 1883 οὕτως
552 1850 636 1892 ἔχει,
659 1851 851 1884 accuratius

217 1894 387 1927 declarari
403 1893 533 1927 verbis·
557 1893 606 1926 ὅτι
630 1893 672 1926 οὔ
675 1906 718 1927 τω
743 1893 779 1928 τὸ
799 1895 850 1927 δι-

219 1934 316 1972 καιοῖ
340 1938 486 1978 κέκριται
510 1951 536 1971 κ.
563 1951 586 1971 τ.
612 1940 638 1971 λ.

262 1983 302 2016 Ε.
340 1981 360 2026 ἢ
393 1982 494 2015 ἄλλα
526 1985 661 2024 μυρία
698 1981 749 2015 ἄν
789 1995 849 2018 τις

218 2027 304 2069 ἔχοι
343 2027 409 2069 -]
464 2027 558 2060 Male
604 2028 850 2083 Stephanus

218 2071 407 2114 corrigebat
445 2070 465 2115 ἢ
495 2070 575 2104 ἄλλα
610 2074 717 2114 μυρία
749 2070 770 2104 ἃ
805 2071 850 2104 ἄν

218 2127 264 2150 τις
288 2116 364 2158 ἔχοι.
396 2127 427 2148 v,
457 2116 499 2148 ad
523 2117 550 2148 A
554 2116 667 2159 polog.
691 2117 785 2149 Socr.
817 2127 849 2159 p.

215 2159 269 2193 41.
277 2161 315 2192 Β.
331 2154 540 2202 Phaedonp
543 2127 622 2192 ‚1³94
639 2161 677 2192 B.
697 2160 846 2193 Matth.

217 2205 275 2237 Gr.
300 2205 401 2247 ampl.
426 2206 456 2244 ἓ.
479 2203 555 2237 474.
580 2204 610 2236 d
637 2205 719 2236 Mox
744 2205 849 2237 verba

217 2246 278 2291 τὴι
303 2253 363 2282 τοῦ
387 2249 519 2281 δικαιόι
542 2249 713 2291 glossema
742 2249 848 2291 inepti

215 2293 467 2335 interpolatoris
496 2293 647 2326 redolere
671 2297 769 2325 acute
800 2294 849 2325 vi-

215 2337 265 2369 dit
289 2338 733 2370 Schleiermaoherus.
771 2338 847 2371 Ete-

214 2381 284 2413 nim
317 2379 337 2423 ή
377 2381 481 2422 φύσις
517 2385 576 2413 τοῦ
615 2381 748 2414 δικαίου
780 2382 848 2415 huo

213 2424 351 2468 prorsus
390 2437 457 2458 non
498 2426 661 2468 pertinet,
706 2436 848 2459 comme-

214 2470 337 2502 morari
374 2472 487 2512 potius
525 2470 670 2503 debebat
716 2468 751 2503 τὸ
791 2474 847 2513 τῆς

215 2513 356 2554 φύσεως
387 2513 538 2552 δίκαιον,
572 2519 610 2546 ut
633 2525 663 2557 p.
694 2513 847 2555 484wa

215 2562 274 2591 aut
321 2557 389 2590 dici
426 2555 506 2591 κατὰ
547 2557 655 2598 φύσιν
707 2558 845 2594 δικαίωςΊ

216 2605 315 2635 ταῦτα
339 2614 397 2644 πρ.
442 2603 529 2636 Nam
562 2603 728 2636 sententia
760 2603 846 2637 haee

214 2651 284 2680 est.
310 2646 421 2679 illud
443 2648 531 2689 ius,
563 2648 679 2689 quod
709 2652 773 2681 est
795 2649 845 2681 :b

214 2691 467 2726 hominibus
492 2693 792 2734 constitutum,
810 2691 843 2724 τὸ

921 1359 1003 1395 κατὰ
1020 1360 1135 1402 νόμον,
1152 1363 1232 1395 isti
1255 1363 1449 1396 homines
1472 1364 1553 1396 uti-

921 1417 1001 1450 que
1016 1407 1294 1440 vehementer
1310 1407 1553 1449 laeserunt,

921 1455 965 1484 at
1008 1462 1113 1485 vero
1159 1452 1396 1490 secundum
1439 1457 1553 1485 natu-

920 1506 1007 1528 ram
1030 1496 1104 1528 illi
1136 1500 1319 1540 egerunt
1341 1502 1473 1539 atque
1501 1508 1551 1530 ex

919 1540 1018 1594 lege
1041 1544 1234 1574 naturae.
1256 1541 1348 1574 Hinc
1362 1551 1456 1583 seqq.
1472 1539 1552 1574 κατὰ

923 1582 1030 1623 ιόμον
1070 1596 1108 1637 γε
1149 1588 1205 1627 τῆς
1239 1583 1379 1626 φύσεως
1408 1590 1554 1618 tantum-

919 1628 1018 1661 modo
1054 1626 1161 1668 νόμον
1189 1633 1224 1662 et
1254 1628 1364 1670 φύσιν
1400 1631 1488 1663 inter
1517 1642 1552 1663 se

919 1673 1045 1715 οΡΡοιιὶ
1075 1673 1269 1707 ostendunt.
1313 1675 1431 1716 Itaque
1461 1674 1551 1707 falli-

918 1722 973 1749 tur
1002 1718 1061 1760 qui
1097 1715 1158 1760 τὴν
1189 1721 1248 1751 τοῦ
1279 1718 1412 1751 δικαίου
1443 1718 1554 1759 φύσιν

918 1761 1160 1804 interpretatur
1193 1766 1390 1795 naturam
1422 1763 1552 1803 iuris,

918 1806 960 1839 de
984 1817 1053 1848 qua
1076 1817 1119 1839 ne
1149 1807 1290 1850 cogitari
1321 1807 1457 1850 quidem
1480 1813 1553 1850 pot-

919 1855 980 1890 est,
1016 1861 1128 1904 quum
1143 1855 1214 1884 tota
1237 1851 1302 1884 hae
1323 1851 1553 1906 disputatione

919 1893 954 1928 τὸ
979 1893 1060 1927 κατὰ
1088 1893 1196 1935 νόμοι·
1219 1900 1253 1928 et
1275 1893 1310 1928 τὸ
1335 1895 1416 1929 κατὰ
1441 1894 1552 1937 φύσιν

918 1940 1006 1971 inter
1046 1950 1081 1972 se
1121 1945 1335 1994 oppo'nantur
1378 1951 1487 1983 neque
1532 1939 1552 1984 ἡ

919 1987 979 2016 τοῦ
1003 1983 1135 2020 δικαίου
1163 1983 1215 2024 φι’
1217 1995 1268 2019 otc
1290 1995 1434 2027 usquam
1462 1995 1550 2018 com·

917 2032 1129 2061 memoretur.
1181 2029 1254 2062 Nee
1287 2039 1366 2061 vero
1404 2029 1477 2062 ulla
1514 2030 1549 2061 in

916 2072 980 2104 bac
1001 2073 1213 2125 oppositione
1237 2074 1326 2106 inest
1347 2072 1550 2114 obscuritas,

916 2126 1020 2158 quum
1044 2118 1119 2159 ipsa
1141 2127 1195 2150 res
1223 2118 1291 2150 iam
1316 2122 1416 2151 antea
1437 2117 1549 2151 deela-

916 2164 990 2193 rata
1012 2161 1056 2193 sit
1089 2160 1221 2203 p48.2.
1244 2162 1283 2194 Ε.
1316 2172 1408 2205 seqq.
1429 2180 1475 2187 —
1496 2163 1550 2195 De

915 2205 1060 2237 formula
1084 2171 1139 2237 καὶ
1168 2205 1208 2249 ιὴ
1231 2203 1276 2245 μὰ
1290 2206 1363 2238 Δία
1379 2206 1443 2248 (sio
1458 2207 1548 2240 enim

915 2249 1228 2293 corrigendum)v.1²*
1237 2250 1388 2283 ritseh.
1396 2252 1551 2292 Quaestt.

914 2294 1134 2336 Luoiann.p
1113 2305 1142 2336 p.
1169 2294 1235 2329 155
1267 2305 1335 2337 seq.
1381 2295 1548 2328 Addimus

914 2337 1141 2381 Aristoph.
1177 2340 1264 2372 Avv.
1294 2350 1327 2372 ν.
1349 2338 1425 2373 577.
1450 2338 1549 2373 1144.

914 2383 1024 2417 Rann.
1066 2393 1097 2415 v.
1134 2382 1210 2417 861.
1242 2383 1295 2417 ed.
1326 2383 1428 2416 Dind.
1458 2384 1549 2417 infra

915 2437 959 2479 p..⁸
971 2425 1046 2459 527.
1072 2428 1114 2460 D.

940 2468 987 2502 ὂν
1012 2468 1137 2514 ἡμεῖς
1155 2470 1383 2511 τιθέμεθα·
1401 2472 1548 2515 atzam]

914 2515 1008 2547 Nihil
1048 2516 1083 2548 in
1129 2516 1183 2548 his
1221 2515 1295 2548 loco
1331 2516 1547 2558 movendum,

913 2559 1093 2593 dummodo
1132 2560 1230 2593 colon
1268 2565 1346 2603 post
1371 2560 1547 2614 τιθέμεθα

914 2604 1079 2637 inseratur
1108 2609 1141 2637 et
1165 2605 1219 2638 καὶ
1250 2609 1327 2647 post
1358 2602 1470 2645 ὥςπερ
1495 2605 1545 2638 λε’-

913 2660 1014 2683 οιιας
1052 2659 1129 2682 eum
1162 2647 1257 2682 codd.
1287 2659 1367 2684 mss.
1409 2650 1545 2692 optimis

913 2696 946 2726 et
977 2693 1132 2737 plurimis
1160 2693 1327 2728 eiiciatur.
1372 2693 1425 2726 Ita
1452 2695 1545 2728 enim
