1696 2976
133 113 188 156 58
671 116 970 158 PLAToms

134 230 206 276 καὶ
221 227 395 277 Ἱππίαν
418 235 683 292 ἐκαλέσαμεν
706 235 778 279 καὶ
800 232 899 288 τούς
921 231 1012 293 μετ’
1042 230 1207 290 αὐτῶν,
1231 236 1304 279 ’ἶνα
1335 231 1519 279 ἐπακού-

134 312 271 343 σωσιν
294 296 438 357 ἡμῶν;
474 299 604 346 Πάνυ
627 301 708 359 μὲν
731 295 833 358 οὖν,
867 307 951 359 ἔφη
974 301 996 346 ὁ
1024 298 1327 359 Πρωταγόρας.
1357 299 1513 347 Βούλε-

133 373 215 411 σθε
239 359 343 422 οὖν,
368 364 391 410 ὁ
415 373 607 421 Καλλίας
632 373 739 427 ἔφη,
764 371 996 427 συνέδριον
1019 365 1422 426 κατασκευάσωμεν,
1447 371 1522 414 ἵνα

131 431 405 491 καθιζόμενοι
430 437 716 493 διαλέγησθε;
743 433 907 482 Ἐδόκει
931 437 1097 494 χρῆναι.
1131 432 1310 492 ἅσμενοι
1337 434 1384 480 δὲ
1408 433 1519 482 πάν-

130 518 198 552 τες
222 497 360 557 ἡμεῖς,
386 499 443 554 ὡς
467 499 753 561 ἀκουσόμενοι
777 501 953 562 ἀνδρῶν
977 503 1142 560 σοφῶν,
1166 502 1238 547 καὶ
1257 499 1380 548 αὐτοὶ
1398 500 1519 548 ἀντι-

132 565 364 625 λαβόμενοι
394 570 483 614 τῶν
515 568 701 629 βάθρων
732 571 804 615 καὶ
834 573 922 616 τῶν
953 571 1116 615 κλινῶν
1154 568 1520 628 κατεσκευάζομεν

129 633 247 692 παρὰ
264 633 499 697 τῷἹππία·
527 639 618 683 ἐκεῖ
637 636 719 696 γὰρ
737 639 987 695 προϋπῆρχε
1010 633 1062 681 τὰ
1079 634 1248 694 βάθρα·
1276 639 1323 682 ἐν
1346 636 1395 683 δὲ
1418 635 1519 682 τού-

91 717 102 728 ’
128 720 188 762 τῳ
213 707 406 756 Καλλίας
428 722 474 749 τε
498 705 570 749 καὶ
588 702 863 762 Ἀλκιβιάδης
887 702 1046 762 ἡκέτην
1069 701 1223 760 ἄγοντε
1253 702 1330 749 τὸν
1352 702 1518 763 Πρόδι-

128 787 222 826 κον,
247 767 567 829 ἀναστήσαντες
592 774 639 818 ἐκ
661 774 737 830 τῆς
760 777 926 829 κλίνης,
951 773 1022 817 καὶ
1046 769 1146 824 τούς
1168 769 1274 829 μετὰ
1297 773 1374 817 τοῦ
1398 778 1515 831 Προ-

128 840 266 883 δίκον.

227 937 328 998 Cap,
356 938 426 986 IX.
458 937 577 985 Ἐπεὶ
602 941 649 986 δὲ
674 938 830 993 πάντες
854 938 1258 998 συνεκαθεζόμεθα,
1283 937 1304 984 ὁ
1331 947 1516 999 Πρωτα-

126 1004 279 1065 γόρας,
312 1010 414 1054 Νῦν
438 1005 492 1066 δὴ
517 1004 593 1064 ἄν,
628 1012 728 1067 ἔφη,
762 1009 915 1067 λέγοις,
942 1001 975 1053 ὦ
1000 1006 1245 1066 Σώκρατες,
1271 1006 1420 1066 ἐπειδὴ
1444 1009 1515 1054 καὶ

123 1140 248 1170 vatum
272 1141 327 1170 cst
348 1139 501 1171 Theaet.
525 1149 559 1181 p.
579 1140 642 1172 147
659 1138 706 1180 Α,
737 1138 781 1172 de
811 1149 886 1182 rep.
901 1140 1000 1173 VIII.
1023 1149 1056 1181 p.
1075 1139 1140 1171 580
1155 1139 1207 1180 D,
1228 1139 1315 1171 item
1335 1141 1517 1183 παρεῖμεν

122 1183 288 1216 Parmen.
305 1194 339 1225 p.
359 1184 421 1216 127
439 1184 480 1215 Α.

213 1228 259 1260 D.
299 1226 467 1271 σννέδρ
525 1237 886 1279 κατασκευασωμ
901 1226 961 1272 εν]
1017 1229 1123 1262 Vind.
1174 1223 1516 1272 κατασκευάσομεν.

123 1271 265 1305 Deinde
281 1273 392 1327 vulgo
408 1240 670 1328 καρθεζόμενοι,
689 1272 782 1314 quod
799 1284 818 1305 e
835 1273 939 1306 Bodl.
955 1273 1060 1306 Vind.
1080 1276 1116 1306 et
1132 1275 1214 1307 Vat.
1233 1277 1443 1309 correctum.

212 1315 289 1350 καὶ
306 1316 438 1351 αυτοὶ
455 1312 615 1361 dvcta]
635 1318 741 1359 Vulg
761 1311 873 1351 αὐτοί
886 1328 938 1371 τε,
956 1318 1019 1350 sed
1031 1321 1130 1351 recte
1145 1318 1255 1351 Coisl.
1274 1329 1311 1352 τε
1326 1329 1393 1352 orn.
1385 1343 1405 1360 .‚
1423 1319 1517 1361 quod

122 1361 200 1394 Ast.
207 1372 245 1394 m
253 1373 295 1405 γε
303 1362 512 1396 mutandum
521 1363 673 1396 censuit.
683 1357 835 1406 -παρὰ
852 1362 902 1407 τῷ
910 1358 1040 1406 εἸτιτττιςιι
1055 1374 1073 1396 e
1088 1363 1189 1398 Bodl.
1203 1365 1288 1398 Vat.
1305 1367 1519 1407 receperunt

123 1407 308 1440 Turicens.
326 1408 424 1450 vulg.
443 1403 544 1461 παρὰ
564 1403 630 1441 τὸν
640 1403 806 1442 Ιππίαν.

210 1452 253 1483 Ε.
278 1462 444 1495 αγοντε
468 1449 546 1486 τὸν
575 1453 670 1495 Πρ.,
697 1462 839 1486 αναστ
882 1450 1058 1503 σαντες]
1092 1453 1281 1487 Heindorf.
1308 1454 1399 1486 coni.
1424 1448 1517 1486 ἅνα-

123 1490 318 1549 στήσαντε,
336 1497 399 1530 sed
414 1508 449 1531 v.
467 1497 664 1539 Euthydp
669 1498 759 1531 ,273
775 1498 824 1529 D:
849 1464 872 1530 ἕ
869 1493 1078 1541 γελασάτην
1099 1498 1193 1541 γοῦν
1213 1508 1329 1540 αμφω
1353 1495 1515 1540 βλέψαν-

122 1550 182 1580 τες
200 1538 253 1580 εἰς
270 1536 428 1594 ἀλλήλω
464 1542 570 1584 Gorg.
588 1552 622 1584 p.
639 1508 702 1574 481
721 1542 766 1575 D.
784 1542 978 1584 Phaednp
983 1543 1072 1576 .278
1088 1542 1130 1576 B.

211 1585 300 1638 Cap.
317 1587 382 1619 IX.
402 1581 524 1620 Ἐπεὶ
541 1583 587 1619 δὲ
605 1597 773 1624 παντες
789 1584 847 1629 --]
869 1587 941 1619 Sic
952 1587 1052 1621 codd.
1070 1587 1237 1620 meliores
1250 1597 1384 1621 omnes.
1400 1587 1517 1629 Vulgo

121 1598 314 1674 ἐπειδὴδὲ
330 1642 369 1665 π.
385 1632 526 1665 Deinde
544 1627 563 1664 ὁ
582 1634 665 1663 ante
683 1642 812 1664 nomen
829 1631 1051 1682 Protagorae
1069 1631 1252 1664 codicibus
1269 1632 1393 1664 invitis
1408 1631 1517 1674 vulgo

121 1675 257 1709 deerat.
299 1676 384 1709 Mox
406 1679 494 1710 vett.
517 1676 617 1710 editt.
643 1670 755 1719 ὀλίγῳ
778 1671 975 1719 πρότερον,
1006 1678 1132 1710 contra
1162 1676 1262 1710 codd.
1286 1676 1517 1719 plurimorum

122 1721 404 1764 optimorumque
422 1722 689 1754 auctoritatem.

165 1828 184 1866 ὁ
202 1833 403 1872 Καλλίας
421 1829 474 1876 ἔφ
486 1830 525 1877 η]
554 1832 689 1866 Contra
705 1833 785 1866 vul·

120 1889 243 1921 garem
258 1878 431 1920 loquendi
446 1889 550 1911 usum
563 1877 704 1911 Calliae
722 1888 784 1911 no-

119 1933 201 1956 men
216 1934 313 1955 nunc
328 1924 576 1966 praepositum
593 1926 659 1961 est,
683 1923 785 1955 cuius

119 1969 305 2000 sententia
321 1970 361 2000 ut
377 1968 530 2011 hospitis
555 1968 710 2000 omnium
729 1978 783 2000 es-

120 2015 178 2045 set
196 2013 423 2064 gravissima.

156 2052 338 2091 Εδόκει
371 2056 450 2101 χρῆ
462 2055 551 2100 ναι]
595 2058 784 2098 Frequens

119 2104 175 2134 est
190 2101 258 2135 hoc
279 2104 316 2134 in
338 2102 547 2135 narratione
571 2101 783 2153 asyndeton,

118 2150 158 2179 ut
180 2147 277 2189 infra
306 2159 340 2190 p.
360 2149 424 2180 338
442 2148 489 2179 Ε.
523 2140 647 2179 ἐδόκει
669 2145 786 2180 πᾶσιν

119 2202 216 2224 ουτω
252 2189 429 2236 ποιητέον
468 2187 578 2224 εἶναι.
619 2191 783 2234 Xenoph.

118 2235 628 2278 Anabww1320v18221

163 2279 242 2315 καὶ
259 2263 406 2325 αὐτοὶ]
441 2281 521 2314 Νοιι
544 2281 783 2322 exspectaba-

118 2336 208 2367 mus,
233 2329 273 2358 ut
291 2327 386 2360 servi
401 2325 578 2365 subsellia
594 2325 783 2368 lectosque

119 2374 386 2423 componerent.
421 2389 461 2394 -—
493 2370 548 2403 Ad
579 2379 784 2403 κατασκευ-

118 2410 255 2458 άζομεν
277 2416 393 2458 liquet
416 2426 434 2448 e
459 2414 706 2469 superioribus
728 2425 781 2447 re-

118 2462 193 2503 peti
210 2464 377 2513 oportere
394 2458 605 2511 συνέδριον.

164 2506 205 2538 Ε.
233 2515 397 2549 αγοντε
426 2500 471 2537 τὸ
487 2516 507 2538 ν
536 2499 781 2548 Πρόδικον]

117 2550 235 2583 Homo
251 2550 370 2583 mollis
389 2553 425 2582 et
442 2550 640 2590 delicatus,
660 2550 721 2591 qui
740 2550 784 2581 ad

118 2595 268 2628 multum
296 2595 390 2628 diem
420 2594 606 2634 cubuerat,
640 2593 784 2627 tandem

119 2641 252 2673 electo
270 2641 454 2673 excitatus
471 2639 733 2691 adducitur,
749 2649 784 2673 v.

162 2685 283 2718 315A=
301 2677 368 2723 οὓς
385 2677 468 2727 ἄγει
486 2678 506 2716 ὁ
521 2663 783 2728 Πρωταγόρας

119 2696 212 2762 gunt
239 2730 301 2772 qui
329 2728 385 2762 his
412 2727 534 2761 verbis
550 2728 696 2761 Prodici
724 2738 784 2761 ae-

120 2784 221 2817 gram
236 2773 483 2808 valetudinem
499 2773 654 2805 describi
664 2773 785 2805 existi-

120 2823 243 2861 ment,
261 2820 325 2852 sed
347 2819 483 2852 homini
505 2829 523 2850 c
547 2817 668 2851 dolore
686 2818 784 2852 labo-

851 1835 948 1866 ranti
975 1834 1013 1865 in
1029 1833 1166 1866 lectulo
1187 1833 1328 1874 melius,
1357 1843 1462 1876 quam
1480 1835 1517 1867 in

850 1878 919 1911 tali
937 1888 1107 1911 consessu
1123 1882 1351 1921 prospectum
1374 1879 1517 1921 fuisset,

853 1926 889 1956 et
912 1923 1083 1956 Socrates
1112 1933 1270 1957 summae
1295 1926 1393 1956 esset
1414 1924 1517 1956 inhu-

851 1969 1040 2000 manitatis
1064 1968 1303 2009 incusandae,
1338 1969 1370 2001 si
1392 1968 1516 2001 Prodi-

853 2023 932 2045 cum
950 2016 1134 2055 aegrotum
1151 2023 1195 2046 ea
1205 2023 1274 2055 qua
1282 2013 1517 2046 fecitratione

851 2060 1061 2099 tractasset,
1077 2068 1110 2090 v.
1129 2068 1163 2100 p.
1181 2058 1243 2090 341
1263 2068 1317 2100 sq.

899 2123 987 2167 Cap.
1003 2124 1065 2157 IX.
1085 2119 1513 2168 σννεκαθεζόμεθα]

853 2169 913 2201 hic
934 2179 1056 2202 omnes
1080 2172 1225 2212 praeter
1247 2170 1438 2212 Hippiam,
1455 2171 1517 2212 qui

854 2214 995 2256 quidem
1013 2215 1048 2246 in
1067 2214 1159 2247 solio
1182 2215 1333 2254 mansit,
1358 2215 1394 2246 in
1411 2214 1517 2247 lectis

853 2262 890 2291 et
912 2259 1100 2292 subselliis
1124 2259 1381 2297 consederunt,
1415 2262 1455 2292 at
1479 2259 1516 2291 in

853 2303 956 2336 sellis
972 2303 1141 2337 sedentes
1157 2303 1202 2336 de
1224 2314 1262 2336 re
1279 2304 1427 2346 publica
1443 2314 1515 2337 ser-

852 2358 976 2380 mones
1003 2349 1140 2381 habent
1167 2349 1228 2390 qui
1256 2348 1302 2380 ad
1332 2347 1516 2381 Polemar-

852 2393 958 2425 chum
984 2393 1044 2426 vel
1072 2394 1108 2426 in
1127 2393 1281 2435 Cephali
1309 2393 1449 2426 domum
1479 2393 1517 2425 in

852 2438 984 2471 Piraeo
1001 2438 1109 2470 sitam
1133 2440 1394 2477 convenerant,
1419 2447 1454 2471 v.
1473 2437 1516 2470 de

852 2493 927 2525 rep.
951 2483 1016 2515 328
1040 2483 1085 2515 C.
1110 2482 1300 2525 καθῆστο.
1312 2462 1403 2515 ,ἐπί
1417 2492 1517 2520 τινος

852 2494 1319 2615 ἷὲοἴῗεῗέἓᾳῖοὲἱὲἔὲἶ
1335 2525 1431 2604 {⁹52⁰
1434 2537 1518 2605 οἵ..

852 2580 1266 2703 {infusi-,im
1292 2582 1361 2659 ⁷²³⁰
1386 2615 1517 2658 ‘⁹²⁰⁰

898 2728 1000 2762 Νῦν
1026 2723 1081 2771 δὴ
1111 2721 1184 2770 ἄν,
1216 2724 1320 2770 ἔφη,
1346 2723 1514 2774 λέγοις]

853 2772 1516 2860 11531(1)1311bcizsigitur,inquit,di‹=ere
