1696 2976
526 109 939 162 PROTAGORAS.
977 124 1021 162 P.
1044 126 1123 160 318.
1153 123 1236 162 s'r.
1347 105 1349 107 ’
1534 117 1589 163 59

173 247 271 291 οἵδε
291 242 486 304 πάρεισι,
506 243 608 302 περὶ
632 260 695 287 ων
716 238 868 299 ὀλίγον
893 239 1110 326 πρότερον
1132 244 1292 299 μνείαν
1311 241 1463 285 ἐποιοῦ
1481 237 1589 298 πρὸς

175 313 248 372 ε’με
271 311 384 371 ὑπερ
407 314 506 392 voi]3
510 315 759 357 νεανίσκου.
806 311 896 355 Καὶ
929 308 1013 367 ἐγω
1050 308 1191 366 εἷπον,
1222 327 1290 354 οτι
1309 305 1369 354 Ἡ
1388 305 1500 365 αὐτή
1517 327 1590 366 μοι

173 379 287 441 ἀρχή
312 383 448 438 ἐστιν,
474 399 508 425 ω
533 376 821 438 Πρωταγόρα,
847 376 959 436 ἥπερ
985 375 1098 437 ἅρτι,
1131 378 1233 435 περὶ
1265 396 1329 422 ων
1352 374 1587 435 ἀφικόμην.
1604 393 1669 424 318

167 447 453 508 Ἱπποκρατης
493 446 576 506 γὰρ
616 445 692 493 οδε
722 444 930 505 τυγχάνει
971 448 1020 492 ἐν
1052 447 1270 506 ἐπιθυμίᾳ
1310 441 1377 490 ὢν
1403 447 1479 504 τῆς
1512 447 1592 502 σῆς

175 523 436 571 συνουσίας
457 515 481 562 ὅ
503 536 545 562 τι
564 509 646 562 οὖν
663 513 782 577 αὐτῷ
800 513 1094 599 ἀποβήσεται,
1116 512 1194 560 εἀν
1213 528 1282 560 σοι
1301 516 1432 574 συνῇ,
1451 511 1592 571 ἡδέως

175 585 231 632 ἄν
254 601 364 645 φησι
388 586 630 631 πυθέσθαι.
656 586 862 637 τοσοῦτος
885 581 910 628 6
934 603 984 642 γε
1008 581 1215 643 ἡμέτερος
1240 581 1378 640 λόγος.
1407 580 1591 628 Ὑπολα-

175 653 271 713 βών
294 647 376 701 οὖν
400 652 423 699 ὁ
450 651 748 713 Πρωταγόρας
782 651 926 698 εἶπεν
952 645 1007 698 ³52
1031 657 1259 709 νεανίσκε,
1293 655 1414 696 ἔσται
1437 654 1593 696 τοίνυν

175 738 266 780 σοι,
302 721 380 769 ἐὰν
405 723 501 781 ἐμοὶ
525 724 686 781 συνῇς,
720 714 749 781 ᾗ
780 718 838 766 ἂν
860 719 1001 781 ἡμέρα
1036 721 1132 778 ἐμοὶ
1164 721 1383 779 συγγένῃ,
1416 717 1593 765 ἀπιέναι

174 795 326 838 οἴκαδε
350 795 544 849 βελτίονι
568 788 781 848 γεγονότι,
807 791 881 834 καὶ
900 791 948 835 ἐν
970 791 1023 848 τῇ
1040 789 1255 848 ὑστεραία
1278 785 1416 834 ταύτὰ
1440 790 1592 844 ταῦτα,

175 861 249 906 καὶ
273 858 455 918 ἑκάστης
479 857 642 918 ἡμέρας
666 856 736 904 ἀεὶ
756 858 826 903 ἐπὶ
843 856 892 903 τὸ
911 858 1086 916 βέλτιον
1105 854 1368 903 ἐπιδιδόναι.
1394 858 1484 902 Καὶ
1509 854 1594 913 ἐγώ

175 927 367 982 ἀκούσας
393 927 539 974 εἷπον·
577 920 632 973 Ὦ,
656 924 956 986 Πρωταγόρα,
989 928 1117 972 τοῦτο
1148 925 1230 984 μὲν
1255 923 1390 971 οὐδὲν
1413 932 1594 983 θαυμα-
1617 941 1646 972 Β

175 995 280 1043 στὸν
303 998 460 1054 λέγεις,
486 994 597 1040 ἀλλὰ
623 993 759 1052 εἰκός,
797 996 892 1041 ἐπεὶ
917 991 1000 1040 κᾶν
1033 992 1112 1051 σύ,
1155 999 1314 1052 καίπερ
1339 995 1593 1052 τηλικοῦτος

175 1062 239 1111 ὢν
271 1066 344 1110 καὶ
375 1063 489 1110 οὕτω
522 1062 674 1122 σοφός,
724 1070 769 1109 εἴ
795 1069 860 1116 τίς
893 1078 942 1109 σε
974 1061 1194 1116 διδάξειεν
1225 1059 1248 1107 ὃ
1279 1059 1339 1121 μὴ
1362 1059 1594 1120 τυγχάνεις

175 1131 476 1192 ἐπιστάμενος,
502 1137 690 1190 βελτίων
714 1129 770 1177 ἂν
793 1133 951 1190 γένοιο.
980 1129 1091 1176 ἀλλὰ
1115 1129 1175 1189 μὴ
1199 1129 1354 1187 οὕτως,
1379 1127 1479 1175 ἀλλ’
1507 1128 1596 1175 ὤσ-

175 1220 258 1260 περ
283 1199 339 1247 ἆν
371 1205 413 1247 εἰ
443 1199 601 1246 αὐτίκα
633 1198 752 1259 μάλα
785 1198 1047 1259 μεταβαλὼν
1069 1198 1152 1257 τὴν
1183 1201 1430 1258 ἐπιθυμίαν
1446 1196 1595 1245 Ἱππο-

175 1269 335 1329 κράτης
359 1268 436 1316 ὅδε
471 1267 762 1327 ἐπιθυμήσειε
785 1271 861 1327 τῆς
886 1273 1129 1322 συνουσίας
1157 1266 1316 1314 τούτου
1339 1270 1418 1313 τοῦ
1441 1272 1595 1313 νεανί-

175 1354 285 1385 σκου
308 1341 386 1386 τοῦ
410 1340 496 1384 νῦν
527 1338 686 1384 νεωστὶ
718 1339 1052 1396 ἐπιδημοῦντος,
1075 1338 1341 1391 ’Ζευξίππου
1364 1338 1443 1382 τοῦ
1459 1333 1595 1396 Ἡρα-

264 1484 305 1515 Ρ.
324 1484 402 1519 318
428 1484 470 1516 Β
496 1495 555 1516 ων
577 1481 657 1516 καὶ
680 1493 799 1516 ουτω
823 1477 984 1526 σοφός]
1016 1474 1406 1520 B0d1.Vind.ov‘m9
1428 1490 1461 1514 σ.
1497 1482 1595 1514 Dein

173 1530 271 1572 vulg.
291 1540 315 1562 α
339 1524 397 1581 μὴ
417 1523 629 1572 τυγχάνεις.
648 1539 668 1561 ο
694 1539 712 1561 e
730 1528 834 1561 Bodl.
863 1528 969 1561 Vind.
999 1529 1121 1561 Vatic.
1145 1527 1257 1562 Coisl.
1285 1527 1371 1560 aliis
1394 1530 1595 1570 receptum

173 1577 259 1609 Vat
277 1586 483 1631 τνγχανηςτ
501 1574 596 1607 unde
614 1574 808 1607 Bekkerus
823 1575 918 1607 fecit
934 1569 1148 1618 τυγχάνοις.

265 1617 307 1654 εί
333 1614 503 1653 αὐτίκα
532 1614 655 1663 μαλα
684 1617 795 1663 usn]
826 1614 950 1662 μα’λα,
981 1619 1078 1661 quod
1108 1630 1126 1652 e
1149 1620 1235 1654 Bas.
1254 1621 1274 1651 <2
1298 1618 1493 1651 Heindorf.
1520 1618 1595 1650 iam

172 1666 475 1699 restituitetVat.
493 1665 536 1699 Θ.
562 1666 693 1698 Venet.
711 1664 754 1701 Ξ.
773 1666 857 1699 Vat.
871 1674 901 1699 r.
918 1665 1075 1707 habent,
1099 1666 1236 1697 iniuria
1265 1665 1384 1698 denuo
1408 1665 1597 1696 eiecerunt

173 1714 311 1744 1·.eoent
340 1711 426 1743 edit.
456 1705 596 1744 αὐτίκα
625 1705 727 1753 μαλα
755 1711 912 1763 r5efertur
941 1711 988 1743 ad
1014 1722 1049 1743 v.
1068 1691 1341 1763 ἐπιθυμήσειε.
1371 1721 1406 1744 v.
1405 1709 1595 1761 Xenoph.

175 1756 312 1791 oecon.
329 1756 407 1789 XV.
428 1758 464 1788 7:
485 1750 571 1789 ἀλλ’
597 1755 636 1788 εἴ
647 1767 710 1807 μοι
729 1750 869 1789 αυτίκα
893 1751 1016 1809 μάλα
1034 1751 1160 1797 δόξειε
1178 1758 1376 1799 γεωργειν,
1401 1747 1532 1794 ὅμοιος
1547 1749 1596 1788 ἅν

172 1812 238 1844 μοι
256 1801 357 1835 δοκῶ
376 1797 476 1835 εἶναι
494 1801 543 1845 τῷ
561 1796 749 1844 περιιόντι
767 1799 883 1847 ἰατρῷ
901 1795 978 1835 κτὲ.
1012 1801 1154 1834 Deinde
1174 1801 1245 1835 νῦν
1262 1798 1396 1834 νεωστὶ
1414 1795 1514 1834 ἐπιδ.
1534 1811 1595 1833 ex-

173 1848 303 1880 hibent
317 1847 404 1880 libri
420 1847 548 1890 optimi
564 1850 676 1889 atque
693 1847 851 1889 plurimi.
883 1848 1004 1890 Vulgo
1023 1846 1094 1881 νῦν
1111 1841 1213 1881 ἐπιδ.
1231 1846 1375 1880 νεωστί.

921 1954 1038 2013 οὐδὲν
1070 1956 1170 1994 εἶναι
1204 1953 1296 1994 ἄλλο
1327 1952 1353 2003 ἢ
1385 1954 1597 2004 ἐπιστήμην

919 2018 1021 2040 τινα.

218 1961 258 1994 Ρ.
277 1962 355 1994 318.
386 1971 406 1993 ο
427 1972 468 1993 τι
492 1951 574 1994 οὖν
598 1954 719 2006 αὐτῷ
744 1954 850 1993 ἄπο-

175 2002 384 2050 βήσεται]
418 2006 519 2048 quid
547 2006 637 2049 ipsi
668 2009 848 2039 eventu-

174 2063 266 2085 rum
293 2053 372 2090 sit,
400 2061 439 2084 si
455 2055 534 2084 tua
565 2054 720 2084 utatur
752 2062 849 2084 con—

175 2097 416 2130 suetudine
479 2107 530 2129 ac
585 2096 848 2139 disciplina.

175 2143 295 2176 Stallb.

220 2182 846 2239 τῇῦστεραίᾳταῦτάταῦτα]

174 2235 220 2266 H.
260 2245 292 2268 e.
340 2235 535 2276 pariter,
583 2233 757 2267 itidem:
791 2245 847 2287 τῃ

174 2275 356 2322 ὑστεραίᾳ
378 2279 489 2311 Plato
512 2289 693 2322 nusquam
725 2274 848 2323 ἡμέρᾳ

176 2325 327 2366 addidit,
342 2324 387 2367 τῇ
395 2324 602 2367 προτεραίᾳ
611 2324 848 2357 semelPhae-

175 2371 256 2403 don.
275 2382 310 2413 p.
328 2371 370 2402 59
388 2370 433 2404 D

218 2417 262 2451 B.
288 2414 456 2456 καίπερ
474 2413 755 2457 τηλικοῦτος
772 2408 847 2458 ων]

174 2465 265 2494 tam
288 2460 471 2510 grandis
495 2463 665 2494 aetate.
683 2470 716 2493 V.
734 2471 768 2502 p.
784 2462 850 2493 317

176 2506 215 2541 C.
255 2506 401 2539 Deinde
433 2497 453 2538 ὃ
486 2499 536 2548 μὴ
550 2516 771 2558 τνγχανεις
802 2517 849 2538 ne

176 2563 256 2585 cum
273 2551 450 2584 Bekker
459 2562 479 2583 o
496 2551 535 2582 in
548 2561 566 2583 ο
580 2562 632 2594 μη
647 2562 849 2594 τυγχανοις

175 2601 309 2636 mutes,
333 2597 558 2630 indicativus
584 2596 743 2629 orationi
759 2597 849 2630 obli-

176 2653 270 2684 quae
285 2643 524 2685 interpositus
533 2652 606 2674 non
623 2642 850 2685 infrequens,

266 2689 412 2722 .320D
450 2690 487 2721 et
515 2687 625 2730 Gorg.
653 2698 688 2730 p.
706 2689 773 2720 464
800 2689 846 2721 D.

176 2732 295 2766 stam».

223 2771 452 2831 βελτίων
428 2790 482 2812 αν
492 2775 672 2831 γένοιο]
688 2779 848 2830 Euthyd.

175 2835 209 2876 p.
227 2825 293 2856 292
310 2823 357 2855 B·
376 2818 531 2879 αἷαθὸν
554 2818 848 2879 ὡμολογήσαμεν

176 2863 354 2911 ἀλλήλοις
391 2880 462 2912 εγω
501 2880 539 2903 τε
571 2867 636 2902 καὶ
668 2869 848 2909 Κλεινίας

965 2046 1081 2085 αλλὰ
1109 2046 1166 2095 μὴ
1197 2043 1360 2095 ουτως]
1395 2051 1480 2084 Sed
1503 2051 1597 2084 noli

918 2098 1026 2130 mihi
1049 2098 1112 2130 sio
1135 2097 1422 2151 respondere.
1469 2098 1597 2130 Dietio

920 2142 1086 2195 elliptiea
1103 2138 1154 2186 μὴ
1170 2154 1301 2185 ουτως,
1320 2139 1374 2186 μή
1385 2153 1449 2186 μοι
1463 2135 1594 2185 ου’τως,

918 2183 971 2242 μή
987 2199 1051 2232 μοι
1068 2187 1265 2242 μηδαμῶς.
1294 2189 1397 2221 Infra
1414 2199 1447 2228 p
1466 2190 1530 2221 331
1551 2188 1595 2221 C.

918 2230 1076 2322 5321250553
1102 2222 1596 2322 ssfu}{ssu5⁷3{..„3g³ss⁸ss031{<3

918 2326 972 2368 git
988 2325 1293 2357 Heindorfius
1311 2324 1358 2357 ad
1374 2325 1452 2360 h.l

970 2369 1240 2411 Ζευξίππον
1278 2369 1360 2403 τοῦ
1392 2366 1592 2413 Ηρακλ.]

919 2417 1130 2458 Zeuxippus
1147 2414 1374 2448 Heracleota
1391 2416 1511 2458 pictor
1526 2416 1596 2448 hoe

918 2472 991 2494 uno
1020 2462 1099 2494 loeo
1128 2465 1367 2503 memoratur,
1396 2462 1470 2494 nisi
1501 2463 1595 2494 forte

919 2507 1092 2539 Socrates
1156 2506 1254 2549 apud
1315 2507 1595 2560 Xenophontem

1145 2593 1336 2606 .....

919 2640 1027 2684 ξένον
1050 2644 1267 2677 nominavit.
1303 2643 1345 2675 Id
1366 2653 1454 2676 vero
1476 2644 1596 2675 minus

919 2692 974 2721 est
1007 2688 1196 2730 credibile,
1225 2689 1383 2730 Zeuxin,
1415 2689 1595 2730 pictorem

919 2733 1209 2774 celeberrimum,
1228 2745 1249 2765 a
1259 2733 1412 2766 socrate
1420 2738 1594 2766 vocatum

917 2790 997 2812 esse
1014 2779 1251 2822 Zeuxippum,
1279 2790 1372 2820 quae
1391 2778 1520 2812 Corsis
1539 2782 1595 2812 est

916 2825 1078 2867 suspicio
1096 2824 1480 2859 adPlutareh.Pericl.
1496 2835 1526 2859 ο.
1537 2826 1592 2865 13,

917 2871 977 2903 eui
986 2871 1186 2904 assentitur
1195 2870 1320 2903 Brunn
1328 2870 1467 2904 Histor.
1479 2870 1595 2904 Grae·
