1722 2964
422 60 840 110 PROTAGORA&
876 71 921 109 P.
943 72 1024 110 333.
1053 71 1138 112 ετ.
1413 69 1495 113 103

65 185 119 232 τὰ
139 183 270 231 λοιπὰ
295 181 654 242 διασκεψώμεθα.
680 176 767 241 ἆρά
789 189 857 238 τίς
880 199 952 230 σοι
976 188 1103 230 δοκεῖ
1122 182 1293 232 ἀδικῶν
1316 184 1493 245 ἅνθρω-

67 272 148 307 πος
172 263 448 312 σωφρονεῖν,
479 269 547 297 οτι
571 249 740 306 ἇὸικεῐ;
775 256 1085 311 Αἰσχυνοίμην
1114 271 1172 298 αν
1203 252 1357 311 ἔγωγ’,
1390 259 1548 313 &mmo

68 323 104 368 ὠ
131 319 389 379 Σωκρατες,
420 322 550 365 τοῦτο
580 317 836 377 ὁμολογεῖν·
869 322 966 365 ἐπεὶ
996 325 1158 366 πολλοί
1185 322 1240 378 γε’
1259 336 1371 379 φασι
1403 325 1495 368 τῶν

69 387 338 447 ἀνθρώπων.
365 386 565 445 Πότερον
587 380 670 432 οὖν
693 386 803 445 πρὸς
829 389 1026 441 ἐκείνους
1050 387 1129 434 τὸν
1153 386 1287 446 λόγον
1311 388 1498 447 ποιήσο-

68 477 162 515 μαι,
188 460 316 514 ἔφην,
341 451 368 513 ἢ
387 454 495 514 πρὸς
520 456 591 510 σε’;
617 458 678 500 Εἰ
698 453 865 512 βούλει,
891 459 992 514 ἔφη,
1017 455 1127 513 πρὸς
1144 458 1302 503 τοῦτον
1319 460 1498 515 πρῶτον

68 525 146 570 τὸν
178 522 311 582 λόγον
346 524 603 581 διαλέχθητι
633 520 712 568 τὸν
743 525 833 569 τῶν
865 526 1055 569 πολλῶν.
1108 522 1225 570 Αλλ’
1255 523 1391 571 οὐδέν
1421 544 1497 583 μοι

70 593 296 651 ὁιαφέρει,
330 590 408 636 ἐὰν
439 589 577 648 μόνον
608 588 666 636 σύ
697 609 748 648 γε
772 587 1007 650 ἀποκρίνῃ,
1034 590 1116 637 εἴτ’
1146 585 1229 638 οὖν
1273 597 1396 639 δοκεῖ
1428 609 1500 639 σοι

69 662 230 716 ταῦτα,
271 666 358 705 εἴτε
388 657 460 716 μή
508 657 587 704 τὸν
617 657 702 716 γὰρ
744 657 877 716 λόγον
908 663 1046 716 ἔγωγε
1077 658 1267 717 μάλιστα
1301 659 1497 717 ἐξετάζω,

71 732 310 785 συμβαίνει
333 727 482 784 μέντοι
508 733 613 778 ἴσως
637 727 712 776 καὶ
737 726 812 784 ἐμὲ
835 725 914 771 τὸν
939 729 1172 785 ἐρωτῶντα
1196 726 1367 773 καὶτὸν
1384 726 1500 774 ἄπο-

71 793 335 853 κρινόμενον
360 792 648 848 ἐξετάζεσθαι.

179 861 238 909 Τὸ
262 862 346 921 μὲν
363 855 445 907 οὖν
468 864 646 919 πρῶτον
670 863 987 916 ἐκαλλωπίζετο
1011 860 1120 920 ἡμῖν
1137 861 1160 907 ὁ
1179 862 1494 921 Πρωταγόρας·
1520 882 1553 914 D

68 930 149 976 τὸν
171 929 255 987 γὰρ
280 928 413 986 λόγον
442 927 593 988 ᾐτιᾶτο
618 932 811 987 δυσχερῆ
837 928 964 974 εἶναι·
1000 934 1150 975 ἔπειτα
1184 932 1335 988 μέντοι
1368 946 1502 977 συνε-

70 997 274 1057 χώρησεν
298 995 636 1053 ἀποκρίνεσθαι.

173 1064 279 1123 Cap.
305 1064 422 1110 XXI
440 1063 526 1110 Ἴθι
551 1062 623 1121 δή,
650 1068 765 1121 ἔφην
790 1062 891 1121 ἐγω,
918 1065 961 1117 ἐξ
988 1062 1126 1122 ἆρχῆς
1149 1083 1223 1123 μοι
1248 1063 1498 1123 ἀπόκριναι.

70 1136 260 1179 (δοκοῦσι’
277 1134 395 1185 τινές
419 1147 489 1177 σοι
513 1142 766 1211 σωφρονεῖν
790 1129 1069 1187 ἀδικοῦντες;
1106 1130 1262 1189 ”Εστω,
1289 1137 1386 1190 ἔφη.
1442 1132 1502 1179 Τὸ

71 1201 122 1246 δε
146 1211 400 1259 σωφρονεῖν
425 1201 565 1258 λέγεις
590 1200 640 1244 εὐ
659 1210 866 1257 φρονεῖν;
903 1197 1034 1258 ”.Εφη
1090 1199 1149 1246 Τὸ
1177 1199 1219 1246 3'
1243 1201 1292 1246 εὐ
1311 1212 1501 1259 φρονεῖν

165 1356 206 1387 Β.
231 1346 319 1396 ἆρά
351 1354 420 1406 τίς
453 1363 522 1386 σοι
556 1350 710 1396 δοκεῖ]
748 1352 810 1385 Sic
834 1352 936 1386 dedit
952 1353 1112 1386 Bekker.
1139 1365 1158 1387 e
1183 1356 1268 1387 Vat.
1294 1358 1330 1387 et
1349 1366 1392 1388 ex
1410 1365 1503 1389 corr.

72 1399 321 1480 Οοὲέἒῌνιιὶς.
346 1390 422 1441 ἄρα’
444 1398 485 1431 τί
504 1408 562 1431 σοι
587 1397 622 1430 3.
650 1398 747 1439 qnod
771 1402 988 1431 servaverat
1011 1398 1236 1438 Stallbaum‚
1260 1400 1325 1432 sed
1350 1400 1396 1434 cf.
1419 1401 1503 1435 init

75 1457 95 1479 e

165 1490 205 1522 C.
231 1485 279 1522 τὸ
291 1501 312 1523 ν
337 1490 355 1522 λ
364 1484 385 1522 ό
394 1501 427 1532 γ.
452 1499 508 1521 πο
517 1499 529 1520 ι
538 1483 562 1531 η’
571 1497 592 1520 σ
602 1498 654 1530 ομ
665 1498 689 1519 α
700 1485 738 1530 ι]
765 1487 999 1521 Heindorfius
1015 1489 1146 1521 maluit
1168 1483 1387 1532 ποιήσωμάι
1405 1500 1504 1522 eum-

73 1546 144 1577 que
163 1538 310 1568 secutus
327 1537 384 1566 est
401 1533 606 1571 Deuschle
631 1532 695 1565 sed
711 1543 746 1564 v.
764 1533 964 1565 Hermann.
992 1534 1039 1565 ad
1056 1534 1180 1576 Viger.
1197 1545 1230 1577 p.
1251 1536 1328 1569 742
1360 1534 1504 1568 Deinde

74 1583 160 1613 ante
178 1579 252 1612 τῶν
269 1579 418 1612 πολλῶν
436 1578 630 1611 articulum
647 1573 716 1610 τὸν
733 1588 962 1630 perperam
944 1588 1013 1611 om.
1032 1578 1210 1622 Stephan.

165 1625 254 1667 Cap.
272 1624 371 1656 XXI.
398 1625 443 1656 D.
477 1625 674 1665 φρονεῖν
707 1632 756 1655 ευ

790 1618 1134 1668 βουλεύεσθαι]
1178 1625 1380 1666 Perperam
1412 1627 1502 1658 vett.

75 1671 179 1704 editt
198 1664 424 1713 βούλεσθαι,
444 1668 540 1711 quod
559 1679 603 1701 ex
621 1667 724 1702 codd.
743 1668 822 1700 fere
840 1669 1009 1701 omnibus
1028 1669 1270 1703 emendatum.

80 1799 221 1838 αὐτῶν
243 1799 393 1856 ἔχομεν,
410 1801 482 1845 μια
509 1797 549 1834 δ’
568 1796 754 1845 ἐπιστήμη
821 1800 892 1832 Ῑιιε
907 1802 1200 1844 op1n1on1bus
1214 1803 1505 1845 ‹hsseramus

75 1844 174 1883 καθ’
193 1844 374 1881 ἁπάντων
391 1842 505 1880 ἐστίν

125 1895 164 1927 C.
193 1888 291 1927 ἐπεὶ
324 1892 492 1925 πολλοί
512 1890 559 1935 γε’
585 1901 697 1934 φασι
722 1903 753 1924 τ

77 1935 229 1982 ανθρ.]
279 1938 367 1981 Eyo
398 1937 590 1979 quidem,
623 1937 755 1979 inquit,

78 1985 245 2028 pudore
279 1983 562 2026 prohiberer,
595 1982 756 2025 quomi-

78 2041 158 2062 nus
180 2029 262 2062 hoe
287 2028 592 2061 affirmarem}
626 2037 758 2070 quan·

77 2085 208 2117 quam
238 2074 358 2106 multi
395 2082 501 2105 sane
542 2076 645 2105 sunt
684 2073 759 2114 qui

78 2119 197 2152 illud
262 2118 547 2150 confirment.
626 2119 758 2159 Itaque

78 2165 173 2198 haec
206 2162 346 2197 πολλοί
374 2159 415 2205 γε’
449 2173 544 2205 φασι
566 2163 684 2205 liquet
707 2173 761 2195 re—

79 2210 171 2242 ferri
189 2208 235 2241 ad
258 2205 386 2252 ἔγωγε.
433 2209 560 2250 Neque
584 2218 674 2251 opus
693 2210 762 2249 est,

80 2258 120 2286 ut
154 2264 236 2286 cum
257 2252 530 2286 Heindorfio
555 2254 761 2286 scribamus

81 2295 121 2332 οἵ
136 2298 274 2331 πολλοί
277 2295 328 2349 γε’
346 2308 388 2349 φ.
399 2322 408 2339 ,
432 2298 524 2330 licet
546 2298 677 2331 deinde
704 2308 761 2330 se·

80 2348 217 2386 quatur
248 2338 317 2376 τὸν
345 2337 458 2385 λόγον
485 2339 553 2377 τὸν
580 2343 655 2376 τῶν
670 2344 761 2376 πολ-

82 2388 168 2422 λῶν.
202 2389 276 2420 Hic
317 2387 413 2420 enim
445 2383 483 2420 οἵ
511 2388 650 2422 πολλοί
678 2391 764 2421 sunt

79 2434 212 2466 multi
245 2433 339 2470 illi,
387 2442 494 2473 quos
531 2434 655 2466 modo
694 2434 761 2465 di·

80 2480 252 2512 cebam.
292 2457 412 2511 St⁹allb

130 2518 214 2557 εἴτ’
249 2514 331 2556 οὖν
359 2521 758 2567 δοκεῑσοιταῦτοι]

83 2569 320 2602 Videlicet
352 2566 454 2610 illa,
488 2578 600 2610 quae
627 2567 762 2610 vulgo

84 2613 285 2656 placent.
334 2612 507 2645 Proxima
538 2613 591 2647 sic
622 2613 763 2646 intelli—

86 2668 173 2700 gas·
204 2653 581 2701 Νοωτὸνλόγον,
604 2658 640 2690 h.
660 2669 691 2691 e.
712 2669 764 2690 ea

84 2713 203 2744 quae
227 2704 461 2744 dicuntur,
491 2713 607 2736 nunc
629 2704 764 2736 maxi-

84 2757 150 2779 me
177 2748 379 2791 exploro:
415 2759 664 2790 quanquam
696 2759 763 2781 ac-

84 2791 214 2825 cidat
237 2793 466 2833 fortasse,
493 2797 558 2829 ut,
593 2793 690 2826 dum
713 2794 764 2826 de

824 1845 913 1887 ipsi
968 1857 1142 1889 quoque
1204 1849 1505 1891 exploremur.

825 1890 1509 1936 hocestnostraipsorumsen-

825 1937 979 1968 tentia
998 1937 1230 1973 elxc1atur
1250 1939 1370 1972 Stallb.

871 1981 916 2013 D.
955 1976 1034 2016 τὸν
1051 1977 1191 2026 λόγον
1213 1978 1380 2027 ᾐτιᾶτο
1398 1983 1509 2018 δυσ-

829 2025 935 2068 χερῆ
957 2022 1038 2060 εἶν.
1049 2026 1062 2070 ]
1120 2029 1201 2061 Non
1224 2033 1389 2062 tractatu
1411 2029 1508 2062 diffi-

829 2071 902 2103 cile
911 2072 1232 2116 dicitProtagoras
1242 2078 1509 2117 argumentum,

829 2117 894 2148 sed
940 2117 1132 2150 molestum
1176 2130 1205 2153 s.
1249 2120 1509 2152 iniucundum·
1498 2133 1509 2161 3

829 2161 915 2194 talis
940 2164 1035 2194 enim
1060 2165 1227 2205 quaestio
1253 2165 1440 2206 sophistae
1472 2168 1510 2198 et
1542 2164 1545 2165 ⁷

829 2207 912 2249 ipsa
928 2218 994 2249 per
1011 2219 1050 2240 se
1068 2210 1210 2241 minuta
1227 2210 1424 2241 videbatur
1438 2219 1510 2242 nec

830 2252 887 2283 illi
911 2252 993 2285 loco
1020 2258 1121 2304 apta.
1170 2254 1359 2288 Demosth.
1384 2264 1435 2288 or.
1452 2256 1508 2293 20,

831 2299 914 2330 113:
948 2292 1107 2331 ἔπειὸαν
1134 2310 1192 2337 τις
1209 2298 1433 2350 κακουργῶν
1448 2294 1512 2332 ἐπὶ

831 2338 1511 2441 ‘afsslffiffff'ss‘ssssaffieg‘fdss‘ffffsss{3333

832 2428 981 2475 ἀνάγκη
1006 2433 1235 2474 φαίνεσθαι.
1284 2435 1431 2466 Diserte
1448 2434 1509 2466 hie

831 2478 1055 2520 Protagoras
1076 2479 1156 2521 ipse
1180 2479 1390 2519 confirmat,
1416 2479 1514 2520 quod

833 2524 871 2555 in
891 2533 932 2555 eo
951 2522 1124 2556 Socrates
1139 2535 1174 2567 p.
1193 2526 1258 2557 332
1275 2525 1306 2556 A
1323 2505 1395 2557 sib’i
1411 2525 1511 2556 visus

834 2571 914 2600 erat
930 2568 1160 2602 observasse.

878 2612 966 2655 Cap.
994 2613 1092 2646 XXI.
1133 2615 1265 2647 Totum
1297 2614 1367 2645 hoc
1400 2616 1513 2656 caput

833 2660 1007 2691 accurate
1050 2660 1292 2691 tractavimus
1331 2659 1367 2690 in
1407 2658 1512 2693 stud.

833 2702 959 2745 philol.
977 2714 1012 2746 p.
1033 2705 1225 2737 826-834

879 2751 1133 2790 σωφρονεῖν
1202 2742 1507 2801 αδικοῦντες]

833 2793 946 2826 Isoer.
986 2804 1038 2827 or.
1073 2796 1132 2834 15,
1167 2795 1251 2825 242:
1303 2785 1410 2826 οὗτοι
1442 2804 1512 2836 μεν
