1696 2976
188 167 216 209 6
654 151 659 154 ’
715 169 1055 208 ramma-10

189 280 344 334 quidem
365 282 440 321 hoc
460 280 612 331 dialogo
632 281 715 327 etsi,
735 286 778 322 ut
797 282 879 334 ipsa
899 282 1039 323 veritas
1055 282 1283 335 postulabat,
1303 285 1342 325 in
1374 284 1583 327 dialecticis

188 339 346 378 Socrate
380 339 508 377 minus
538 337 768 378 exercitatus
802 338 1052 384 describitur,
1089 345 1218 380 tamen
1247 352 1399 381 summo
1433 339 1583 382 honore

189 394 354 433 afficitur
398 394 510 445 eique
537 393 584 433 de
618 394 851 444 gravissimis
877 394 997 435 rebus
1023 397 1235 436 sententiae
1262 401 1337 436 tam
1367 397 1583 449 singulares

188 455 303 501 atque
324 449 486 489 eximiae
507 449 751 494 tribuuntur.
785 455 827 490 ut
860 452 926 503 qui
954 452 1160 491 novissime
1188 452 1235 492 de
1262 452 1336 492 hoc
1356 452 1456 493 libro
1476 466 1582 495 com·

187 508 380 545 mentatus
402 510 470 550 est,
493 505 686 557 sophistae
703 506 888 557 partibus,
910 518 987 546 non
1005 507 1185 553 Socratis,
1207 507 1407 549 Platonem
1423 522 1468 549 ea
1483 522 1583 562 quae

187 562 268 612 ipse
296 560 517 612 probasset,
547 561 798 614 adscripsisse
825 562 1120 615 iudicaveritffl).
1180 563 1281 604 Nihil
1309 564 1406 611 tale,
1435 566 1468 605 si
1496 567 1582 617 quis

187 616 299 656 alteri
319 618 496 657 meritam
517 616 670 658 laudem
691 618 834 658 invidet
854 624 891 658 et
906 618 1050 669 gloriae
1066 619 1266 666 obtrectat,
1287 632 1457 672 unquam
1478 621 1580 661 fecit.

187 673 350 712 Maxime
370 678 497 712 autem
518 673 626 713 Plato
648 686 733 720 eos,
763 674 904 726 quibus
932 674 979 714 ad
1008 675 1291 728 philosophiam
1313 677 1437 716 aditus
1456 676 1581 728 aliqua

187 729 235 768 de
255 741 370 768 causa
390 734 552 781 negatus
572 742 657 769 esse
677 729 889 776 videbatur,
912 743 931 769 a
953 731 1134 782 sophistis
1151 732 1199 771 ad
1219 731 1481 772 liberaliorem
1503 732 1580 772 for·

187 790 318 825 tunam
338 786 485 825 institui
505 797 670 837 aequum
692 788 852 826 censuit.
902 786 1032 838 anue
1060 792 1118 828 est
1146 800 1280 833 causa,
1310 801 1380 828 cur
1401 789 1582 829 Socrates

185 842 224 880 in
245 840 454 881 Theaeteto
478 841 538 892 (μ,
552 846 627 885 151
652 842 709 894 Β),
732 855 830 894 quos
850 854 918 882 sua
941 845 1058 894 opera
1079 843 1171 883 nihil
1188 843 1360 895 indigere
1373 841 1581 884 intellexis-

185 901 255 942 set,
276 908 354 935 non
375 898 492 936 invito
514 898 642 936 animo
664 910 729 937 eos
750 910 869 949 quum
890 898 973 938 aliis
993 899 1188 950 sophistis,
1220 912 1385 952 quorum
1406 900 1579 941 doctrina

183 953 420 998 iuvarentur,
444 952 668 994 conciliasse
688 954 857 1000 dicatur,
890 959 969 994 tum
997 954 1056 995 vel
1077 957 1243 995 maxime
1262 954 1496 1008 Prodico¹⁴).
1537 957 1581 996 ln

183 1008 230 1046 iis
246 1009 362 1058 igitur
382 1008 646 1060 Hippocrates,
667 1009 891 1060 Apollodori
910 1010 1022 1056 filius,
1050 1011 1314 1051 numerandus
1340 1017 1419 1058 est,
1449 1024 1579 1064 quem,

184 1068 226 1103 ut
246 1068 303 1103 est
321 1065 361 1103 in
381 1064 456 1103 hoc
475 1064 586 1110 libro,
608 1065 654 1104 ad
670 1065 921 1117 Protagoram
943 1066 1099 1106 adduxit
1112 1066 1169 1119 ¹⁵).
1211 1068 1295 1115 Quo
1316 1068 1442 1108 officio
1463 1080 1579 1120 quem

183 1119 229 1158 ad
251 1120 409 1160 modum
431 1120 610 1161 Socrates
630 1121 834 1161 defunctus
854 1123 914 1167 sit,
945 1123 1087 1174 optime
1115 1135 1162 1163 ex
1182 1122 1282 1163 libro
1302 1124 1385 1175 ipso
1405 1129 1577 1177 apparet,

183 1176 294 1216 cuius
314 1176 406 1215 hoc
436 1182 508 1216 est
526 1179 836 1217 summarium

295 1231 435 1272 Narrat
455 1233 634 1272 Socrates
668 1234 792 1273 amico
827 1234 998 1279 cuidam,
1038 1234 1104 1286 qui
1138 1235 1281 1274 factum
1310 1235 1370 1281 sit,
1399 1241 1442 1274 ut
1461 1235 1577 1276 modo

183 1289 407 1328 convenerit
426 1301 515 1328 cum
535 1288 769 1340 Protagora,
798 1291 880 1329 viro
908 1290 1118 1342 sapientiae
1144 1290 1258 1331 laude
1278 1290 1511 1341 clarissimo,
1541 1298 1579 1332 et

181 1356 280 1395 quae
313 1356 400 1383 cum
423 1357 468 1384 eo
501 1345 549 1384 sit
583 1345 808 1385 collocutus.
868 1346 1035 1386 Venerat
1068 1347 1170 1386 enim
1191 1347 1238 1386 ad
1259 1359 1348 1387 eum
1368 1346 1489 1387 multo
1509 1347 1576 1387 ad-

181 1399 257 1439 huc
278 1399 446 1440 diluculo
468 1400 742 1452 Hippocrates,
773 1402 882 1441 cuius
910 1402 1025 1441 modo
1046 1404 1280 1443 mentionem
1308 1404 1401 1449 feci,
1429 1404 1576 1443 iuvenis

180 1456 435 1502 Atheniensis,
457 1458 556 1495 miro
584 1457 778 1509 sophistae
805 1457 985 1497 audiendi
1013 1458 1153 1498 ardore
1182 1460 1380 1505 incensus,
1410 1471 1576 1512 eumque

181 1511 363 1563 precibus
384 1513 540 1557 adierat,
569 1518 611 1551 ut
629 1507 756 1565 ipsum
782 1513 995 1554 clarissimo
1023 1516 1233 1565 sapientiae
1262 1521 1300 1555 et
1326 1517 1476 1555 virtutis
1495 1529 1576 1556 ma·

181 1568 302 1616 gistro
323 1568 596 1608 commendare
617 1574 656 1608 et
682 1570 720 1608 in
741 1567 980 1620 disciplinam
1008 1571 1163 1610 tradere
1192 1570 1315 1611 vellet.
1377 1572 1491 1612 Cuius
1512 1585 1576 1610 vo-

180 1622 317 1662 luntati
336 1625 563 1675 priusquam
584 1636 732 1664 morem
753 1631 923 1676 gereret,
961 1625 1194 1677 colloquium
1228 1628 1466 1673 instituerat,
1498 1639 1575 1679 quo

181 1690 271 1719 eum
309 1679 358 1719 de
394 1680 587 1731 periculo,
627 1681 730 1733 quod
759 1694 806 1721 ex
834 1681 897 1721 illa
926 1681 1140 1733 disciplina-
1163 1682 1210 1722 ad
1245 1683 1366 1734 ipsius
1403 1685 1574 1723 animum

179 1735 399 1775 redundare
419 1741 562 1787 posset,
584 1742 861 1777 commoneret.
920 1738 1051 1789 Itaque
1073 1750 1118 1778 ex
1147 1750 1193 1778 eo
1221 1740 1475 1790 quaesiverat,
1505 1752 1575 1779 cur

177 1791 334 1831 tandem
354 1792 400 1831 ad
422 1792 674 1844 Protagoram
695 1793 834 1833 adduci
853 1793 984 1840 vellet,
1022 1799 1102 1834 tum
1138 1806 1343 1846 quemnam
1364 1795 1574 1847 sophistam

178 1846 422 1899 intelligeret,
444 1848 613 1899 denique
634 1850 674 1888 in
702 1862 776 1901 qua
796 1851 1037 1901 potissimum
1064 1863 1108 1890 re
1136 1862 1198 1889 ars
1218 1851 1573 1903 sophistica-versa-

180 1904 312 1942 retur?
339 1904 396 1942 Ad
412 1905 542 1954 priora
553 1904 777 1945 adolescens
787 1907 877 1946 satis
893 1906 1129 1946 confidenter
1141 1907 1406 1959 responderat,
1428 1907 1572 1954 adhoc,

177 1958 280 2009 quod
301 1958 458 2005 diceret,
487 1972 565 2000 non
599 1962 675 2000 iam
699 1960 957 2012 habueratffi).
1018 1963 1144 2009 Quum
1172 1963 1354 2003 Socrates
1374 1975 1419 2003 eo
1440 1963 1570 2015 dispu-

179 2015 332 2054 tationis
359 2015 445 2055 loco
473 2015 737 2057 doctrinarum
771 2019 987 2070 artiumque
1023 2024 1241 2059 mercatura
1275 2032 1362 2060 cum
1397 2019 1571 2059 esculen-

178 2074 305 2109 torum
327 2075 364 2111 et
398 2072 686 2123 potulentorum
716 2080 937 2126 comparata
972 2074 1164 2115 docuisset
1189 2076 1314 2115 maius
1339 2077 1380 2115 in
1406 2074 1469 2115 illa
1504 2075 1570 2115 da-

179 2137 313 2165 mnum
348 2126 396 2166 ab
431 2128 618 2179 imperitis
647 2129 771 2181 accipi
799 2142 934 2182 posse,
956 2137 1039 2170 tum
1061 2142 1137 2170 una
1158 2143 1245 2171 cum
1266 2132 1501 2183 Hippocrate
1522 2131 1570 2171 ad

175 2180 351 2227 Calliam,
388 2183 591 2234 Hipponici
621 2183 762 2230 lilium,
801 2186 867 2225 ubi
904 2186 1135 2237 Protagoras
1156 2187 1444 2233 deversabatur,
1481 2199 1569 2239 per·

174 2242 340 2277 rexerat.
380 2238 422 2278 P.
444 2242 664 2284 309-314
685 2240 727 2279 Ε.

242 2418 298 2460 13)
322 2417 424 2451 Rich.
444 2417 609 2452 Schoene
623 2419 679 2452 De
695 2418 863 2452 Platonis
879 2419 1080 2463 Protagora
1106 2419 1220 2476 §Lipsn
1239 2421 1340 2463 1862)
1357 2432 1391 2464 p.
1408 2422 1451 2454 64
1467 2431 1546 2475 sqq.

240 2462 295 2505 14)
322 2459 359 2495 οἳ
381 2457 430 2496 ἄν
451 2474 514 2506 μοι
537 2458 588 2507 μὴ
612 2458 753 2505 δόξωσί
769 2475 845 2502 πως
867 2458 1068 2507 ἐγκύμονες
1093 2476 1212 2508 ειναι,
1236 2461 1348 2510 γνοὺς
1371 2460 1429 2499 ὅτι
1454 2463 1572 2500 οὖδεν

173 2503 264 2552 ἐμοῦ
282 2505 448 2550 δέονται,
466 2503 567 2542 πάνυ
585 2503 747 2552 εὐμενῶς
763 2509 1002 2562 προμνῶμαι,
1025 2508 1090 2543 καὶ
1110 2506 1183 2564 1ξὺν
1204 2510 1283 2556 θεῷ
1302 2508 1443 2552 εἰπεῖν,
1468 2506 1570 2544 πάνυ

173 2549 311 2592 ἴκανῶς
328 2548 474 2593 τοπάζω
490 2550 546 2592 οἷς
563 2547 612 2587 ἂν
629 2553 695 2597 §vy
723 2549 890 2597 ενόμενοι
907 2565 1079 2598 οναιντο,
1097 2567 1149 2589 ων
1161 2550 1323 2595 πολλοὺς
1339 2552 1409 2599 μὲν
1425 2551 1473 2599 δὴ
1492 2546 1570 2598 ἐξέ-

173 2597 275 2631 δωκα
294 2596 482 2641 Προδίκῳ,
499 2595 661 2637 πολλοὺς
678 2598 701 2631 ὃ
736 2592 865 2637 ἄλλοις
882 2602 1014 2641 σοφοῖς
1031 2593 1107 2634 uti.

241 2643 295 2685 15)
321 2642 529 2686 Simplicius
554 2643 614 2684 (ad
642 2645 763 2686 Epict.
791 2643 933 2676 Euchir.
960 2646 1015 2687 46,
1032 2645 1067 2687 2)
1096 2655 1131 2687 p.
1149 2646 1211 2678 311
1229 2645 1277 2677 13:
1308 2639 1328 2677 ὁ
1364 2640 1570 2688 Σωκράτης

173 2687 286 2722 τινῶν
301 2682 471 2731 ἀνοήτων
487 2682 606 2722 αὐτοῦ
630 2685 699 2732 μὲν
721 2684 1081 2732 καταφρονούντων,
1106 2684 1163 2723 δι’
1186 2686 1306 2741 apto&
1329 2686 1370 2723 δὲ
1394 2687 1570 2742 βουλομέ·

172 2744 247 2767 νων
262 2726 390 2773 ἄλλοις
406 2733 588 2777 συστῆναι
605 2728 698 2775 πρὸς
714 2733 929 2774 παίδευσιν,
948 2729 1086 2777 ἀπάγει
1110 2729 1250 2773 αὐτους
1274 2732 1338 2767 καὶ
1356 2743 1569 2770 συνιστανει

171 2779 383 2821 σοφισταῖς,
401 2772 521 2821 ὥσπερ
533 2773 759 2823 Ἱπποκράτη
777 2773 843 2813 τὸν
860 2773 1145 2822 Ἀπολλοδώρου,
1162 2776 1354 2821 δεηθέντα
1370 2774 1502 2822 αὐτοῦ,
1520 2779 1570 2825 τῷ

172 2818 404 2867 Πρωταγόρᾳ
419 2821 629 2867 συνέστησε.

240 2867 295 2910 16)
319 2869 360 2902 Ρ.
378 2870 442 2902 312
459 2869 506 2901 E:
524 2864 593 2903 Μὰ
612 2863 695 2910 Δί’,
714 2865 802 2912 ἔφη,
820 2862 944 2902 οὐκέτι
963 2865 1033 2912 ἔχω
1050 2878 1107 2901 σοι
1126 2865 1259 2911 λέγειν.
