1676 2938
394 191 640 232 GORGIAS.
667 191 713 231 P.
745 192 837 229 513.
869 193 962 229 514.
992 190 1053 230 ed.
1084 189 1142 229 St.
1369 191 1446 226 301

94 297 255 351 αὐτοὺς
292 301 365 344 καὶ
403 299 614 353 ἐξετάσαι,
663 301 837 352 πρῶτον
876 299 955 354 μὲν
995 299 1032 341 εἰ
1079 297 1341 352 ἐπιστάμεθα
1373 296 1455 351 τὴν
1483 299 1522 342 Β

93 366 246 423 τέχνην
272 367 299 422 ἢ
329 363 410 410 οὐκ
449 366 733 420 ἐπιστάμεθα,
768 365 849 419 τὴν
886 365 1188 419 οἰκοδομικήν,
1226 361 1299 406 καὶ
1336 361 1452 415 παρὰ

94 438 172 475 τοῦ
203 432 443 487 ἐμάθομενς
483 430 564 474 ἔδει
593 434 669 481 ἄν,
713 427 742 484 ἢ
769 433 846 481 οὒς
888 432 1025 472 ΚΑΛ.
1068 431 1199 472 Πάνυ
1225 443 1287 483 γε.
1343 430 1447 472 ΣΩ.

99 497 276 541 Οὐκοῦν
319 499 522 551 δεύτερον
562 493 618 539 αὗ
656 496 776 547 τόδε,
825 496 865 538 εἴ
900 512 941 537 τι
981 496 1152 538 πώποτε
1187 494 1455 548 οἰκοδόμημα

94 560 431 621 ᾧκοδομήκαμεν
460 563 546 618 ἰδίᾳ
573 558 603 616 ἢ
628 565 716 604 τῶν
745 563 885 617 φίλων
905 560 990 602 τινὶ
1016 557 1046 615 ἢ
1065 560 1272 616 ἡμέτερον
1293 554 1453 607 αὐτῶν,

36 658 38 660 -
94 629 167 671 καὶ
194 635 323 671 τοῦτο
364 629 413 670 τὸ
453 628 720 682 οἰκοδόμημα
755 627 890 669 καλὸν
918 622 947 680 ἢ
975 627 1152 681 αἰσχρόν
1181 626 1278 668 ἐστι.
1319 626 1391 667 καὶ
1419 625 1456 667 εἰ

94 694 174 748 μὲν
204 693 454 747 εὑρίσκομεν
483 693 773 747 σκοπούμενοι
811 692 1096 742 διδασκάλους
1132 707 1175 734 τε
1205 692 1327 746 ἡμῶν
1354 692 1454 745 α’γα-

95 759 206 808 &obe
234 759 304 800 καὶ
333 759 583 813 ἐλλογίμους
610 758 842 811 γεγονότας
870 756 943 799 καὶ
971 758 1292 812 οἰκοδομήματα
1317 756 1454 798 πολλὰ
1486 759 1522 802 C

95 825 173 879 μὲν
201 824 271 866 καὶ
299 825 408 866 καλὰ
435 823 538 878 μετὰ
567 826 654 865 τῶν
691 824 959 865 διδασκάλων
999 821 1312 881 ᾠκοδομημένα
1339 822 1455 877 ἡμῖν,

95 889 231 932 πολλὰ
258 889 303 932 δὲ
331 890 402 932 καὶ
431 890 517 946 ἰδίᾳ
543 889 687 945 ἡμῶν,
733 889 876 944 ἐπειδὴ
912 891 1000 931 τῶν
1029 889 1299 931 διδασκάλων
1326 888 1455 942 άπηλ-

163 1031 202 1063 Β.
239 1031 309 1063 καὶ
336 1029 377 1063 εἰ
411 1030 493 1070 μὲν
524 1027 821 1074 εὑρίσκομεν]
853 1030 1014 1062 Fortasse
1039 1029 1141 1062 scrib.
1167 1026 1393 1072 ηὑρίσκομεν.
1422 1038 1457 1060 v.

95 1076 186 1108 infra
211 1077 254 1109 D.
279 1079 366 1109 extr.

165 1166 202 1199 C.
230 1165 325 1210 ι”διᾳ
349 1163 483 1210 ἡμῶν]
521 1164 595 1222 ι”διᾳ
619 1163 679 1206 ὑφ’
706 1163 805 1209 ἡμῶν
829 1165 1012 1199 Bekkerus
1037 1176 1080 1199 ex
1104 1176 1174 1198 uno
1198 1165 1277 1198 Par.
1301 1165 1343 1198 V.
1393 1164 1456 1198 Ce-

96 1212 161 1245 teri
184 1212 266 1245 libri
290 1179 369 1244 ἴδια
386 1216 447 1244 aut
472 1210 547 1255 ἰδιᾳ
570 1209 678 1255 ἡμῶν.

97 1345 178 1384 gato
204 1339 397 1384 πράξοντες
421 1340 511 1383 quod
529 1341 741 1374 restituimus

99 1385 312 1428 πράξαντες,
354 1386 473 1419 eodem
510 1386 611 1419 modo
649 1387 742 1419 infra

100 1433 130 1471 ἓ.
155 1433 206 1464 D:
232 1430 298 1465 κᾶν
321 1432 356 1465 εἰ
378 1430 656 1475 ἐπιχειρήσαντες
681 1431 742 1475 δη-

100 1476 277 1517 μοσιεύειν
324 1479 588 1519 παρεκαλοῦμεν
642 1475 741 1520 ἀλλή-

100 1525 194 1561 λους,
218 1523 278 1556 ubi
301 1523 598 1556 Heindorfius
621 1523 742 1555 invitis

100 1568 200 1601 libris
245 1567 524 1612 ἐπιχειρήσοντες
577 1569 741 1611 reposuit.

100 1614 306 1646 Ficinus:
341 1614 409 1654 ,Si
440 1624 543 1657 ergo
575 1624 652 1647 nos
685 1615 743 1646 in-

101 1660 258 1700 vicem,
284 1670 304 1692 o
329 1659 573 1700 Callicles,
597 1659 742 1692 cohor-

100 1708 310 1746 taremur,
358 1705 537 1748 publice
577 1704 743 1737 civilia

101 1754 444 1792 pertractantes,
459 1750 508 1783 ad
527 1761 744 1783 murorum

102 1795 172 1828 vel
205 1796 431 1828 navalium
460 1795 533 1828 vel
563 1795 745 1838 templo-

101 1851 192 1873 rum
246 1841 455 1883 ingentia
507 1840 745 1874 aedificia”

103 1891 168 1918 etc.
215 1885 322 1918 Vides
359 1896 424 1918 ncc
460 1885 554 1918 hunc
592 1887 746 1919 futurum

103 1931 249 1974 legisse,
289 1930 388 1973 *quod
427 1930 548 1964 dubito
597 1942 641 1964 an
686 1942 747 1974 per

105 1977 210 2009 totius
250 1976 319 2009 loci
348 1977 516 2009 rationem
555 1980 646 2010 stare
675 1987 746 2009 non

103 2022 224 2064 possit.
283 2022 454 2055 Nimirum
500 2022 647 2055 aoristus
692 2022 748 2054 de-

102 2071 201 2099 notat
229 2066 282 2108 id,
316 2067 407 2109 quod
435 2067 512 2109 quis
539 2068 608 2100 iam
634 2068 747 2100 facere

105 2113 265 2144 instituit,
291 2112 335 2144 Si
358 2123 447 2154 nos,
469 2113 593 2155 inquit,
617 2124 747 2155 quum

106 2157 157 2190 ad
180 2158 364 2200 negotia
393 2159 575 2200 publica
606 2169 748 2191 acces·

106 2205 326 2243 sissemus‚
350 2204 542 2236 invicem
557 2203 748 2237 hortare-

106 2259 196 2280 mur
219 2248 270 2281 ad
295 2248 583 2291 suscipienda
611 2250 748 2283 archi-

107 2298 308 2326 tecturae
333 2304 466 2336 opera
488 2298 552 2327 etc.

152 2340 192 2371 B.
217 2342 390 2381 πρῶτον
414 2338 554 2378 μὲνεί
576 2338 747 2372 ἐπιστά-

108 2385 222 2423 μεθα
245 2383 301 2427 -]
327 2384 500 2416 Accurata
523 2386 610 2418 ratio
634 2385 748 2439 exige-

110 2429 169 2462 bat
205 2430 324 2471 utique
364 2426 581 2472 ἠπιστάμεθα
604 2449 647 2454 -
671 2427 748 2473 ἠπι-

111 2473 275 2513 στάμεθα
330 2474 397 2506 Sed
429 2475 518 2507 nihil
546 2475 750 2508 mutandum

109 2530 184 2552 esse
208 2519 334 2552 docent
355 2521 533 2562 proxima:
570 2521 608 2552 εἶ’
627 2532 655 2552 τι
679 2519 749 2553 πώ-

111 2576 194 2596 ποτε
212 2564 278 2597 οἰκ.
306 2562 652 2619 ῷκοδομήκαμεν
677 2565 751 2609 ι”διᾳ

109 2628 164 2647 -,
190 2610 246 2642 καὶ
279 2614 377 2643 τοῦτο
400 2629 444 2634 -
468 2609 617 2653 αἰσχρόν
648 2610 750 2644 ε’στι.

110 2655 198 2687 Nam
238 2655 281 2687 ad
318 2653 461 2688 Ot’uoffi
501 2655 669 2697 δεύτερον
705 2668 749 2688 av

112 2698 190 2731 τόδε
220 2705 360 2743 apparet
390 2712 408 2733 e
442 2701 683 2756 superioribus
700 2702 751 2734 in-

110 2745 335 2788 telligendum
374 2757 449 2779 esse
484 2746 555 2779 ἔδει
585 2744 630 2779 ἄν
663 2743 751 2789 ἡμᾶς

813 1340 1033 1382 σκέψασθαι.·
1070 1343 1110 1373 ut
1139 1340 1198 1373 hic
1232 1350 1372 1383 prorsus
1403 1350 1456 1372 ea-

811 1387 888 1420 dem
927 1387 972 1419 sit
1009 1387 1192 1419 verborum
1232 1385 1455 1419 constructio.

811 1433 984 1473 Quocirca
1013 1432 1056 1464 ab
1095 1432 1251 1465 oratione
1289 1441 1458 1474 suspensa

810 1478 976 1510 transitur
1011 1481 1152 1519 repente
1180 1477 1224 1509 ad
1264 1487 1457 1510 sermonem

810 1528 941 1556 rectum
973 1533 1085 1565 neque
1120 1523 1336 1556 extrinsecus
1375 1532 1458 1564 pen-

811 1569 967 1601 dentem:
1009 1579 1112 1611 quam
1150 1569 1320 1601 rationem
1354 1568 1458 1600 Grae—

811 1624 871 1647 cos
894 1625 956 1656 pro
988 1624 1028 1646 eo
1062 1625 1129 1657 quo
1158 1613 1340 1656 pollebant
1361 1613 1458 1656 inge-

811 1660 863 1692 nii
885 1660 1004 1703 vigore
1027 1662 1062 1692 et
1091 1659 1271 1692 alacritate
1300 1659 1459 1701 frequen—

812 1710 864 1738 ter
886 1715 1072 1747 usurpasse
1089 1705 1193 1738 hodie
1213 1705 1296 1737 satis
1314 1708 1458 1737 constat.

858 1750 897 1784 C.
952 1748 1086 1782 πολλὰ
1141 1749 1189 1783 δὲ
1243 1749 1313 1783 καὶ
1364 1749 1459 1781 ι”δια

813 1793 877 1839 ἠμ.
900 1795 966 1851 —]
992 1795 1090 1827 Libri
1103 1795 1159 1828 vel
1183 1795 1259 1839 ι”διᾳ
1281 1792 1380 1839 ἡμῶν
1402 1794 1459 1827 vel

815 1841 888 1873 ἴδια
912 1838 1011 1884 ἡμων
1034 1840 1209 1883 praebent.
1239 1830 1458 1874 Postremum

814 1890 929 1919 tuetur
952 1886 1264 1927 Heindorfius,
1295 1886 1355 1941 qui
1387 1885 1460 1918 ι’δια

815 1930 914 1987 ἡμῶν
944 1931 1076 1963 dictum
1111 1935 1210 1975 putat
1244 1935 1283 1964 ut
1311 1928 1460 1974 ἡμετερα

815 1974 940 2009 αὐτῶν.
965 1977 1012 2009 At
1035 1977 1127 2010 enim
1144 1987 1226 2010 vero
1250 1987 1356 2019 quum
1372 1977 1460 2009 haec

815 2027 1039 2078 opponantur
1064 2022 1153 2055 illis.
1197 2022 1278 2062 μετὰ
1308 2025 1378 2055 τῶν
1410 2021 1460 2054 δι-

817 2067 1000 2100 δασκάλων
1014 2065 1276 2111 ᾠκοδομημένα,
1299 2067 1382 2110 quid
1394 2069 1462 2110 pri-

815 2117 970 2146 vatarum
1007 2114 1144 2146 aedium
1183 2114 1460 2146 commemoratio

815 2169 910 2191 nunc
938 2158 1040 2199 velit,
1083 2158 1242 2202 equidem
1281 2169 1351 2191 non
1386 2169 1461 2201 per-

816 2205 934 2247 spicio.
986 2204 1093 2237 Liber
1121 2215 1213 2237 unus
1242 2205 1351 2237 Paris.
1387 2204 1462 2247 ἰδίᾳ

818 2247 880 2290 ὑφ’
921 2247 1040 2292 ἡμῶν,
1078 2250 1171 2282 unde
1206 2249 1289 2282 olim
1327 2250 1461 2282 conieci

818 2294 892 2338 ἰδίᾳ
917 2293 973 2335 ἐφ’
999 2293 1114 2337 ἡμῶν,
1146 2295 1238 2338 ipsi
1269 2306 1346 2338 per
1368 2306 1462 2336 nos,

817 2343 971 2372 nostra
986 2340 1184 2382 ipsorum
1204 2351 1353 2383 opera·
1372 2351 1462 2383 quae

817 2384 923 2418 verba
952 2396 1116 2428 quorsum
1150 2389 1323 2428 spectent,
1363 2396 1461 2418 accu—

818 2431 929 2463 ratius
967 2431 1165 2464 declaratur
1202 2431 1295 2463 istis.
1342 2430 1462 2474 επειδὴ

818 2479 888 2508 τῶι
931 2475 996 2508 διδ.
1041 2473 1304 2519 ἀπηλλάγημεν,
1351 2480 1462 2519 post-

818 2532 940 2564 quam
989 2522 1230 2564 magistros
1271 2521 1388 2564 reliq
1398 2532 1461 2554 ue-

818 2577 974 2599 ramus.
1005 2567 1205 2599 Dictionem
1236 2564 1294 2607 ἐφ’
1320 2567 1460 2605 ἑαυτοῦ,

819 2609 871 2644 ἐπ’
904 2610 1008 2650 ἐμοῦ,
1042 2609 1098 2653 ἐφ’
1127 2609 1242 2651 ὑμῶν,
1274 2612 1464 2644 illustravit

819 2658 1048 2691 Hermann.
1086 2656 1130 2689 ad
1159 2658 1275 2699 Viget.
1306 2668 1339 2700 p.
1371 2656 1463 2698 859„

819 2703 918 2745 tetigi
941 2702 1014 2744 ipse
1039 2701 1083 2734 ad
1098 2702 1257 2745 Sympos.
1274 2713 1306 2744 p.
1323 2701 1401 2735 201.
1418 2703 1461 2734 D.

818 2748 891 2781 Nec
914 2757 996 2780 vero
1019 2758 1083 2780 nos
1105 2748 1261 2790 poenitet
1274 2748 1343 2780 iam
1358 2747 1463 2780 huius
