1702 2924
515 244 760 286 GORGIAS.
789 245 835 283 P.
866 248 961 284 450.
991 245 1052 284 ed.
1083 245 1140 285 St.
1445 248 1494 283 91

138 356 245 399 εἰσὶν
271 356 375 411 ἡμῖν
402 353 565 410 τέχναι·
595 349 622 408 ἦ
649 354 758 408 γάρς
798 355 926 395 ΓΟΡ.
958 354 1062 395 Ναί.
1111 355 1213 395 ΣΩ.
1245 355 1409 395 Ham-521
1437 350 1497 402 δέ,

137 418 279 476 οἶμαι,
318 423 406 463 τῶν
430 422 590 475 τεχνῶν
617 422 706 462 τῶν
746 418 824 473 μὲν
853 418 1029 472 ἐργασία
1065 418 1115 460 τὸ
1154 419 1267 462 πολύ
1304 417 1391 460 ἐστι
1426 417 1500 461 καὶ

137 489 272 542 λόγου
301 486 481 541 βραχέος
517 483 708 534 δέονται,
750 482 859 526 ἔνιαι
896 482 941 525 δὲ
970 484 1171 534 οὐδενός,
1213 485 1319 527 ἀλλὰ
1347 483 1396 526 τὸ
1423 491 1499 539 τῆς

138 551 285 608 τέχνης
322 552 566 605 περαίνοιτο
595 549 651 592 ἂν
684 548 755 591 καὶ
791 548 862 591 διὰ
901 555 1045 603 σιγῆς,
1088 545 1185 591 οἷον
1211 548 1401 605 γραφικὴ
1430 549 1500 592 καὶ

140 618 493 671 ἀνδριαντοποιία
513 615 584 658 καὶ
611 618 734 658 ἄλλαι
754 615 917 657 πολλαί.
945 613 1020 663 τὰς
1043 615 1244 665 τοιαύτας
1270 631 1342 670 μοι
1362 615 1503 665 δοκεῖς
1540 617 1583 660 D

139 683 288 737 λέγειν,
317 681 414 736 περὶ
442 683 493 731 ἃς
519 682 573 724 ού
593 677 681 736 φῂς
696 680 777 735 τὴν
805 677 1037 735 ῥητορικὴν
1057 676 1179 721 εἶναι.
1208 680 1236 734 ἢ
1266 684 1341 732 οὒς
1372 683 1412 723 Γ
1413 682 1498 723 ΟΡ.

142 749 272 790 Πάνυ
300 746 380 800 μὲν
407 744 488 790 οὖν
514 749 654 796 καλῶς
680 746 1013 800 ὑπολαμβάνεις,
1044 739 1078 786 ὦ
1106 744 1348 798 Σώκρατες.
1397 747 1500 787 Σῼ.

139 816 298 867 Ετεραι
326 812 371 855 δέ
394 812 449 892 γέ
478 813 558 855 εἰσι
585 814 671 854 τῶν
697 814 880 866 τεχνῶν,
911 812 956 853 αἳ
983 809 1053 852 διὰ
1082 811 1216 864 λόγου
1244 819 1333 853 πᾶν
1361 812 1501 865 περαί-

138 888 264 921 νουσι
291 879 360 921 καὶ
390 876 534 933 ἔργου,
564 879 621 927 ὡς
647 875 750 926 ε’πος
778 877 921 926 εἰπεῖν,
952 875 979 930 ἢ
1010 876 1188 925 οὐδενὸς
1222 875 1502 930 προςδέονται

136 944 163 999 ἢ
193 942 374 999 βραχέος
400 945 531 995 πάνυ,
560 939 656 986 οἷον
677 942 937 998 αριθμητικὴ
965 942 1038 985 καὶ
1059 941 1275 997 λογιστικὴ
1303 941 1374 984 καὶ
1399 957 1500 997 γεω-

139 1008 311 1065 μετρικὴ
339 1009 411 1052 καὶ
439 1010 684 1064 πεττευτική
714 1023 762 1063 γε
798 1006 870 1050 καὶ
898 1010 1021 1050 ἄλλαι
1056 1008 1210 1050 πολλαὶ
1236 1006 1400 1063 τέχναι,
1440 1008 1502 1050 ὡν

202 1157 246 1190 D.
294 1153 399 1189 οἷον
433 1152 708 1199 ἀριθμητικὴ
745 1155 816 1187 καὶ
854 1153 1084 1199 λογιστική
1092 1154 1103 1198 ]
1156 1155 1246 1188 Ante
1288 1152 1499 1210 ἀριθμητικὴ

136 1201 319 1234 articulum
351 1198 372 1245 ἡ
403 1212 469 1235 om.
501 1201 604 1236 vind.
629 1200 660 1234 1.
684 1200 716 1234 2.
743 1199 774 1233 7.
799 1200 905 1233 Coisl.
953 1200 1021 1234 Sed
1052 1204 1131 1235 ante
1156 1200 1326 1245 λογιστικη
1358 1205 1392 1234 et
1415 1213 1501 1245 γεω-

139 1245 278 1290 μετρικὴ
314 1250 348 1279 et
384 1258 503 1279 πεττευ
507 1244 578 1290 τικὴ
614 1246 713 1279 codd.
750 1257 868 1279 omnes
905 1246 1057 1289 exceptis
1091 1247 1168 1279 Par.
1205 1247 1245 1279 Ε.
1281 1247 1373 1280 Flor.
1408 1247 1432 1280 f.
1466 1258 1501 1279 x.

137 1292 242 1326 Vind.
265 1291 297 1326 6.
323 1292 470 1325 eundem
494 1293 668 1336 ignorant.
715 1292 847 1335 Quater
870 1301 949 1324 eum
973 1291 1186 1325 sustulimus.
1212 1303 1246 1325 v.
1272 1296 1389 1326 annot.

136 1425 215 1470 τάχ’,
241 1440 268 1460 ω
292 1424 410 1472 ’γαθέ,
445 1426 579 1482 βέλτιον
600 1426 784 1467 εἰσόμεθα.

138 1473 288 1516 Sophist.
312 1484 346 1515 p.
362 1471 438 1506 247.
455 1474 507 1505 D:
532 1470 569 1505 τὸ
594 1477 697 1505 ποῖον
722 1471 785 1515 δή,-

138 1518 194 1562 λ’
197 1531 232 1558 ε,
269 1519 325 1551 καὶ
358 1516 438 1560 τα’χα
469 1516 652 1557 εἰσόμεθα.
698 1519 783 1550 Min.

138 1531 333 1608 μεγ314.0;
358 1562 438 1607 τάχα
463 1562 502 1597 δὲ
524 1561 667 1604 ἄμεινον
689 1561 785 1596 εἰσό-

139 1610 232 1663 μεθα
248 1603 327 1642 ὦδε.
369 1609 550 1652 Significat
567 1612 681 1642 autem
706 1609 785 1651 τάχα

137 1656 175 1687 in
205 1655 270 1688 hac
299 1655 447 1687 formula
471 1655 642 1696 statim,
675 1665 784 1695 mox,

138 1711 206 1734 usu
236 1700 328 1743 apud
358 1711 479 1743 prosae
515 1700 682 1733 orationis
704 1700 786 1734 scri-

137 1750 251 1789 ptores
275 1746 413 1787 rariore‚
438 1757 469 1778 v.
494 1746 716 1780 Ruhnken.
741 1745 786 1778 ad

139 1793 228 1824 Tim.
243 1802 276 1833 Ρ.
287 1790 362 1824 151.
387 1792 415 1824 L
425 1802 442 1823 e
452 1802 534 1824 nne
541 1802 575 1834 p.
589 1791 632 1824 ad
645 1791 784 1824 Phalar.

138 1837 202 1880 Ep.
226 1835 282 1869 95.
311 1835 445 1880 Ρ..267
478 1837 707 1870 Grammat.
730 1847 783 1878 ap.

139 1882 288 1914 Bekker.
311 1848 490 1915 pAnecdot.
517 1883 558 1915 Τ.
583 1882 609 1914 1.
640 1893 674 1937 p.
697 1880 784 1916 309:

140 1925 239 1970 τάχα
264 1925 356 1969 παρὰ
375 1931 444 1962 τοῖς
462 1931 617 1970 ποιηταῖς
633 1925 707 1960 α’ντὶ
726 1931 785 1960 τοῦ

139 1971 316 2015 ταχέως·
349 1971 442 2014 παρὰ
474 1971 514 2006 δὲ
546 1977 614 2007 τοῖς
641 1970 786 2016 ῥήτορσι

139 2017 185 2051 τὰ
217 2017 349 2051 πολλὰ
381 2016 580 2061 εὐρισκεται
609 2015 687 2050 ἀντὶ
724 2021 786 2050 τοῦ

140 2063 159 2096 ἴ
166 2073 247 2098 oms
268 2065 442 2104 nec'wuevov
465 2065 533 2097 Pro
551 2064 638 2098 ἴσως
656 2063 785 2096 dietum

140 2109 245 2142 etiam
264 2109 330 2142 hoc
353 2109 428 2142 loeo
454 2109 589 2152 accepit
611 2109 784 2149 Coraes,

137 2158 351 2197 repugnante
391 2155 565 2188 constanti
603 2165 671 2188 usu
701 2154 784 2187 scri-

138 2203 274 2242 ptorum
297 2203 461 2241 veterum,
486 2211 587 2242 quem
609 2200 784 2243 praeclare

138 2244 326 2278 illustravit
355 2246 383 2278 F
394 2257 409 2276 r
418 2246 431 2279 i
440 2249 454 2278 t
462 2256 479 2279 s
488 2256 507 2279 c
517 2246 540 2278 h
550 2246 619 2278 ius
644 2246 784 2287 Quaest.

137 2290 306 2323 Luciann.
319 2301 351 2333 Ρ.
368 2289 421 2324 70.
435 2301 505 2333 seq.
536 2291 682 2324 Accedit
693 2291 785 2333 quod

137 2346 199 2379 pro
224 2335 303 2377 τάχα
327 2337 454 2377 passim
471 2336 576 2370 etiam
599 2334 723 2370 αὐτίκα
736 2337 785 2369 di·

140 2381 237 2422 citur,
254 2381 364 2414 veluti
379 2392 433 2423 ap.
449 2382 595 2424 Eurip.
608 2382 783 2415 Heraclid.

138 2437 171 2461 v
195 2425 280 2482 268·
315 2425 528 2468 πειρώμενος
559 2425 602 2471 δὴ
632 2424 732 2460 τοῦτο’
754 2424 785 2471 γ’

140 2468 248 2504 αὕτιΗκ
263 2471 411 2512 εἴσομαι.
430 2472 491 2505 cfr.
506 2473 598 2505 infra
612 2484 643 2515 p.
654 2472 730 2507 466.
743 2474 784 2506 Α.

184 2515 346 2550 Πασῶν
385 2516 457 2557 δέ,
506 2513 645 2558 οἶμαι,
691 2531 716 2551 τ.
758 2531 783 2551 τ.

141 2566 218 2595 τῶν
250 2562 329 2603 μὲν
359 2581 404 2587 -—-
437 2563 551 2596 ἔνιαι
582 2562 628 2596 δὲ
659 2561 783 2597 οὐδε-

143 2606 236 2652 νός]
275 2608 361 2642 Post
391 2611 460 2640 τῶν
484 2607 549 2648 μὲν
580 2609 699 2642 inferri
729 2609 784 2641 de-

139 2653 216 2686 buit
250 2656 318 2687 τῶν
357 2652 398 2686 δὲ
433 2651 492 2692 οὔ,
536 2653 596 2686 sed
633 2658 785 2687 mutatur

138 2702 332 2732 structurae
360 2702 459 2732 tenor
488 2703 625 2742 propter
648 2700 785 2733 interie-

140 2746 196 2776 cta
219 2743 325 2776 verba
348 2743 404 2776 καὶ
430 2742 532 2787 λόγου
557 2743 705 2787 βραχέος
729 2744 784 2778 δέ·

139 2800 246 2823 ονται.
308 2789 410 2832 Quod
443 2790 529 2823 ἔνιαι
564 2788 604 2823 δέ
635 2794 714 2834 post
748 2790 787 2824 αἱ

854 1425 918 1466 μέν
935 1425 1129 1467 subiicitur,
1151 1426 1187 1459 id
1211 1426 1301 1459 nihil
1323 1427 1430 1460 habet
1451 1429 1503 1460 in·

855 1471 1033 1505 solentiae.
1048 1483 1080 1505 V.
1096 1473 1131 1504 M
1141 1472 1247 1505 atth.
1263 1472 1323 1507 Gr.
1336 1474 1367 1513 ἕ.
1378 1471 1456 1506 288.
1470 1472 1501 1507 6.

854 1518 974 1560 Neque
1006 1517 1108 1550 hodie
1140 1518 1323 1560 quisquam
1345 1519 1504 1551 haerebit

853 1563 890 1595 in
923 1563 1079 1606 genitivo
1112 1566 1236 1598 πασῶν
1267 1567 1337 1596 τῶν
1359 1567 1501 1606 τεχνῶν,

854 1619 956 1651 quem
996 1608 1248 1642 Findeisen.
1288 1608 1333 1642 ab
1376 1611 1503 1643 omissa

853 1655 1108 1697 praepositione
1141 1657 1227 1697 περί
1250 1654 1402 1697 pendere
1431 1657 1502 1698 opi-

853 1699 1012 1732 nabatur.
1084 1699 1191 1740 Vide,
1240 1700 1270 1732 si
1307 1701 1395 1734 tanti
1438 1706 1502 1743 est,

853 1745 1006 1778 Matth.
1031 1745 1055 1778 1.
1081 1756 1108 1777 c.
1127 1750 1244 1779 annot.
1265 1744 1298 1778 1.

898 1791 942 1823 D.
989 1788 1116 1823 Πάνυ
1150 1791 1232 1830 μὲν
1256 1785 1336 1823 οὖν
1360 1792 1501 1825 καλῶς

855 1832 1208 1891 ὑπολαμβάνεις]
1246 1837 1299 1869 Ne
1323 1837 1401 1878 quis
1423 1840 1503 1879 post

855 1879 947 1914 πάνυ
962 1881 1027 1921 μὲν
1041 1875 1107 1914 οὖν
1122 1881 1197 1914 colo
1219 1881 1501 1924 distinguendum

853 1930 960 1969 putet,
983 1927 1185 1969 saepissime
1203 1927 1270 1959 hae
1292 1937 1398 1960 voces
1422 1938 1501 1960 cum

853 1972 988 2015 reliqua
1025 1973 1181 2005 oratione
1216 1983 1289 2006 una
1322 1973 1502 2006 continua-

853 2018 948 2050 tione
979 2021 1013 2050 et
1034 2018 1263 2061 perpetuitate
1287 2019 1413 2051 coniun

852 2066 917 2096 tur.
956 2074 989 2096 v·
1027 2063 1070 2095 ad
1099 2063 1276 2097 Phaedon.
1308 2074 1342 2106 Ρ.
1372 2062 1427 2097 82.
1460 2065 1500 2097 A.

852 2109 938 2142 Mox
962 2109 1123 2142 Coraes
1147 2109 1296 2142 correxit
1316 2108 1373 2142 διὰ
1395 2107 1500 2153 λόγου

854 2152 891 2187 τὸ
927 2157 997 2186 πᾶν
1031 2156 1258 2197 περαίνουσι,
1295 2164 1501 2210 comparans

852 2211 885 2242 p.
908 2198 985 2233 451.
1011 2200 1055 2233 C:
1101 2198 1153 2233 ὅτι
1190 2201 1246 2233 καὶ
1284 2198 1329 2233 αὖ
1334 2212 1372 2243 τη
1411 2198 1501 2255 λόγῳ

853 2249 1019 2301 κυροῦται
1051 2243 1089 2278 τὰ
1113 2243 1234 2278 πάντα.
1270 2245 1353 2280 ibid.
1379 2246 1424 2278 Β.
1452 2244 1502 2279 ὅτι

853 2290 909 2323 καὶ
941 2290 1026 2333 αὕτη
1059 2289 1132 2323 ἐστὶ
1165 2294 1232 2324 τῶν
1255 2288 1346 2335 λόγῳ
1371 2289 1407 2325 τὸ
1431 2295 1502 2323 πᾶν

853 2335 1092 2378 κυρουμένων.
1126 2335 1210 2369 ibid.
1234 2337 1285 2369 D:
1317 2339 1387 2370 τῶν
1409 2335 1500 2381 λόγῳ

854 2380 893 2414 τὰ
927 2380 1038 2415 πάντα
1070 2379 1388 2424 διαπραττομένων.
1432 2382 1501 2415 Sed

852 2428 889 2460 in
920 2427 975 2460 his
1008 2427 1096 2460 loeis
1127 2428 1295 2461 articulus
1325 2430 1419 2461 recte
1443 2428 1502 2461 ad-

853 2472 945 2506 ditur
967 2476 1165 2515 propterea,
1204 2473 1295 2516 quod
1318 2474 1501 2516 respicitur

853 2518 898 2551 ad
926 2519 1121 2561 superiora,
1154 2519 1193 2551 in
1222 2518 1349 2561 quibus
1381 2519 1501 2551 eadem

853 2564 1026 2596 sententia
1039 2564 1107 2597 iam
1128 2564 1305 2607 proposita
1328 2568 1419 2604 erat3
1443 2564 1501 2596 hic

852 2609 914 2642 illo
945 2620 1015 2642 non
1039 2620 1125 2652 opus
1149 2614 1219 2650 est,
1254 2610 1417 2652 quoniam
1445 2619 1501 2642 res

852 2655 1000 2698 primum
1033 2659 1334 2696 commemoratur,
1366 2658 1401 2687 et
1432 2658 1503 2687 πᾶν

854 2701 1063 2742 περαίνουσι
1120 2700 1296 2744 significat
1351 2710 1376 2732 u
1387 2711 1411 2733 n
1420 2711 1445 2733 u
1454 2711 1502 2733 m-

854 2745 1058 2802 quodque
1080 2746 1343 2789 perficiunt.

898 2787 998 2824 οἷον
1029 2788 1302 2837 ἀριθμητικὴ
1333 2790 1404 2824 καὶ
1435 2792 1500 2827 λο-
