1702 2924
496 162 742 204 GORGIAS.
773 161 817 201 P.
848 165 943 201 463.
973 162 1032 201 ed.
1064 162 1120 201 St.
1425 163 1502 199 133

144 277 259 317 καλῶ
285 272 357 316 καὶ
397 274 476 329 τήν
511 287 559 327 γε
598 269 872 326 κομμωτικὴν
909 270 980 312 καὶ
1006 269 1086 325 τὴν
1113 271 1391 324 σοφιστικήν,
1421 268 1505 311 τέτ-

145 354 254 393 ταρα
281 345 416 381 ταῦτα
443 338 572 393 μόρια
609 336 677 379 ἐπὶ
713 336 906 390 τέτταρσι
933 338 1191 392 πράγμασιν.
1233 336 1268 377 εἰ
1297 331 1379 377 οὖν
1406 336 1506 388 βού-

144 410 257 447 λεται
302 406 457 453 Πῶλος
495 403 823 451 πυνθάνεσθαι,
863 401 1182 444 πυνθανέσθω·
1221 402 1274 444 οὐ
1311 401 1393 454 γάρ
1437 414 1504 441 πω

141 469 366 520 πέπυσται,
396 468 550 511 ὁποῖόν
579 483 689 523 φημι
729 467 810 521 ἐγὼ
849 474 923 521 τῆς
950 468 1174 516 κολακείας
1211 467 1366 521 μόριον
1393 461 1503 507 εἶναι

142 535 221 591 τὴν
250 534 507 590 ῥητορικήν,
536 529 620 575 ἀλλ’
652 533 786 575 αὐτὸν
814 532 974 588 λέληθα
1004 536 1125 575 οὔπω
1155 530 1502 585 ἀποκεκριμένος,

143 602 166 643 ὁ
205 600 250 643 δὲ
289 599 559 654 ἐπανερωτᾷ,
608 599 643 640 εἰ
681 600 734 641 οὐ
773 598 906 641 καλὸν
942 599 1132 653 ἡγοῦμαι
1171 594 1293 640 εἶναι.
1337 595 1420 651 ἐγὼ
1457 595 1502 638 δὲ

143 668 257 720 αὐτῷ
297 666 378 708 οὐκ
416 665 733 719 ἀποκρινοῦμαι
768 665 1000 718 πρότερον,
1039 664 1120 706 εἴτε
1159 664 1292 705 καλὸν
1328 663 1408 704 εἴτε
1436 663 1499 704 αἰ-

141 733 273 787 σχρὸν
308 732 495 786 ἡγοῦμαι
533 727 645 772 εἶναι
686 730 765 784 τὴν
803 729 1058 784 ῥητορικήν,
1098 729 1200 782 πρὶν
1238 728 1294 770 ἂν
1328 730 1501 782 πρῶτον

141 798 455 851 ἀποκρίνωμαι,
485 795 508 838 ὅ
537 811 576 837 τι
604 794 730 838 ἐστίν.
761 796 814 837 ού
843 795 925 849 γὰρ
954 796 1136 844 δίκαιον,
1167 789 1202 836 ὦ
1232 797 1378 836 Hone-
1409 793 1500 835 ἀλλ’

141 864 256 916 εἴπερ
285 863 430 916 βούλει
458 860 694 911 πυθέσθαι,
726 860 882 913 ἐρώτα,
914 861 1068 904 ὁποῖον
1097 861 1249 914 μόριον
1275 866 1350 914 τῆς
1378 862 1500 901 κολα-

141 930 254 977 κείας
291 927 401 982 φημὶ
443 923 553 968 εἶναι
592 925 670 981 τὴν
710 926 952 981 ῥητορικήν.
1029 928 1177 967 ΠῼΛ.
1214 922 1395 978 Ἐρωτῶ
1431 926 1498 979 δή,

142 994 210 1035 καὶ
241 994 483 1046 ἀπόκριναι,
513 991 668 1034 ὁποῖον
695 992 856 1045 μόριον.
915 993 1016 1033 ΣΩ.
1040 984 1122 1044 Ἆρ’
1153 987 1234 1033 οὖν
1263 991 1317 1032 ἂν
1345 992 1502 1046 μάθοις

141 1058 491 1113 ἀποκριναμένου
502 1076 513 1108 ,·
564 1055 649 1099 ἔστι
686 1057 833 1112 γὰρὴ
873 1056 1075 1112 ῥητορικὴ
1112 1057 1218 1098 κατὰ
1268 1058 1345 1098 τὸν
1397 1056 1500 1111 ἐμὸν

141 1125 271 1177 λόγον
298 1126 515 1178 πολιτικῆς
543 1123 701 1177 μορίου
730 1123 916 1164 εἴδωλον.
970 1124 1115 1164 ΠΩΛ.
1155 1123 1206 1163 Τί
1233 1118 1338 1171 οὗν;
1367 1122 1502 1164 καλὸν

141 1225 265 1257 Thom.
299 1226 393 1268 Mag.
425 1225 462 1256 in
492 1235 524 1257 v.
558 1222 730 1265 ὀψοποιός
768 1228 802 1256 et
838 1235 919 1256 mss.
951 1223 1114 1256 Aristidis
1156 1234 1197 1256 ac
1230 1223 1378 1266 Sopatri.
1411 1224 1501 1256 cons.

140 1270 297 1349 ἓὲὃὶιθοὲς.
324 1270 367 1303 ad
391 1270 579 1312 Phrynich.
604 1280 637 1312 p.
662 1268 739 1303 529.
765 1274 798 1302 et
828 1280 861 1312 Ρ.
885 1268 962 1302 464.
988 1270 1033 1301 D.
1057 1268 1134 1302 465.
1159 1270 1198 1302 B.
1223 1269 1261 1302 C.
1285 1270 1329 1302 D.
1359 1267 1437 1302 500.
1461 1269 1502 1301 Ε.

210 1383 246 1415 G.
283 1393 390 1426 φημι
422 1381 503 1425 ἐγὼ
538 1386 608 1424 τῆι
640 1383 874 1416 κολακειας
913 1381 1079 1423 μόριον
1119 1378 1240 1414 εἶναι
1273 1379 1349 1425 τὴν
1383 1380 1499 1424 ῥητο-

144 1441 181 1470 ρι
194 1441 240 1472 κη
234 1426 284 1472 ν]
318 1429 404 1460 Ven.
440 1428 519 1461 ΞΣ.
552 1428 654 1460 Vind.
680 1426 711 1460 2.
736 1427 767 1461 6.
798 1429 890 1470 Aug.
916 1428 1059 1460 Meerm.
1091 1424 1151 1470 τὴν
1185 1425 1373 1471 ῥητορικὴι
1402 1429 1501 1460 κολα-

141 1476 234 1507 κείας
258 1473 385 1515 μόριον
409 1468 512 1512 εἶιαι,
538 1474 665 1506 omisso
692 1476 759 1517 τῆς.
808 1473 875 1505 Sed
899 1472 1045 1506 articulo
1070 1483 1171 1516 aegre
1196 1483 1325 1506 careas.

209 1539 328 1574 οὔπω
353 1538 630 1582 ἅπυκεκριμέ
644 1553 662 1572 r
672 1539 729 1584 os]
764 1538 967 1579 V.01‘1'zws,
1003 1540 1094 1582 quod
1126 1552 1170 1573 ex
1194 1541 1271 1573 Vat.
1296 1541 1403 1574 Coisl.
1427 1542 1505 1573 Par.

146 1643 243 1672 ματα.
297 1631 422 1664 Differt
452 1634 566 1664 autem
599 1628 790 1675 κομμωτικὴ

860 1631 1002 1663 omnia
1026 1630 1309 1674 respondero.
1353 1631 1442 1664 Nam
1466 1632 1503 1663 in

145 1689 166 1710 a
190 1668 390 1720 κοσμητικῇ,
426 1687 494 1719 qua
524 1676 706 1710 honestum
737 1688 789 1710 or-

857 1676 1081 1709 coniunctivo
1114 1677 1204 1709 inest
1233 1678 1287 1709 vis
1318 1681 1351 1709 et
1374 1677 1503 1720 signifi-

143 1727 264 1755 natum
296 1722 415 1764 quaeri
453 1721 572 1754 docuit
601 1723 789 1755 Vossius

143 1769 196 1801 De
227 1771 350 1800 natura
381 1771 444 1801 art.
467 1768 517 1809 V,
547 1766 579 1802 9.
611 1769 643 1808 ἓ.
667 1767 721 1800 11.
744 1786 790 1791 -

143 1812 215 1846 ἐπὶ
265 1811 466 1855 τέτταρσι
521 1810 787 1857 πράγμασιν.

143 1870 224 1892 nam
268 1858 499 1891 rhetorica
542 1863 698 1891 versatur
744 1859 789 1890 in

144 1903 371 1945 oratione,
429 1904 699 1945 coquinaria
746 1904 790 1935 in

144 1949 283 1990 cibis,
316 1959 387 1982 ars
420 1949 624 1981 comendi
653 1950 700 1982 in
732 1959 790 1981 or-

142 1998 249 2028 natu
273 1994 495 2037 corporis,
530 1995 789 2037 sophistica

144 2041 187 2073 in
212 2039 629 2095 disputationibus.

213 2085 252 2118 C.
307 2082 390 2118 ἀλλ’
439 2082 576 2117 αὐτὸν
622 2084 791 2127 λέληθα

145 2128 265 2162 οὔπω
305 2127 678 2174 ἀποκεκριμένος]
703 2097 791 2162 ⁷Ised

141 2176 283 2208 latuit
306 2186 400 2207 eum
424 2185 486 2207 me
517 2175 709 2208 nondum
741 2175 791 2208 ad

146 2221 256 2254 haec
296 2220 599 2263 respondisse.
668 2221 791 2253 Monui

145 2270 282 2308 propter
320 2265 677 2307 Findeiscnium,
732 2267 791 2308 qui

144 2311 324 2354 vulgarem
339 2310 522 2344 lectionem
546 2310 655 2346 οὕτως
670 2322 792 2354 sequu-

147 2362 203 2388 tus
228 2357 484 2399 interpretatur:
524 2357 599 2390 sed
630 2369 677 2390 eo
708 2367 791 2390 non

147 2401 366 2444 opinante
431 2401 496 2434 sic
558 2402 792 2445 respondi,

146 2446 222 2480 scd
276 2456 367 2479 mea
413 2449 648 2490 responsio
695 2448 794 2480 eius

148 2492 593 2535 exspectationem
623 2503 794 2535 supera—

149 2538 224 2570 vit.
304 2538 358 2569 De
411 2538 562 2580 perfecto
610 2536 793 2580 ἀποκεκρί-

153 2583 240 2615 σθαι
276 2586 350 2615 tum
389 2583 502 2615 active
547 2587 620 2617 tum
657 2584 795 2626 passive

151 2627 372 2671 significante
395 2639 428 2660 v.
454 2633 570 2662 annot.
595 2628 639 2662 ad
662 2640 694 2672 p.
717 2628 794 2662 453.

152 2674 196 2706 D.
220 2691 265 2698 —
290 2673 395 2716 πρὶι
420 2671 472 2706 ἄν
496 2678 672 2717 πρῶτον
695 2671 794 2707 ἄπο-

153 2721 388 2761 κριηνωμαι
413 2720 670 2764 priusquam
693 2724 796 2754 ante

859 1722 950 1755 catio
992 1722 1099 1754 futuri
1129 1723 1254 1754 exacti.
1286 1733 1318 1754 v.
1350 1722 1504 1755 Elmsl.

858 1767 902 1800 ad
925 1768 1044 1809 Eurip.
1067 1766 1158 1799 Med.
1184 1778 1216 1799 v.
1240 1766 1336 1808 215.,
1366 1768 1429 1799 ubi
1452 1779 1505 1801 sa-

857 1813 1043 1856 gacissime
1088 1811 1287 1845 observavit
1326 1812 1415 1855 πρὶι
1459 1810 1504 1846 ἄν

858 1862 1024 1900 sequente
1055 1859 1278 1891 coniunctivo
1308 1869 1377 1891 non
1407 1869 1505 1891 usur·

858 1904 951 1946 pari,
983 1903 1052 1935 nisi
1074 1903 1111 1935 in
1134 1904 1248 1946 priore
1271 1903 1425 1937 membro
1448 1904 1505 1937 ad-

860 1950 904 1982 sit
926 1928 1079 1992 n’egandi
1101 1954 1160 1982 aut
1175 1948 1382 1992 prohibendi
1399 1950 1507 1993 signi-

858 1994 984 2028 ficatio.
1041 1994 1142 2034 Quod
1171 2000 1396 2048 praeceptum·
1431 1996 1505 2038 qui-

858 2039 924 2072 bus
940 2040 1074 2072 caussis
1099 2044 1133 2073 et
1150 2040 1344 2073 rationibus
1362 2041 1504 2082 nitatur,

860 2085 1060 2118 acutissime
1100 2086 1291 2128 explicavit
1331 2087 1371 2119 G.
1404 2087 1505 2119 Her-

860 2141 998 2163 mann.
1029 2131 1066 2163 in
1083 2131 1227 2165 Censur.
1245 2132 1325 2164 edit.
1348 2132 1504 2165 Elmslei.

860 2174 994 2220 p.350.
1019 2175 1070 2208 ed.
1094 2177 1189 2222 Lips.

860 2188 948 2254 p.D
992 2215 1072 2263 Ἆρ’
1116 2222 1196 2254 οὐν
1243 2220 1294 2254 ἂν
1342 2220 1506 2261 μάθοις

860 2264 1056 2309 ἀποκριι·
1066 2266 1267 2311 αμὲνου;]
1316 2278 1363 2300 sc.
1411 2267 1508 2308 ἐμοῦ.

860 2313 976 2345 Verba
998 2312 1235 2355 intelligendi,
1267 2312 1416 2353 sciendi,
1447 2324 1507 2346 au-

862 2357 978 2390 diendi
1002 2368 1082 2390 cum
1106 2359 1260 2401 genitivo
1287 2359 1442 2391 construi
1465 2359 1508 2391 ad

860 2403 979 2445 Remp.
1004 2404 1031 2435 I.
1055 2414 1087 2445 p.
1113 2402 1188 2436 194.
1209 2403 1400 2436 docuimus.
1425 2404 1509 2437 Sen-

862 2449 969 2481 tentia
1002 2449 1090 2481 haec
1121 2453 1189 2481 est:
1231 2449 1337 2482 Num
1368 2450 1508 2493 igitur

862 2505 923 2526 me
960 2493 1204 2537 intelliges
1241 2495 1508 2538 responden-

863 2540 974 2572 tem?
999 2538 1060 2571 Du
1083 2539 1175 2572 ιιι-’ἱππ
1198 2539 1281 2573 doch
1304 2540 1391 2573 wohl
1402 2541 1510 2573 meine

864 2585 1017 2617 Antwort
1039 2584 1237 2618 verstehen?

911 2630 1134 2673 πολιτικῆς
1184 2632 1313 2672 μοριό
1327 2642 1343 2661 v
1385 2629 1507 2662 εἴδω-

865 2675 957 2717 λον]
999 2675 1189 2716 Quintil.
1221 2676 1304 2708 Inst.
1340 2675 1432 2708 Orat.
1465 2677 1510 2717 Π,

866 2719 930 2763 15,
959 2719 1013 2754 25.
1050 2721 1095 2754 ad
1124 2721 1219 2754 hunc
1256 2721 1373 2754 locum
1404 2722 1510 2765 respi-
