1690 2892
261 175 340 210 256
810 175 1017 215 PLATON
1019 176 1070 216 IS

191 281 230 324 B
259 280 553 334 μνημονεύεις,
594 280 658 323 ὅτι
694 277 780 324 εἷεν
806 283 1070 336 παρασκευαὶ
1096 283 1141 325 αἱ
1164 282 1240 338 μὲν
1267 284 1384 339 μέχρι
1410 286 1580 342 ἡδονῆς..

259 345 364 386 αὐτὸ
402 351 528 386 τοῦτο
565 345 701 398 μόνον
735 349 1129 399 παρασκευάζουσαι
1144 381 1154 399 ,
1192 349 1424 402 ἀγνοοῦσαι
1464 351 1508 394 δὲ
1535 354 1582 394 τὸ

259 406 423 460 βέλτιον
450 408 521 450 καὶ
546 411 594 451 τὸ
620 413 779 464 χεῖρον,
817 411 863 453 αἱ
887 411 932 454 δὲ
958 410 1271 466 γιγνώσκουσαι
1300 410 1324 456 δ’
1350 429 1390 455 τι
1414 429 1458 457 τε
1484 416 1584 470 dya-

257 472 343 514 θὸν
368 472 438 515 καὶ
466 473 489 514 ὅ
515 488 555 515 τι
580 475 734 516 κακόν·
772 475 843 517 καὶ
878 475 1026 530 ἐτίθην
1052 481 1138 520 τῶν
1164 477 1242 532 μὲν
1266 477 1361 530 περὶ
1389 478 1463 527 τὰς
1488 479 1584 534 ⁷560-

257 536 335 585 νὰς
370 535 450 591 τὴν
476 538 722 592 μαγειρικὴν
749 540 872 592 [κατὰ
899 541 947 582 τὸ
974 543 1108 595 σῶμα]
1137 540 1373 596 ἐμπειρίαν,
1416 538 1501 584 ἀλλ’
1531 545 1584 585 οὐ

255 598 426 655 τέχνην,
462 605 547 644 τῶν
584 602 629 644 δὲ
664 603 758 656 περὶ
796 606 844 646 τὸ
882 605 1053 658 ἀγαθὸν
1091 604 1170 659 τὴν
1206 606 1397 661 ἰατρικὴν
1423 605 1584 662 τέχνην.

256 665 326 707 καὶ
361 666 468 716 πρὸς
507 668 674 720 φιλίου,
712 662 746 709 ὦ
776 670 1043 719 Καλλίκλεις,
1081 671 1181 724 μήτε
1218 672 1346 720 αὐτὸς
1372 671 1468 714 οἴου
1495 672 1585 714 δεῖν

221 743 226 749 “
255 730 361 782 πρὸς
387 729 456 784 ἐμὲ
483 732 658 783 παίζειν,
685 730 781 787 μηδ’
806 733 830 774 ὅ
858 749 898 775 τι
925 733 980 775 ἂν
1006 735 1131 789 τύχῃς
1155 735 1270 788 παρὰ
1297 735 1348 778 τὰ
1374 736 1584 779 δοκοῦντα

191 799 226 843 C
257 795 492 847 ἀποκρίνου
529 797 620 850 μήτ’
661 793 715 838 αὖ
750 797 801 838 τὰ
840 794 932 851 παρ’
972 797 1077 852 ἐμοῦ
1115 798 1248 849 οὕτως
1288 799 1499 855 ἀποδέχου
1527 801 1583 851 ὠς

254 860 487 910 παίζοντος.
512 860 614 913 ὁρᾷς
630 861 726 914 γὰρ,
756 858 820 903 ὅτι
838 861 933 914 περὶ
950 864 1107 905 τούτου
1126 862 1230 904 εἰσὶν
1256 863 1358 918 ἡμῖν
1385 865 1427 906 οἷ
1450 866 1582 918 λόγοι,

255 917 308 965 οὗ
343 925 382 965 τί
408 924 462 966 ἂν
487 928 649 978 μᾶλλον
675 924 923 968 σπουδάσειέ
951 942 1013 975 τις
1039 926 1109 969 καὶ
1136 927 1314 981 σμικρὸν
1340 935 1449 970 νοῦν
1476 927 1581 983 ἔχων

321 1024 358 1055 Ρ.
382 1022 457 1057 500.
504 1024 542 1055 Β.
588 1022 717 1078 μέχρι
743 1022 920 1068 ἡδονῆς]
952 1025 1010 1058 Sic
1033 1035 1111 1058 cum
1134 1025 1250 1059 Clark.
1273 1031 1307 1060 et
1329 1027 1407 1061 Vat.
1429 1027 1582 1071 plerique
1611 1061 1615 1064 ,

254 1078 380 1100 omnes.
426 1068 540 1110 Vulgo
563 1067 676 1110 μέχρις
698 1066 750 1112 ἠδ.
775 1079 807 1104 v,
831 1070 874 1102 ad
897 1070 1012 1112 Symp.
1036 1081 1063 1103 c.
1086 1069 1140 1104 29.

321 1114 389 1145 καὶ
415 1111 517 1144 etl?
527 1112 595 1156 ην]
621 1114 717 1146 Haec
741 1118 792 1146 est
814 1115 982 1156 scriptura
996 1114 1109 1147 Clark.
1135 1115 1211 1150 Vat.
1235 1115 1336 1148 vind.
1360 1116 1391 1149 1.
1413 1115 1441 1150 6.
1476 1116 1580 1150 Coisl.

253 1167 274 1189 a
296 1168 344 1199 pr
369 1168 413 1190 m.
443 1158 520 1190 Par.
527 1125 634 1190 ⁷JFW.
658 1169 679 1190 a
701 1168 768 1191 sec.
791 1169 834 1190 m.
859 1158 955 1192 Bodl.
996 1159 1109 1203 Vulgo
1132 1165 1204 1193 erat
1228 1159 1383 1193 ἑτιθουν.
1406 1160 1497 1194 Flor.
1513 1162 1535 1193 f.
1554 1172 1580 1193 s.

252 1202 329 1234 Par.
353 1202 394 1237 E,
418 1206 452 1234 et
473 1213 494 1234 a
516 1212 566 1244 pr.
589 1213 633 1234 m.
663 1203 739 1235 Par.
763 1203 855 1236 FW.
878 1203 1019 1236 ἐτίθειν.
1065 1204 1156 1236 Dein
1184 1205 1290 1237 verba
1319 1203 1399 1237 κατὰ
1424 1203 1459 1237 τὸ
1486 1209 1581 1245 σῶμα

253 1258 318 1279 οιιι.
342 1247 455 1279 Clark.
481 1247 558 1279 Vat.
582 1248 667 1281 Ven.
691 1248 730 1280 Σ.
762 1247 863 1281 vind.
885 1247 1038 1283 2.130‹11.
1060 1249 1149 1292 Aug.
1173 1249 1269 1282 Stob.
1288 1254 1387 1282 recte.
1423 1249 1582 1283 Fluxisse

252 1291 411 1324 videntur
440 1302 482 1323 ex
517 1292 632 1334 inepto

253 1336 456 1371 Animadvv.
481 1337 569 1368 critt.
594 1335 698 1379 p.4.

686 1292 876 1325 lossemate.
920 1293 1032 1326 Eiecit
1054 1293 1155 1326 etiam
1179 1294 1363 1326 Hermann.
1400 1294 1580 1338 Hissingk.

722 1338 811 1370 facta
834 1338 1096 1394 transpositione
1119 1338 1333 1371 scribendum
1356 1343 1490 1372 censet.
1514 1343 1580 1372 τῶν

251 1381 316 1420 μὲν
347 1381 426 1422 περὶ
460 1378 517 1415 τὰς
549 1347 678 1424 ἡδονὰς
710 1380 767 1416 τὰς
799 1381 881 1414 κατὰ
904 1381 939 1414 τὸ
966 1386 1062 1422 σῶμα
1085 1382 1145 1426 τὴν
1167 1381 1366 1427 μαγειρικὴν
1388 1382 1579 1423 ἐμπειριαν.

252 1425 318 1458 Sed
349 1426 404 1458 vel
436 1426 486 1457 sic
508 1426 648 1458 moleste
671 1426 838 1459 redundat
859 1426 950 1459 istud
974 1426 1250 1461 additamentum.
1295 1429 1341 1461 Et
1362 1438 1420 1461 cur
1443 1428 1579 1461 tandem

251 1470 316 1503 hac
345 1471 381 1502 in
412 1479 535 1503 caussa
564 1471 737 1504 codicibus
768 1470 867 1505 fidem
896 1471 1121 1514 negabimus?
1160 1474 1339 1507 Praeterea
1361 1473 1398 1505 in
1422 1473 1522 1506 Vind-
1548 1471 1577 1506 7.

295 1571 334 1602 Β.
377 1571 653 1624 παρασκςυαὶ
685 1570 728 1603 αί
751 1571 828 1609 μὲν
849 1582 880 1610 μ.

252 1612 330 1658 ἠδ.]
363 1615 497 1650 Schola
521 1612 563 1647 οὐ
588 1614 712 1669 τέχνας,
737 1613 800 1647 οὐκ
825 1614 882 1654 έμ-

253 1661 386 1700 πειρίας
404 1655 511 1698 εἶπεν,
527 1657 608 1692 ἀλλὰ
630 1658 664 1691 τὸ
680 1659 788 1699 μέσοι
805 1657 881 1692 τού-

252 1716 334 1743 των,
365 1701 422 1738 τὰς
446 1702 676 1746 παρασκευάς,
703 1703 816 1746 ὥςπερ
842 1703 883 1736 ἐν

252 1753 323 1783 τοῖς
358 1747 519 1803 πρόσθεν
548 1747 608 1783 τὰς
637 1747 881 1792 ἐπιτηδεύσεις.

252 1793 366 1827 Verba
388 1794 482 1836 μέχρι
497 1791 624 1837 ἡδονῆς
646 1804 689 1826 ne
712 1795 788 1836 quis
810 1804 883 1836 per-

251 1849 363 1892 peram
396 1839 558 1881 accipiat,
592 1844 727 1871 cautum
757 1842 809 1872 est
838 1839 880 1870 ab

251 1885 325 1938 ipso
342 1884 495 1923 Platone,
519 1884 579 1925 qui
595 1883 756 1916 adiecerit
778 1884 880 1916 haec·

251 1926 351 1961 αὐτὸ
375 1932 501 1961 τοῦτο
520 1926 655 1968 μόνον
676 1928 882 1969 παρ.,1ι.ο.

252 1984 360 2015 quae
405 1973 487 2006 hoe
532 1973 667 2015 ipsum
712 1977 879 2005 tantum

251 2018 489 2050 efficerent
523 2028 662 2060 neque
694 2017 880 2060 amplius

251 2062 355 2104 quid
378 2067 644 2105 spectarent.
677 2063 796 2103 Itaque
812 2072 881 2094 ma-

251 2108 411 2140 nifestum
441 2111 494 2140 est
516 2105 645 2146 μόνον,
677 2106 767 2149 quod
790 2106 880 2148 apud

251 2151 435 2185 Stobaeum
467 2151 692 2192 desideratur,
725 2162 784 2193 per
805 2162 881 2184 sen·

251 2198 377 2230 tentiae
429 2197 594 2230 rationem
646 2195 766 2228 abesse
810 2207 879 2228 non

250 2252 360 2284 posse.
405 2242 493 2274 Nam
526 2238 631 2273 αὐτὸ
662 2238 799 2280 μόνον
829 2246 880 2273 est

250 2286 292 2318 id
326 2286 482 2326 solum,
520 2287 569 2318 ita
602 2290 640 2318 ut
670 2285 780 2324 μόνον
810 2285 879 2317 vim

250 2332 391 2372 habeat,
422 2341 606 2374 pronomen
630 2335 743 2370 autem
766 2334 880 2362 careat

250 2376 572 2418 pondere.1taque
612 2372 716 2407 αὐτὸ
756 2377 879 2407 τοῦτο

251 2420 387 2460 μόνον
404 2424 471 2452 est:
495 2420 691 2462 idipsum
715 2422 879 2452 tantum

251 2465 694 2507 nihilquepraeterea.
714 2463 881 2506 Exempla

251 2509 442 2552 suppeditat
494 2514 626 2551 praeter
673 2509 707 2540 H
714 2509 750 2541 ei
758 2519 781 2540 n
791 2507 812 2540 d
823 2519 842 2541 o
850 2519 879 2540 ι·-

251 2555 355 2587 fium
387 2553 431 2585 ad
463 2553 496 2586 h.
527 2554 550 2586 1.
581 2553 806 2586 Sehaefer.
837 2552 879 2585 ad

251 2598 372 2632 Lamb.
395 2599 472 2632 Bos.
496 2596 627 2640 p..308

296 2644 365 2676 καὶ
400 2608 517 2683 πρὸςΡ
542 2642 710 2697 φιλιόι]
747 2642 881 2684 Olym-

251 2688 479 2733 piodotus.
503 2684 577 2720 Ἐπὶ
594 2685 652 2719 τὸν
667 2687 802 2729 ἔφορον
824 2690 881 2729 τῆς

952 1573 1065 1610 φιλίας
1097 1571 1196 1613 φέρει
1226 1569 1350 1610 αύιόι,
1381 1574 1439 1605 ἵνα
1460 1572 1575 1611 εἰδώς,

950 1613 999 1648 ὃιι
1018 1614 1104 1650 θεός
1128 1614 1221 1648 ἐστιν
1244 1614 1263 1647 ὁ
1288 1619 1346 1659 τῆς
1369 1619 1482 1657 φιλίας
1505 1617 1577 1650 ἐπι-

951 1659 1080 1703 στάτης,
1104 1659 1149 1703 μὴ
1173 1658 1272 1693 κάλω
1295 1663 1406 1704 παίξῃ.
1434 1673 1467 1695 v.
1490 1663 1580 1695 infra

948 1705 1046 1748 adp.
1068 1704 1144 1739 519.
1168 1705 1207 1738 Ε.

992 1791 1077 1837 μήτ’
1125 1788 1177 1827 αὖ
1224 1791 1267 1827 τὰ
1315 1792 1408 1835 παρ’
1449 1793 1574 1837 ἐμοῦ]

947 1839 1050 1872 Recte
1086 1839 1394 1871 Buttmannus:
1441 1849 1577 1882 neque

947 1888 993 1916 tu
1023 1884 1117 1936 ipse
1148 1884 1312 1924 iocare,
1348 1893 1490 1925 neque
1519 1884 1575 1916 vi—

948 1929 1098 1961 cissim
1117 1938 1176 1960 me
1199 1928 1336 1961 iocari
1359 1929 1574 1961 existima.

947 1973 1039 2006 Male
1067 1973 1173 2028 igitur
1204 1972 1467 2015 Stephanus:
1500 1971 1574 2016 μήτ’

947 2014 1033 2050 αὐτὰ
1057 2015 1134 2058 παρ’
1160 2016 1256 2056 ἐμοῦ.

991 2106 1044 2159 Ο..
1076 2099 1127 2138 οὔ
1167 2107 1207 2138 τί
1234 2103 1287 2137 ἂν
1317 2107 1480 2145 μᾶλλον
1511 2116 1574 2138 on.

946 2163 1044 2228 ζιῖῐίεη
1066 2161 1120 2227 ers‘t³
1132 2149 1439 2236 υίὲοο-Ῑέιᾳιὲἳιῗὶ
1473 2150 1573 2235 ιιι-ιοῗιέιῗ

946 2250 1014 2282 qua
1035 2240 1211 2281 utriunque
1233 2239 1371 2282 linguae
1394 2240 1574 2282 scriptores

946 2283 1037 2317 haud
1052 2293 1129 2316 raro
1147 2288 1223 2326 post
1237 2284 1424 2327 genitivum
1446 2295 1464 2316 e
1487 2294 1574 2316 com-

946 2329 1098 2372 parativo
1116 2328 1315 2371 pendentem
1328 2329 1478 2362 inferunt
1499 2338 1574 2370 par·

946 2373 1084 2406 ticulum
1110 2373 1376 2416 comparativam
1398 2383 1475 2406 eum
1498 2373 1572 2406 eius

946 2418 996 2450 rei
1025 2419 1358 2458 commemoratione,
1391 2427 1477 2459 quae
1506 2418 1574 2450 iam

946 2473 1005 2505 per
1048 2473 1233 2504 pronomen
1276 2461 1467 2505 significata
1512 2466 1573 2494 est.

946 2507 1112 2549 Exempla
1140 2506 1226 2540 colle
1270 2511 1350 2539 runt
1371 2506 1500 2548 Toup.
1531 2505 1573 2538 ad

945 2553 1094 2594 Longin.
1131 2562 1163 2594 p.
1249 2550 1277 2583 1.
1329 2550 1574 2583 Markland.

946 2596 990 2629 ad
1026 2596 1167 2639 Lysiam
1202 2606 1235 2638 p.
1268 2592 1343 2629 370.
1379 2595 1571 2628 Friteoh.

947 2641 1099 2681 Quaeett.
1123 2641 1288 2674 Lueimn.
1313 2650 1344 2682 p.
1358 2638 1412 2672 89.
1450 2640 1574 2672 Hein-

946 2685 1051 2718 dorf.
1081 2685 1124 2718 ad
1146 2686 1178 2719 h.
1201 2684 1223 2717 1.
1247 2684 1399 2716 Matth.
1424 2684 1481 2717 Gr.
1505 2694 1574 2716 am·
