1676 2938
223 214 302 249 336
768 211 1025 252 PLATONIS

220 317 248 372 ἢ
275 320 415 359 ἄλλων
443 317 695 371 τραυμάτων
723 319 828 369 ζῶν,
866 318 938 361 καὶ
964 322 1196 370 τεθνεῶτος
1221 320 1269 361 τὸ
1297 323 1415 374 σῶμα
1442 319 1554 364 ἔστιν

222 382 327 424 ἰδεῖν
364 388 496 423 ταῦτα
534 379 644 435 ἔχον.
680 383 912 436 κατεαγότα
948 397 991 425 τε
1026 383 1066 425 εἴ
1097 399 1176 426 του
1213 379 1268 438 ἦν
1302 383 1405 439 μέλη
1441 385 1467 440 ἢ
1495 386 1552 427 δι-

222 444 483 500 εστραμμένα
511 448 679 497 ζῶντος,
706 446 778 489 καὶ
803 450 1036 497 τεθνεῶτος
1071 447 1203 490 ταύτὰ
1229 454 1360 491 ταῦτα
1388 447 1551 504 ἔνδηλα.

148 512 189 554 D
220 510 282 553 ἑνὶ
307 510 352 553 δὲ
379 511 512 566 λόγῳ,
541 505 632 560 οἷος
661 507 768 553 εἶναι
793 513 1105 565 παρεσκεύαστο
1133 515 1181 555 τὸ
1209 515 1328 566 σῶμα
1355 515 1460 565 ζῶν,
1488 512 1551 556 ἔν-

220 576 327 628 δηλα
353 579 487 617 ταῦτα
513 574 583 616 καὶ
609 576 932 630 τελευτήσαντος
972 577 998 630 ἢ
1026 578 1163 619 πάντα
1189 577 1217 631 ἢ
1244 577 1295 620 τὰ
1321 578 1455 620 πολλὰ
1483 578 1553 620 ἐπί

219 655 314 682 τινα
341 640 510 694 χρόνον.
548 639 705 681 ταύτὸν
743 641 795 695 δή
832 656 904 694 μοι
939 641 1055 683 δοκεῖ
1091 637 1201 683 τοῦτ’
1240 644 1324 694 ἄρα
1360 643 1432 685 καὶ
1457 642 1551 697 περὶ

219 703 298 758 τὴν
314 701 468 758 ’ψυχὴν
495 699 626 754 εἶναι,
657 698 690 745 ὦ
720 705 982 755 Καλλίκλεις·
1023 706 1174 760 ἔνδηλα
1200 709 1339 748 πάντα
1366 705 1478 749 ἐστὶν
1505 706 1552 749 ἐν

219 773 272 822 τῇ
300 774 430 822 ψυχῇ,
460 767 628 810 ἐπειδὰν
648 772 858 823 γυμνωθῇ
885 776 963 811 τοῦ
991 770 1194 824 σώματος,
1221 773 1274 812 τά
1298 784 1342 812 τε
1368 777 1442 825 τῆς
1468 772 1548 824 φύ-

219 842 322 882 σεως
362 832 431 874 καὶ
457 832 509 874 τὰ
537 834 768 887 παθήματα
806 835 832 875 ἃ
859 833 928 875 διὰ
966 832 1045 888 τὴν
1072 832 1336 889 ἐπιτήδευσιν
1372 833 1551 878 ἑκάστου

220 898 465 951 πράγματος
491 895 609 951 ἔσχεν
636 896 683 939 ἐν
709 904 760 952 τῇ
788 903 904 951 ψυχῇ
932 897 956 939 ὀ
984 901 1224 951 ἄνθρωπος.
1248 894 1443 942 Ἐπειδὰν
1470 896 1551 942 οὖν

219 962 456 1016 ἀφίκωνται
490 962 604 1014 παρὰ
640 963 717 1004 τὸν
752 963 975 1016 δικαστήν,
1024 962 1066 1003 οἱ
1107 962 1184 1016 μὲν
1224 962 1270 1005 ἐκ
1307 970 1380 1017 τῆς
1403 959 1550 1013 Ἀσίας

149 1032 188 1075 Ε
218 1025 332 1080 παρὰ
358 1027 435 1068 τὸν
455 1021 768 1079 Ῥαδάμανθυν
796 1026 820 1068 ὁ
841 1021 1137 1078 Ῥαδάμανθυς
1166 1026 1353 1077 ἐκείνους
1388 1027 1549 1083 ἐπιστή-

287 1148 325 1181 C.
371 1146 608 1191 κατεαγότα
639 1160 680 1180 τε
709 1148 753 1180 εἴ
779 1159 851 1180 του
882 1142 944 1191 ἦν]
990 1147 1162 1181 Eusebius
1185 1148 1290 1182 habet
1313 1146 1335 1191 ἢ
1358 1148 1548 1193 κατεαγότα.

217 1193 356 1269 Raetii?
387 1192 628 1270 ιεΕξοΜιοι-ιιε
658 1192 788 1225 addidit
818 1203 861 1225 ex
892 1193 969 1225 Par.
999 1192 1041 1225 V.
1086 1193 1176 1226 Dein
1206 1192 1293 1236 μέρη
1323 1193 1402 1226 Ald.
1433 1194 1547 1238 Steph.

218 1248 296 1271 eum
348 1247 386 1270 ar

286 1282 529 1315 τεθνεῶτος
553 1278 680 1314 ταύτὰ
703 1284 828 1314 ταῦτα
852 1279 1130 1358 5182721111100
1152 1281 1229 1314 dedi
1251 1292 1295 1314 ex
1318 1292 1386 1316 uno
1404 1283 1495 1316 Flor.
1513 1294 1547 1316 x.

217 1327 374 1359 Ficinus:
428 1326 572 1359 eadem
611 1326 717 1358 haec
749 1330 970 1369 apparent.
1033 1337 1055 1358 n
1092 1327 1212 1359 ceteris
1250 1326 1347 1360 libris
1390 1328 1548 1361 omnibus

218 1369 319 1404 raoni
342 1372 514 1403 omissum.
553 1371 654 1413 Apud
675 1371 862 1403 Eusebium
885 1370 1008 1403 desunt
1029 1370 1135 1403 verba
1158 1375 1259 1404 ταῦτα
1282 1371 1414 1413 ἔνδηλα.

285 1417 327 1448 D.
367 1413 387 1458 ἢ
418 1427 470 1448 πα
483 1427 554 1447 νια
570 1413 613 1469 ἢ
644 1413 684 1447 ιὰ
720 1413 851 1447 πολλὰ
917 1416 973 1447 Sic
1003 1415 1125 1458 scripsi
1153 1415 1195 1448 de
1224 1417 1418 1449 coniectura
1445 1415 1549 1449 Find-

217 1461 338 1493 eisenii
357 1471 420 1512 pro
444 1460 537 1501 vulg.
560 1454 606 1502 ἦν
629 1459 754 1498 πάντα,
779 1470 846 1502 quo
892 1470 992 1492 nemo
1016 1461 1195 1502 quisqam
1219 1460 1377 1494 tuebitur.
1423 1461 1467 1494 Et
1489 1461 1550 1494 ha-

217 1505 301 1538 bent
322 1505 424 1537 etiam
446 1505 621 1547 superiora
649 1505 685 1536 in
709 1504 850 1546 apodosi
879 1514 1011 1547 semper
1032 1515 1193 1547 praesens
1215 1509 1365 1548 tempus,
1395 1516 1463 1538 non
1486 1506 1548 1539 im-

216 1550 412 1603 perfectum.
457 1548 620 1581 Defendit
648 1553 762 1582 tamen
791 1559 931 1592 pravam
961 1549 1163 1601 scripturam
1197 1550 1316 1583 Aetius
1352 1550 1545 1593 explicans.

217 1595 282 1627 ita
305 1597 404 1626 sunt
427 1597 473 1626 ut
495 1597 628 1626 erant.
674 1592 773 1634 Quod
796 1604 1000 1626 memorasse
1023 1594 1107 1626 satis
1130 1598 1190 1626 est.

283 1639 324 1671 Ε.
363 1635 474 1678 παρὰ
506 1635 577 1670 τὸν
605 1635 935 1694 Ραδάμανθυν]
965 1639 1048 1670 Post
1081 1637 1165 1671 haec
1195 1639 1272 1671 Par.
1294 1637 1336 1670 V.
1366 1637 1477 1671 addit.
1511 1638 1548 1671 ol

218 1680 248 1716 δ’
273 1682 311 1715 ἐκ
335 1686 391 1725 τῆς
415 1679 472 1716 Εἰ
466 1681 594 1725 ρώπης
618 1693 710 1723 παρα
734 1694 795 1714 τον
820 1682 965 1715 Αιάκον.
1002 1682 1101 1723 Quod
1123 1683 1187 1715 etsi
1209 1683 1352 1725 scriptor
1372 1683 1408 1715 in
1433 1683 1546 1716 animo

215 1727 354 1769 habuit,
383 1731 498 1761 tamen
528 1738 598 1760 non
628 1726 819 1760 addendum
850 1738 925 1761 esse
958 1729 1041 1760 satis
1074 1726 1197 1761 docent
1218 1737 1305 1770 quae
1326 1726 1449 1761 deinde
1471 1738 1548 1761 nar·

216 1776 344 1806 rantur.

217 1873 397 1915 fliguntur,
429 1875 468 1904 ut
496 1871 674 1904 cicatrices
706 1875 784 1914 post
813 1881 850 1904 se

216 1916 421 1959 relinquant.
486 1916 596 1959 Igitur
641 1915 758 1956 Plato,
812 1916 849 1948 si

217 1961 333 2003 quis,
368 1960 496 2003 inquit,
541 1959 722 1993 verbero
763 1960 849 1992 fuit

216 2005 457 2047 habuitque
481 2005 524 2037 in
541 2014 720 2047 corpore
744 2005 848 2038 cica-

216 2050 350 2083 trices
374 2052 455 2092 (non
479 2059 563 2083 casu
577 2054 736 2091 acceptas
756 2049 847 2090 illas,

216 2105 286 2127 non
320 2094 499 2134 honestas,
542 2094 615 2135 sed)
661 2093 737 2135 ἴχνη
780 2096 848 2126 τῶν

217 2140 354 2182 πληγῶν
376 2151 406 2174 κ.
431 2150 456 2170 t.
478 2140 505 2173 λ.
551 2139 704 2178 Poterat,
729 2138 847 2178 fateor,

215 2184 370 2217 omittere
399 2183 478 2225 ἴχνη
511 2185 579 2215 τῶν
602 2184 757 2225 πληγῶν,
787 2162 847 2215 sed

214 2228 354 2269 addidit,
377 2238 445 2271 quo
467 2227 632 2260 illustrior
653 2231 743 2260 esset
757 2236 847 2260 com-

214 2274 346 2316 paratio
377 2273 527 2315 corporis
550 2272 726 2304 verberum
757 2272 846 2304 eica-

215 2318 358 2352 tricibus
393 2317 549 2360 stigmosi
584 2325 662 2348 eum
700 2315 847 2348 hominis

215 2373 362 2405 nequam
377 2362 501 2402 animo,
519 2362 576 2394 cui
591 2361 664 2393 vita
678 2360 847 2403 flagitiosa

214 2412 386 2449 tamquam
401 2410 500 2439 notas
517 2410 594 2448 post
607 2409 748 2438 mortem
766 2414 846 2438 eon-

215 2452 353 2495 spicuas
375 2450 530 2483 inussit.”
551 2451 604 2483 De
627 2449 846 2492 significatio-

217 2507 260 2529 ne
284 2507 317 2529 V.
329 2493 545 2549 οὖλήειιιᾶὶεε
567 2493 845 2527 Eustathium

214 2541 258 2574 ad
281 2540 380 2573 Iliad.
405 2538 444 2572 δ’.
468 2550 500 2583 p.
524 2538 601 2572 455.
625 2538 677 2571 ed.
698 2538 843 2571 Rom.-
805 2551 842 2557 ·-

215 2596 248 2640 p.
259 2583 337 2619 364.
349 2584 391 2617 Li
417 2596 442 2617 s.
488 2579 846 2637 διαφέρσιδὲοῦλῆε

215 2627 354 2685 circavi,
387 2595 462 2661 ἔτι
483 2626 632 2683 ωτειλὴ
666 2627 733 2667 μὲν
762 2623 846 2660 αὐτὸ

216 2672 252 2708 τὸ
291 2676 443 2716 τραῦμα,
479 2685 531 2705 ov
523 2670 588 2725 ’λὴ
612 2641 666 2705 nd&
697 2669 795 2706 wios·
826 2669 847 2713 ἢ

216 2717 320 2754 τυποε
343 2717 631 2761 &nonannoeane
649 2715 849 2758 τραύματος.

963 1873 1006 1904 D.
1030 1868 1122 1905 οἶος
1153 1867 1274 1904 εἶναι
1305 1881 1478 1912 naason.
1503 1869 1545 1904 τὸ

920 1919 1034 1956 σῶμα
1058 1915 1107 1959 §.J
1152 1917 1249 1949 Haec
1272 1916 1445 1971 iungenda
1467 1920 1548 1949 sunt

915 1962 984 1994 sic.
1009 1958 1086 1995 οἶος
1110 1957 1146 1993 td
1170 1963 1266 2000 σῶμα
1288 1955 1380 1993 εἶναι
1402 1971 1544 2002 amoenu-

917 2006 997 2047 ζ.-
955 2005 1073 2038 -ὁνὶ
1106 2004 1235 2048 λόγῳ,
1269 2009 1315 2038 ut
1336 2005 1467 2038 verbo
1490 2005 1544 2038 di-

915 2061 1020 2091 cam,
1054 2049 1252 2092 denique.
1305 2049 1476 2082 Phaedon.
1511 2060 1543 2092 p.

914 2094 968 2128 65.
991 2095 1045 2127 D·
1070 2095 1124 2126 καὶ
1150 2093 1218 2126 τῶν
1241 2091 1352 2126 ἄλλων
1375 2093 1430 2180 Arpi
1454 2093 1492 2126 λ’

913 2137 1088 2171 ἁπάντων.
1147 2138 1200 2171 De
1229 2139 1365 2181 Rep.V
1466 2138 1488 2172 4

914 2180 1303 2216 c.xl1...')‘11.D.
1365 2183 1545 2216 Barnea.

913 2227 957 2260 ad
986 2227 1103 2269 Eurip.
1132 2227 1235 2260 Herc.
1268 2227 1347 2259 Fur.
1378 2237 1411 2259 v.
1446 2226 1545 2261 1391.

914 2273 1108 2304 Pierson.
1139 2271 1324 2304 Verisimil.
1352 2281 1383 2314 p.
1409 2270 1543 2305 181.—

913 2315 1046 2349 Deinde
1064 2316 1099 2348 iu
1122 2316 1192 2348 his.
1215 2315 1343 2357 ἔνδηλα
1364 2319 1466 2348 ταῦτα
1487 2315 1543 2349 καὶ

914 2362 987 2397 tel...
1010 2371 1196 2402 pronomen
1220 2363 1320 2413 rastra
1333 2361 1479 2402 ponitur,
1501 2369 1544 2393 ac

913 2406 944 2438 si
966 2405 1130 2447 seriptum
1152 2409 1258 2438 esset:
1281 2402 1304 2436 ἃ
1326 2415 1374 2438 τις
1396 2407 1457 2436 τοῦ
1476 2414 1542 2436 σω-

912 2461 1015 2488 ματος
1040 2453 1162 2492 σημεῖα
1191 2449 1246 2481 καὶ
1271 2446 1452 2491 παθήματα
1474 2443 1544 2490 εἶχε

914 2495 1000 2535 ζῶν,
1034 2504 1124 2549 quae
1141 2494 1311 2527 sententia
1331 2493 1449 2525 subeat
1470 2503 1544 2525 ver-

913 2538 966 2571 bis
989 2535 1065 2572 οἷος
1087 2533 1177 2571 σῖιαι
1201 2549 1235 2570 κ.
1259 2536 1296 2571 τὸ
1320 2540 1414 2577 σῶμα
1438 2538 1519 2578 ζῶν.

958 2581 1004 2615 ια’
1034 2594 1072 2615 rs
1096 2594 1122 2616 t.
1153 2580 1326 2623 φύσεως
1348 2581 1413 2623 —l
1445 2582 1488 2614 H.
1512 2591 1541 2614 e.

913 2631 954 2660 et
1005 2637 1111 2669 quae
1162 2637 1184 2660 a
1223 2630 1376 2659 natura
1427 2635 1542 2658 acce-

913 2672 977 2714 pit
999 2676 1039 2703 et
1061 2680 1342 2714 quaeeunque
1371 2670 1409 2702 ei
1432 2670 1543 2703 acei-

913 2715 1075 2749 derunt
1119 2725 1183 2757 so,
1234 2713 1346 2758 quod
1397 2714 1541 2747 studio
