1696 2976
215 109 270 151 48
762 116 1063 154 PLATole

209 277 212 283 Ι
316 224 419 284 Cap.
447 225 538 271 Vll.
581 225 757 285 Ἐπειδὴ
781 228 830 274 δὲ
853 228 1133 289 εἰσήλθομεν,
1157 229 1452 290 κατελάβομεν
1475 239 1607 292 Πρω-

214 291 404 352 ταγόραν
428 296 476 340 ἐν
492 296 552 355 τῷ
576 292 787 356 προστώῳ
805 299 1138 354 περιπατοῦντα,
1163 298 1260 355 ἑξῆς
1284 295 1325 342 δ’
1354 297 1472 360 αὐτῷ
1495 314 1607 358 συμ-

214 359 504 417 περιεπάτουν
529 363 576 406 ἐκ
598 362 680 419 μὲν
711 365 787 407 τοῦ
811 365 883 408 ἐπὶ
904 362 1070 422 θᾶτερα
1100 369 1289 417 Καλλίας
1312 363 1335 409 ὁ
1357 363 1607 412 Ἱππονίκου

212 428 285 471 καὶ
308 425 331 471 ὁ
355 426 544 485 ἀδελφὸς
567 426 703 474 αὐτοῦ
724 427 747 474 ὅ
771 427 1041 489 ὁμομήτριος,
1061 430 1265 489 Πάραλος
1287 429 1310 476 ὃ
1326 435 1606 490 Περικλέους,

135 513 199 544 315
212 495 284 537 καὶ
311 499 535 553 Χαρμίδης
565 493 588 539 ὁ
614 494 894 554 Γλαύκωνος,
931 500 979 543 ἐκ
1003 498 1051 543 δὲ
1082 500 1160 543 τοῦ
1183 500 1254 543 ἐπὶ
1277 496 1442 557 θᾶτερα
1465 498 1488 544 ὁ
1512 502 1606 545 Ste-

211 578 284 618 ρος
307 564 396 606 τῶν
420 563 684 620 Περικλέους
706 562 962 618 ,Ξάνθιππος
986 566 1058 610 καὶ
1081 569 1350 623 Φιλιππίδης
1368 564 1391 610 ὁ
1412 565 1604 627 Φιλομή-

211 633 290 672 λου
313 630 386 673 καὶ
403 626 669 687 Ἀντίμοιρος
692 628 714 674 ὁ
741 635 988 688 Μενδαῖος,
1014 630 1152 689 ὅσπερ
1180 631 1401 690 εὐδοκιμεῖ
1419 632 1605 691 μάλιστα

207 697 297 739 τῶν
327 694 624 755 Πρωταγόρου
657 701 868 755 μαθητῶν
901 700 975 744 καὶ
1005 700 1077 744 ἐπὶ
1113 701 1243 759 τέχνῃ
1273 699 1513 758 μανθάνει,
1546 699 1603 754 ὦς

298 825 386 868 Cap.
402 827 484 860 VII.
508 821 554 860 ἐν
570 826 625 873 τῷ
641 823 871 874 προστώῳ]
891 828 951 862 Sic
968 829 1084 871 Bod1.‚
1113 830 1197 863 libri
1213 829 1404 873 Vindobb„
1429 831 1507 873 alii,
1526 840 1606 864 cum

209 869 292 902 edit.
310 870 427 903 Aldin.
445 871 564 927 Vulgo
581 868 759 914 προστόῳ.

295 915 335 948 P.
352 917 430 949 315.
449 911 470 948 ὁ
505 926 655 959 ετερος
685 916 772 951 τῶν
801 916 999 961 Περικλ.]
1030 919 1109 951 Ald.
1139 920 1242 953 Bass.
1261 923 1298 952 et
1321 919 1421 953 codd.
1438 920 1603 963 plerique

207 969 330 992 omnes
354 954 500 1003 ἑταῖρος
523 962 707 1003 frequenti
728 964 1006 1004 permutatione.
1062 964 1193 996 Verum
1216 964 1315 996 dedit
1338 965 1543 1007 Stephanus
1567 968 1604 997 et

207 1003 319 1036 habet
334 1005 416 1037 Vat.
434 1014 451 1039 t
465 1008 501 1037 et
524 1016 567 1038 ex
593 1016 682 1040 corr.
700 1007 788 1039 Vcn.
809 1008 854 1040 Σ.
891 1008 960 1041 Pro
976 1007 1051 1042 τῶν
1069 1008 1238 1051 Περικλ.,
1265 1008 1368 1050 quod.
1394 1009 1498 1044 codd.
1520 1012 1601 1041 tan-

205 1051 282 1080 tum
304 1059 375 1081 non
398 1060 520 1083 omnes
551 1053 718 1091 tuentur,
752 1051 837 1084 olim
868 1051 903 1084 le
931 1052 1061 1085 ebatur
1088 1053 1155 1086 τοῦ
1173 1051 1411 1095 Περικλέους.
1459 1054 1601 1087 Deinde

205 1092 411 1145 Stephanus
439 1105 483 1127 ex
513 1095 594 1129 Ald.
624 1099 661 1128 ct
691 1096 777 1128 Bas.
795 1099 825 1129 2.
855 1091 897 1130 εὖ
925 1097 1046 1139 οκίμει
1079 1099 1219 1140 recepit
1246 1101 1355 1139 atque
1386 1098 1470 1130 hinc
1494 1099 1602 1131 etiam

205 1132 425 1179 ἕμανθανεν
442 1140 609 1173 correxit.
656 1140 856 1183 Utrumque
873 1142 1038 1175 codicum
1056 1143 1269 1175 auctoritati
1286 1142 1512 1178 adversatur.

249 1249 337 1293 Cap.
361 1251 441 1283 V11.
490 1245 535 1284 ἐν
567 1251 624 1284 τῶ
656 1246 865 1295 προστώῳ
932 1263 1050 1286 rorum
1069 1254 1439 1295 coctuinoninterest,
1456 1253 1600 1289 enera-

202 1293 265 1338 π.]
328 1296 486 1339 Egregie
551 1285 864 1337 Heindorfius3

202 1334 443 1383 ,,Πρόο’τωον.
466 1341 600 1382 inquit,
623 1341 657 1375 h.
675 1341 700 1373 l.
723 1341 868 1374 videtur

202 1383 275 1417 dici
291 1385 385 1427 quod
401 1385 604 1419 Vitruvio
626 1386 688 1424 VI,
707 1387 758 1420 10.
777 1385 868 1418 dici-

201 1432 260 1461 tur
295 1429 540 1473 περίστυλον,
585 1434 741 1471 quatuor
777 1429 866 1463 illud

200 1474 402 1516 porticibus
446 1478 637 1515 constans,
690 1484 783 1516 quae
820 1475 864 1507 ab

200 1518 311 1551 ianua
346 1518 613 1552 introeuntibus
652 1518 866 1561 quadratam

201 1573 325 1596 arcam
341 1564 447 1604 quasi
461 1563 641 1605 quoddam
653 1564 866 1606 impluvium

202 1607 488 1641 circumdabant.
534 1608 590 1640 Ita
620 1618 686 1651 per
717 1609 865 1640 ianuam

198 1649 387 1694 μέσανλον
408 1653 607 1685 introeunti
632 1653 758 1684 statim
785 1663 865 1695 pro-

199 1701 347 1739 spectus
385 1698 538 1739 patebat
581 1697 618 1729 in
661 1698 864 1740 oppositam

198 1742 389 1783 porticum,
421 1736 462 1775 τὸ
486 1735 567 1774 κατ’
591 1736 747 1784 ἀντικρὺ
775 1736 864 1784 πρό-

199 1794 316 1819 στωον
340 1787 370 1825 5.
395 1796 448 1828 sq.
484 1786 539 1818 Ad
569 1786 674 1818 huius
698 1786 867 1829 pcristyli

196 1831 376 1873 porticum
404 1841 513 1863 unam
544 1831 700 1873 positum
723 1831 794 1864 fuit
821 1826 863 1863 τὸ

197 1877 381 1918 ταμιεῖον,
416 1875 536 1908 cella
567 1876 768 1918 penaria,
802 1885 863 1908 cu-

197 1920 255 1951 ius
295 1930 375 1952 mox
406 1930 442 1963 p.
474 1922 539 1953 315
569 1921 600 1952 D
639 1921 774 1953 mentio
811 1919 862 1961 fit,

195 1963 290 1997 unde
337 1964 405 1997 hoc
447 1965 566 2007 ipsum
603 1959 693 1998 στόα
731 1964 863 1997 dicitur

195 2007 345 2042 Aristo
383 2008 418 2041 h.
456 2009 599 2042 Eccles.
632 2020 665 2043 v.
702 2009 784 2043 14.“
818 2026 860 2031 —

196 2046 302 2095 ἕξῆς
377 2047 387 2061 ’
428 2048 562 2098 αὐτῷ,
603 2053 728 2086 iuxta
769 2064 860 2087 eum

193 2096 379 2130 Phaedon.
408 2108 443 2140 p.
468 2099 542 2131 100.
565 2098 607 2130 Β.
634 2115 674 2120 -—
703 2093 749 2131 ἐκ
779 2095 862 2141 μὲν

195 2140 274 2175 τοῦ
308 2136 382 2175 ἐπὶ
412 2135 609 2184 θᾶτερα,
641 2153 689 2175 ex
713 2143 859 2182 altena

194 2188 332 2263 {ffirfe'
351 2186 554 2238 utEuthyd.
573 2181 771 2229 p.29⁷Dssu
789 2186 855 2219 τοῦ

213 2242 239 2263 π
266 2240 454 2274 αριστερα.
473 2231 591 2263 Stallb.

238 2270 294 2308 ὁὸ
337 2271 855 2319 ομήτριος-]Ρὶιιῑ8,ι·οἱι.

192 2287 328 2353 Ροτὶοἴ
350 2331 380 2352 c.
403 2322 462 2353 24:
494 2312 542 2363 ἦν
568 2316 638 2363 μὲν
665 2314 766 2364 αὐτῷ
791 2318 855 2365 (τῷ

195 2364 388 2407 Περικλεῖ)
408 2359 504 2407 γυνὴ
526 2359 766 2408 προσήκουσα
779 2361 857 2418 μὲν

191 2403 289 2441 κατὰ
321 2407 441 2460 γένος,
470 2411 710 2453 συνῳκηκυῖα
730 2403 769 2442 δ’
791 2411 855 2441 Ιπ-

192 2452 544 2504 πονίκφὶπροτερον,
568 2449 606 2495 ἐξ
624 2445 669 2487 οὗ
685 2453 857 2487 Καλλίαν

193 2494 295 2531 ἔτεκε
310 2508 378 2531 τον
393 2493 582 2532 πλούσιον·
615 2495 717 2532 ἔτεκε
733 2494 775 2531 δὲ
791 2496 858 2532 καὶ

192 2537 294 2586 παρὰ
332 2541 382 2588 τῷ
416 2542 596 2585 Περικλεῖ
625 2538 857 2580 Ξάνθιππον

191 2585 257 2620 καὶ
289 2582 481 2630 Πάραλον.
520 2588 598 2620 Non
632 2591 751 2621 autem
777 2589 855 2620 sine

193 2632 321 2665 aculeo
330 2631 483 2674 quodam
497 2631 587 2664 illud
595 2627 615 2664 ὁ
631 2627 855 2675 ὁμομήτριος

193 2676 373 2710 adiectum
397 2679 462 2715 est,
491 2676 585 2717 quod
607 2677 854 2719 Hermogenes

191 2715 211 2754 ὁ
244 2715 414 2764 ἀδελφὸς
441 2714 561 2754 αὐτοῦ
577 2715 597 2754 ὁ
614 2715 853 2764 ὁμοπάτριος,

193 2767 255 2807 qni
277 2766 438 2798 Socratis
469 2764 686 2809 discipliuae
718 2765 854 2799 studio-

192 2811 358 2843 sissimus
375 2813 472 2852 erat,
496 2810 579 2843 huic
602 2811 776 2843 nobilium
800 2810 855 2844 vi-

933 1298 999 1340 tyl.
1017 1309 1052 1341 p.
1069 1300 1133 1331 391
1153 1297 1191 1332 c.

977 1365 1019 1399 P.
1036 1366 1112 1397 315.
1150 1363 1405 1409 Χαρμίδης]
1439 1365 1599 1399 Charmi-

934 1409 1016 1450 des,
1045 1409 1246 1442 Glauconis
1267 1409 1375 1451 filius,
1398 1411 1513 1443 frater
1529 1411 1600 1443 fuit

933 1453 1171 1492 Perictiones,
1188 1454 1355 1487 Platonis
1371 1456 1516 1494 matrim
1535 1454 1599 1487 sed

935 1498 970 1530 ei
984 1508 1152 1541 magnam
1166 1500 1275 1531 etiam
1293 1509 1372 1531 cum
1388 1500 1467 1542 ipso
1480 1499 1599 1531 Callia

933 1542 1186 1575 intercessisse
1215 1544 1359 1585 generis
1381 1544 1599 1576 affinitatem

934 1596 1084 1619 necesse
1095 1591 1162 1627 est,
1180 1597 1288 1628 quum
1299 1589 1344 1619 ab
1362 1588 1476 1629 ipsius
1493 1592 1597 1630 parte

933 1630 1105 1663 incedens
1144 1631 1347 1666 inducatur.
1402 1633 1520 1673 Atque
1553 1643 1597 1664 ex

932 1675 1128 1708 Andocidis
1149 1677 1271 1708 verbis
1294 1686 1343 1710 or.
1362 1677 1398 1715 1,
1423 1678 1505 1709 1262
1532 1677 1596 1709 λα-

933 1714 1091 1771 βρμενος
1108 1719 1174 1771 ξοῦ
1193 1719 1322 1771 βωμοῦ
1352 1715 1390 1797 {6
1416 1721 1596 1771 Καλλίας)

932 1773 1078 1806 ωμοσεν
1103 1776 1127 1807 η
1154 1775 1231 1807 μην
1251 1759 1302 1807 μὴ
1333 1775 1349 1797 ε
1368 1764 1435 1798 ναί
1459 1761 1498 1798 οἶ
1512 1762 1598 1798 υἱον

933 1802 1050 1842 ἄλλον
1084 1805 1181 1852 μηδὲ
1224 1806 1406 1852 γενέσθαι
1433 1804 1595 1852 πώποτε,

933 1850 968 1886 εἰ
981 1848 1032 1896 μὴ
1046 1849 1262 1887 Ἱππόνικον
1278 1848 1319 1887 ἐκ
1335 1853 1402 1896 τῆς
1420 1849 1596 1887 Γλαύκω-

931 1908 995 1936 νος
1010 1893 1213 1942 θυγατρός,
1238 1909 1282 1931 ex
1304 1898 1360 1931 his
1382 1899 1493 1941 igitur
1539 1909 1595 1932 ro-

930 1943 1103 1976 babiliter
1133 1943 1316 1976 coniicere
1343 1942 1449 1984 licet,
1482 1942 1510 1975 C
1538 1954 1594 1975 ar-

929 1986 1035 2020 midis
1057 1997 1214 2020 sororem
1231 1986 1389 2020 Calliam
1411 1988 1449 2019 in
1470 1988 1595 2020 matri·

929 2032 1046 2065 monio
1069 2032 1252 2065 habuisse.
1315 2032 1417 2072 Quae
1446 2033 1478 2064 si
1507 2042 1593 2065 vera

927 2079 983 2109 est
999 2077 1221 2113 coniectura,
1238 2076 1345 2109 Plato
1353 2086 1496 2118 quoque
1514 2087 1593 2109 cum

928 2119 1052 2153 Callia
1077 2121 1290 2153 coniunctus
1314 2121 1393 2154 fuit.
1431 2121 1488 2153 De
1510 2121 1593 2153 Phi—

924 2165 1074 2207 lippide,
1083 2165 1277 2198 Philomeli
1290 2165 1376 2206 filio,
1389 2175 1423 2199 v.
1432 2165 1593 2200 Boeckh.

924 2209 980 2242 De
998 2209 1132 2244 Oecon.
1147 2211 1224 2242 Att.
1239 2210 1286 2244 11.
1302 2211 1359 2244 48.
1543 2226 1549 2231 -

966 2270 1246 2319 Ἀντίμοιρος
1281 2270 1301 2308 ὁ
1330 2273 1583 2318 Μενδαῖος]

923 2321 958 2353 h.
976 2320 1158 2361 e.Mende‚
1176 2320 1356 2353 Thraciae
1372 2321 1586 2354 urbeoriun-

924 2365 1001 2399 dus.
1044 2365 1220 2398 Themist.
1247 2375 1300 2398 or.
1315 2367 1371 2400 29.
1401 2375 1435 2407 p.
1453 2365 1517 2397 347
1535 2365 1585 2396 D:

924 2404 947 2442 ὅ
963 2409 1129 2449 Καλλίας
1145 2404 1190 2443 οὗ
1245 2404 1323 2443 ’νον
1332 2403 1588 2452 Πρωταγόραν

925 2449 1136 2497 ἐθεράπευε
1157 2465 1205 2487 κα
1245 2456 1457 2505 περιεῖπεν,
1490 2447 1585 2486 ἄλλα

925 2497 989 2532 καὶ
1023 2493 1250 2541 Ἀντίμοιρον
1286 2508 1351 2531 τον
1387 2497 1588 2531 Μενδαῖον

924 2541 988 2576 καὶ
1006 2538 1100 2594 ,τούς
1121 2537 1257 2582 ἄλλους
1277 2537 1456 2595 μαθητᾲς
1480 2542 1584 2595 Προξ-

922 2598 1120 2675 ἔῗὲζῖἕῗιῗὸ.
1134 2586 1483 2674 ῗῖἷῗιῖῗίῗὲῗῗῗῖ
1495 2586 1586 2663 ‘1¹²¹ffif

922 2680 1006 2710 tone
1024 2670 1273 2714 ἐπακούοντες
1296 2686 1326 2709 s.
1351 2670 1506 2718 ἐπήκοοι
1522 2686 1587 2718 ap·
1631 2706 1637 2711 .

922 2722 1116 2763 pellantur.
1139 2720 1232 2754 Sunt
1260 2721 1298 2759 ii,
1316 2730 1405 2761 quos
1423 2720 1586 2762 sophista

922 2767 956 2797 in
986 2765 1130 2799 Calliae
1157 2765 1351 2807 hospitium
1381 2764 1486 2807 quasi
1508 2774 1583 2796 um-

920 2810 1005 2842 bras
1022 2810 1234 2844 adduxerat.
