1682 2944
241 215 292 249 54
710 209 1101 252 PROLEGOMBNA

240 321 338 358 ratio
364 319 582 369 planissime
601 318 718 359 etiam
745 332 831 360 oum
848 319 930 360 loco
950 319 1184 359 nobilissimo
1201 319 1400 359 Theaeteti
1418 333 1454 371 p.
1479 323 1567 359 172.

241 377 280 414 G.
309 388 425 426 seqq„
462 375 529 414 ubi
566 374 650 414 vita
684 375 994 425 philosophorum
1030 376 1121 415 data
1156 374 1439 425 opportunitate
1474 375 1567 416 item

242 444 265 469 a
302 430 500 469 calumniis
536 430 838 471 adversariorum
873 430 1099 471 vindicetur.
1163 431 1369 470 Enimvero
1405 431 1568 481 scriptu·

242 487 472 525 Theaetetus
499 485 630 535 procul
665 485 780 526 dubio
817 489 877 525 est
902 499 979 525 non
1015 486 1072 526 ita
1106 486 1228 525 multo
1264 490 1351 536 post
1378 486 1568 535 Gorgiam,

243 554 328 579 eum
356 554 431 592 quo
460 540 555 580 libro
583 553 661 591 qua
687 541 966 581 necessitudine
999 541 1256 588 contineatur,
1293 541 1422 591 paucis
1450 541 1569 590 signi-

243 597 440 636 ficavimus
467 596 638 645 Prolegg
677 597 725 636 ad
753 597 947 637 Theaetet.
975 610 1012 646 p.
1042 600 1106 636 29.
1172 597 1247 636 His
1282 609 1374 637 vero
1411 596 1467 637 ita
1502 610 1569 636 ex-

242 652 398 702 ploratis
435 664 514 691 una
551 652 674 692 adhue
709 651 857 703 reliqua
894 656 953 692 est
979 652 1178 692 dubitatio.
1234 651 1383 703 Quippe
1419 652 1572 692 rettulit
1643 647 1646 650 ⁴

210 707 748 750 ‚Schleiermaeherus
795 707 917 757 operis
963 698 1167 758 primofflia
1212 707 1261 746 ad
1306 707 1375 746 illa
1416 708 1568 747 demum

244 767 431 812 tempora,
468 762 607 814 quibus
634 763 745 801 Plato
772 776 823 802 ex
849 763 970 813 primo
997 763 1135 802 itinere
1161 763 1204 801 ιιι
1230 762 1398 803 Siciliam
1425 767 1465 802 et
1491 764 1570 802 Ita·

245 819 336 857 liam
369 818 586 857 inferiorem
621 821 797 868 suscepto
843 818 884 856 in
927 818 1091 868 patriam
1125 819 1248 857 redux
1284 819 1408 857 factus
1442 818 1569 858 fuerit.

245 873 354 915 Quae
388 873 579 912 sententia
612 878 799 925 quantum
835 875 986 913 recedat
1022 875 1071 913 ab
1108 887 1154 913 ea
1200 886 1316 926 quam
1350 873 1424 924 ipsi
1460 874 1571 912 modo

246 929 483 968 defendimus
520 929 686 976 ratione,
717 933 851 979 sponte
886 929 1125 978 intelligitur.
1180 930 1233 968 Et
1259 928 1380 968 videri
1408 941 1454 968 ea
1478 942 1572 968 sane

245 985 365 1034 possit
411 985 555 1036 aliquid
601 982 935 1024 commendationis
981 998 1031 1023 ex
1074 998 1119 1023 eo
1152 985 1312 1032 habere,
1360 985 1462 1036 quod
1497 986 1572 1035 Py-

246 1040 462 1089 thagoricae
498 1040 690 1080 doetrinae
727 1040 893 1089 vestigia
928 1041 1111 1092 quaedam
1148 1041 1190 1079 in
1226 1041 1298 1079 hoo
1332 1040 1430 1079 libro
1465 1052 1573 1090 repe·

245 1096 408 1135 riuntur.
463 1095 654 1137 Quorsum
688 1096 883 1146 pertinent
918 1109 1017 1147 quae
1051 1110 1087 1147 p.
1119 1099 1209 1135 508.
1238 1097 1286 1134 A.
1323 1096 1371 1134 de
1405 1109 1479 1135 usu
1506 1109 1572 1135 vo-

247 1151 371 1190 cabuli
397 1147 548 1201 κόσμος
574 1155 848 1199 memorantur,
887 1165 1002 1202 quem
1028 1151 1258 1191 tralaticium
1294 1154 1355 1191 est
1379 1152 1573 1202 Pythago-

247 1207 347 1245 ricae
383 1219 466 1246 esse
503 1207 679 1255 originis;
718 1208 912 1257 pertinent
955 1208 1048 1247 item
1095 1219 1193 1258 quae
1235 1220 1271 1257 p.
1311 1208 1402 1246 507.
1439 1207 1484 1245 Ε.
1522 1220 1572 1246 ex

248 1262 439 1302 sententia
455 1263 781 1313 Pythagoreorum
807 1264 855 1301 de
885 1262 1051 1301 amicitia
1078 1267 1117 1301 et
1145 1274 1271 1300 amore
1298 1262 1420 1301 omnis
1446 1275 1572 1301 rerum

248 1318 510 1358 universitatis
538 1318 691 1358 vinculo
718 1323 758 1358 et
774 1332 810 1368 p.
831 1321 922 1356 493.
942 1320 989 1357 A.
1010 1319 1058 1357 de
1085 1330 1238 1367 corpore
1266 1317 1383 1355 animi
1401 1318 1574 1367 sepulcro

249 1377 504 1423 exponuntur.
532 1374 614 1412 Nec
640 1386 732 1413 vero
759 1378 900 1412 temere
918 1373 1057 1424 aliquis
1074 1374 1150 1413 huc
1168 1373 1405 1412 revocaverit
1423 1371 1574 1412 νεκυίαν

247 1429 354 1468 illam
381 1428 462 1468 sive
489 1429 701 1468 fabulosam
728 1430 775 1468 de
802 1432 906 1468 statu
926 1428 1138 1467 animorum
1156 1431 1243 1478 poet
1267 1433 1427 1467 mortem
1444 1430 1575 1467 futuro

249 1484 513 1523 narrationem.
558 1486 614 1524 At
647 1484 748 1523 enim
775 1497 865 1524 vero
894 1497 936 1523 re
963 1484 1184 1533 diligentius
1211 1483 1446 1524 considerata
1481 1485 1576 1522 haee

249 1540 375 1579 omnia
409 1539 636 1591 neutiquam
671 1540 727 1580 ita
763 1542 980 1590 comparata
1016 1552 1099 1578 esse
1126 1539 1378 1586 videbuntur,
1415 1543 1461 1578 ut
1487 1540 1575 1578 inde

249 1596 458 1642 Platonem,
487 1608 562 1646 quo
590 1599 758 1646 tempore
786 1596 880 1635 hmo
895 1595 1056 1645 scripsit,
1082 1595 1160 1633 iam
1183 1594 1383 1634 subtiliore
1410 1599 1451 1634 et
1468 1607 1575 1634 accu-

248 1651 387 1690 ratiore
423 1651 616 1690 doctrinae
643 1651 918 1702 Pythagoricae
954 1650 1093 1690 notitia
1119 1650 1309 1689 imbutum
1335 1650 1454 1689 fuisse
1490 1663 1577 1689 con·

249 1710 441 1758 sequatur.
497 1707 597 1745 Nam
624 1720 722 1758 quae
749 1708 796 1746 de
823 1710 1059 1746 mortuorum
1094 1707 1308 1756 produntur
1333 1706 1491 1753 iudicio,
1530 1719 1577 1745 ea

249 1762 347 1801 nihil
373 1763 485 1812 plane
521 1762 666 1801 habent
691 1762 935 1813 Pythagorici
973 1766 1090 1813 atque
1124 1765 1329 1800 manarunt
1362 1761 1490 1811 potius
1526 1775 1576 1801 ex

250 1818 338 1857 unis
364 1817 556 1868 popularis
583 1817 780 1867 religionis
807 1817 1058 1867 opinionibus.
1105 1817 1153 1856 Id
1180 1817 1281 1868 quod
1309 1819 1417 1856 tanto
1436 1817 1576 1856 certius

250 1873 308 1912 ita
340 1876 511 1912 statuere
544 1873 652 1920 licet,
690 1874 791 1924 quod
829 1886 915 1912 cum
950 1872 1018 1920 ιιι,
1055 1885 1154 1923 quae
1192 1875 1364 1912 extrema
1393 1873 1578 1922 Apologia.

251 1929 426 1979 exposita
453 1929 652 1991 leguntur,
688 1941 866 1979 magnam
902 1929 1047 1967 habent
1082 1927 1381 1967 similitudinem.
1436 1928 1578 1967 Differt

249 1984 369 2047 igitur
395 1985 552 2047 mythns
580 1984 620 2023 in
647 1984 789 2034 Gorgia
815 1987 1014 2023 enan-atus
1048 1983 1122 2022 hoc
1154 1983 1307 2023 nomine
1334 1987 1464 2033 aperte
1490 1984 1575 2033 pln-

250 2040 387 2078 rimum
416 2041 464 2078 ab
501 2039 548 2078 ιιι
586 2040 746 2087 fabulis,
784 2053 880 2091 quas
914 2039 1162 2090 philosophus
1189 2038 1382 2078 Phaedoni
1420 2043 1461 2078 et
1487 2039 1575 2076 Rei-

250 2095 424 2145 publieae
459 2094 566 2133 libris
593 2095 812 2141 subiunxit,
850 2095 890 2133 ιιι
927 2094 1066 2146 quibus
1093 2106 1186 2133 sane
1222 2106 1299 2132 non
1337 2106 1459 2143 pauca
1483 2099 1577 2133 sunt

250 2150 513 2201 Pythagorica.
569 2149 681 2191 Quod
707 2154 837 2189 autem
873 2150 921 2189 ad
957 2162 1070 2188 usum
1105 2148 1281 2189 vocabuli
1305 2145 1455 2199 κόσμος
1490 2162 1575 2199 per·

251 2206 369 2252 tinet,
406 2206 560 2244 videtur
598 2205 664 2245 ille
700 2206 776 2244 iam
811 2209 960 2245 mature
994 2204 1085 2243 inde
1120 2217 1145 2242 a
1171 2204 1412 2255 Pythagorae
1449 2208 1576 2244 aetate

251 2262 369 2310 vulgo
407 2261 618 2300 celebratus
654 2264 695 2300 et
739 2274 807 2311 per
851 2260 1070 2300 universam
1105 2259 1301 2299 Graeciam
1345 2265 1574 2310 prop-gntus

252 2330 345 2362 esse,
374 2317 463 2355 licet
488 2316 595 2355 nulla
622 2317 712 2355 dum
740 2316 897 2356 interior
924 2315 1116 2355 doctrinae
1134 2315 1410 2365 Pythagoricae
1436 2315 1575 2354 notitia

252 2375 353 2411 esset
379 2372 596 2420 divulgata,
633 2373 680 2411 de
707 2385 784 2423 qua
820 2385 861 2411 re
898 2385 935 2411 v.
965 2384 1052 2410 ann.
1088 2371 1137 2409 ad
1164 2370 1260 2409 Tim.
1289 2383 1325 2420 p.
1355 2372 1420 2409 27.
1450 2373 1496 2409 A.
1534 2374 1575 2409 et

250 2427 449 2522 3ξὲἕέ
473 2431 646 2521 “mssss'am
681 2428 756 2521 {¹230
765 2428 862 2521 ¹¹32.
873 2439 937 2521 ’ἴῃ
951 2426 1366 2521 ..mmm
1397 2425 1574 2526 ἓῖῗὲῗζ

252 2496 347 2577 nonq
355 2496 574 2576 suntorgnlssre
601 2496 875 2588 Pyttihagorica,
913 2538 979 2576 sed
1005 2537 1069 2576 vel
1097 2536 1263 2587 Orphica
1296 2537 1360 2576 vel
1387 2536 1573 2586 Empedo-

252 2595 351 2639 clea,
405 2596 450 2632 ut
484 2593 634 2632 Platoni
681 2594 757 2632 iam
793 2597 883 2632 ante
917 2593 993 2632 iter
1027 2592 1206 2631 Italicum
1251 2596 1366 2644 atque
1402 2591 1571 2630 Siculum

252 2656 343 2688 nota
370 2662 452 2688 esse
478 2649 682 2699 potuerint.
736 2651 874 2700 Itaque
900 2648 997 2687 nihil
1024 2649 1192 2698 profecto
1219 2660 1373 2687 cannae
1399 2650 1478 2693 est,
1506 2660 1575 2685 cm·

253 2718 302 2744 ex
329 2705 413 2743 istis
441 2705 657 2745 coniectura
684 2705 730 2744 de
758 2704 918 2754 Gorgiae
946 2708 1034 2743 ortu
1061 2703 1270 2757 posteriore
1295 2702 1478 2755 capiatur.
1515 2705 1575 2743 Ae
