1696 2976
187 146 240 189 80
730 148 1030 188 PLA'roms

184 268 360 322 τροπαί,
391 266 525 309 ταῦτα
550 262 590 309 δ’
619 261 703 322 ἄρα
726 262 779 310 οὐ
810 263 1112 320 διδάσκονται,
1138 261 1235 310 οὐδ’
1268 266 1572 323 ἐπιμελοῦνται

185 333 331 376 πᾶσαν
354 332 622 388 ἐπιμέλειανς
651 336 842 376 Οἴεσθαί
860 350 910 390 γε
931 330 1027 390 χρή,
1054 324 1087 376 ὦ
1114 330 1355 389 Σώκρατες.

286 396 388 456 Cap.
416 397 511 444 XV.
555 397 627 443 Ἐκ
658 401 830 443 παίδων
853 401 1048 457 σμικρῶν
1078 396 1308 457 ἀρξάμενοι
1343 400 1467 457 μέχρι
1497 391 1574 443 οὗ·

185 482 266 522 περ
312 462 367 510 ἂν
398 468 500 519 ζῶσι
546 466 618 509 καὶ
649 463 905 510 διδάσκουσι
944 467 1017 510 καὶ
1048 467 1346 510 νουθετοῦσιν.
1397 462 1575 510 ἐπειδᾶν

184 534 347 577 θᾶττον
371 534 501 591 συνιῇ
524 551 588 585 τις
611 530 663 577 τὰ
687 531 918 590 λεγόμενα,
949 533 1021 577 καὶ
1044 530 1202 590 τροφὸς
1233 533 1305 576 καὶ
1328 530 1469 590 μήτηρ
1501 532 1572 576 καὶ

185 597 460 656 παιδαγωγὸς
483 600 556 644 καὶ
589 596 718 652 αὐτὸς
741 597 764 643 ὁ
797 597 938 657 πατὴρ
962 600 1060 657 περὶ
1093 597 1249 644 τούτου
1273 596 1572 657 διαμάχονται,

185 662 301 718 ὅπως
325 663 382 719 ὡς
412 667 631 723 βέλτιστος
662 670 780 711 ἔσται
803 662 827 710 ὁ
858 676 986 722 παῖς,
1011 663 1112 723 παρ’
1142 667 1325 711 ἕκαστον
1347 666 1419 711 καὶ
1445 670 1574 724 ἔργον

221 838 228 849 .
274 795 456 849 cap'rxv‘
481 795 521 829 C.
553 794 686 849 μέχρι
704 787 845 840 οὗπερ
863 789 916 830 ἂν
934 795 979 839 ζ.]
1001 796 1061 828 Sic
1085 796 1185 831 codd.
1213 797 1289 828 fere
1303 806 1437 829 omnes.
1455 795 1572 839 Vulgo

183 850 461 918 μῗιχὲιῗῃοῖῗρὲ
474 840 680 917 Βῗέἅξὲρῖῧ
696 852 717 874 ⁸
733 841 1380 919 {¹133351233132‘ss‘212‘zzzzi‘2¹:3¹3ss
1397 851 1431 917 ἶ·
1442 839 1571 917 Smii'·

183 896 564 972 {riigsenpad‘Dionyffi
582 909 667 962 H'al.
684 910 780 963 llist.
798 941 832 973 p.
852 931 940 972 108„
959 931 1018 972 qui
1035 934 1156 963 tamen
1179 910 1358 963 variarum
1375 895 1572 962 ffictighuni

184 975 278 1016 apud
295 974 486 1007 Platonem
502 975 678 1007 rationem
695 985 767 1007 non
783 975 1042 1008 subduxerunt.

271 1051 445 1086 θᾶττον
473 1051 604 1095 συνιῇ
635 1050 719 1096 τις]
756 1052 814 1085 Sic
829 1052 913 1087 Vat.
929 1062 993 1095 pro
1016 1052 1114 1095 vulg.
1138 1051 1258 1095 συνίῃ.
1288 1051 1390 1084 Bodl.
1419 1055 1571 1084 accentu

184 1099 296 1132 caret.
312 1108 346 1132 v.
364 1097 546 1130 Buttman.
565 1097 626 1130 Gr.
644 1097 759 1139 Ampl.
775 1097 816 1129 Τ.
834 1097 863 1132 Ι.
880 1107 915 1139 p.
931 1098 1007 1130 543.
1025 1098 1175 1139 Kriiger.
1193 1096 1254 1129 Gr.
1271 1098 1326 1131 38.
1344 1098 1374 1138 1,
1392 1098 1423 1130 5.

270 1176 315 1208 D.
341 1168 457 1214 ὅπως
474 1170 527 1214 ὡς
575 1173 676 1219 ε’λτ.]

183 1219 283 1255 Bodl.
300 1220 406 1254 vind.
423 1221 505 1255 Vat.

227 1332 265 1365 O.
291 1331 435 1366 ταῦτα
467 1325 506 1364 δ’
540 1324 624 1374 ἆρα
655 1325 707 1364 οὐ
730 1328 839 1374 διδ.]

180 1377 332 1410 Prorsus
363 1376 486 1410 eodem
517 1376 620 1409 modo
656 1379 738 1419 post
768 1369 793 1408 ἅ
817 1386 842 1408 α

182 1422 337 1454 infertur
359 1415 399 1454 δ’
424 1415 496 1473 ἄρα
514 1419 650 1453 Criton.
684 1431 718 1463 p.
734 1422 778 1453 50
811 1420 841 1451 ἐ

179 1458 205 1509 ἢ
226 1461 318 1509 πρὸς
341 1462 410 1509 μὲν
431 1476 506 1507 αρα
529 1474 587 1499 σοι
611 1459 679 1498 τὸν
699 1461 841 1507 πατέρα

180 1504 249 1544 οὐκ
281 1505 320 1552 ἐξ
351 1509 434 1544 ἴσου
466 1500 514 1552 ἦν
540 1504 580 1542 τὸ
611 1508 764 1542 δίκαιον
780 1516 839 1532 -·

179 1550 271 1598 πρὸς
303 1551 345 1588 δὲ
377 1549 446 1597 τὴν
476 1552 641 1596 πατρίδα
672 1547 746 1596 ἄρα
777 1550 843 1586 καὶ

179 1594 267 1638 τούς
283 1594 420 1643 νόμους
437 1593 580 1638 ἐξέσται
602 1607 679 1640 σοι;
702 1598 757 1630 De
775 1598 842 1630 Re-

179 1644 277 1687 publ.
294 1645 338 1678 X.
355 1655 389 1687 p.
407 1644 471 1694 (200
487 1643 535 1675 D:
570 1636 665 1676 ἄλλα
691 1642 843 1694 Πρωτα-

179 1684 292 1732 γόρας
314 1684 383 1731 μὲν
404 1698 506 1739 apog.
533 1712 540 1720 .
564 1684 629 1720 καὶ
655 1686 843 1738 Προδικος

183 1759 190 1766 .
212 1758 219 1766 .
238 1732 453 1775 φιλοῢνται,
480 1731 632 1775 Ομηρον
655 1726 694 1764 δ’
710 1742 784 1774 αρα
805 1757 811 1764 .
832 1736 853 1765 .“

179 1774 376 1821 ῥαψῳδεῖν
392 1769 440 1810 ἄν
459 1802 466 1810 .
488 1801 495 1809 .
515 1775 621 1817 εἴωνς
638 1776 843 1818 Usurpatur

179 1823 270 1855 haec
287 1822 383 1854 ratio
401 1832 480 1854 cum
496 1822 532 1853 vi
547 1820 701 1862 quadam
718 1823 842 1863 etgra-

177 1868 292 1900 vitate
309 1867 346 1899 in
363 1865 596 1899 conclusione
615 1866 780 1898 aminore
797 1865 843 1898 ad

179 1912 307 1952 maius,
340 1921 446 1952 quam
478 1910 667 1942 dialectici
693 1912 841 1951 vocant,

180 1965 287 1997 quum
304 1955 350 1989 id.
369 1954 461 1997 quod
475 1954 633 1987 secundo
649 1954 729 1987 loco
747 1964 840 1987 com-

180 2003 398 2033 memoratur
413 2024 422 2041 ‚
460 2002 605 2041 propter
643 2000 695 2032 rei
732 2004 841 2032 antea

178 2047 398 2077 memoratae
436 2043 678 2075 conditionem
716 2043 841 2076 absur-

179 2090 260 2121 dum
270 2089 472 2130 etineptum
480 2087 595 2120 videri
604 2087 839 2130 significatur.

179 2133 321 2166 Similia
362 2132 567 2165 notavimus
610 2133 654 2164 ad
690 2132 841 2174 Apolog.

180 2178 278 2212 Socr.
315 2188 349 2220 p.
372 2178 415 2210 34
439 2175 478 2208 C.
532 2177 587 2209 De
615 2177 769 2218 repetito
799 2173 841 2208 δέ

177 2232 212 2257 v.
230 2223 478 2255 Buttmann.
497 2220 543 2253 ad
558 2221 745 2257 Demosth.
777 2221 843 2252 Mi-

178 2266 274 2299 dian.
293 2277 327 2309 p.
347 2268 419 2299 155.
438 2266 554 2299 Stallb.

223 2305 841 2353 Οἴεσθαίγεχρή]δαοροΡΙειὶο

178 2356 247 2388 hac
264 2355 509 2388 formulausus
526 2359 593 2395 est,
610 2354 837 2387 utPhaedon.

178 2411 212 2444 p.
230 2401 272 2432 68
290 2400 329 2431 B.
348 2400 484 2431 Criton.
503 2409 537 2441 p.
554 2401 597 2432 53
615 2400 653 2431 O.
671 2400 714 2432 54
729 2398 770 2430 B.

223 2444 313 2487 Cap.
335 2443 411 2477 XV.
457 2443 522 2475 Est
551 2444 619 2476 hoe
637 2446 747 2485 caput
777 2442 839 2474 ad·

178 2489 318 2522 modum
340 2488 519 2526 notabile,
549 2489 680 2531 quippe
704 2498 747 2520 ex
770 2496 839 2528 quo

179 2543 369 2576 puerorum
391 2532 559 2564 educatio
588 2537 624 2565 et
645 2532 837 2570 institutio,

179 2589 271 2620 quae
288 2576 381 2620 apud
389 2576 629 2609 Athenienses
645 2576 839 2609 illaaetate

178 2623 345 2664 vigebat,
368 2621 502 2664 optime
526 2621 696 2663 cognosci
713 2620 839 2664 possit.

179 2667 284 2700 Cous.
307 2666 476 2699 Oreuzer.
498 2665 600 2698 Orat.
622 2666 666 2697 dc
688 2665 839 2698 civitate

179 2712 352 2745 Athenar.
361 2721 395 2754 p.
404 2712 445 2742 21
456 2712 552 2743 etb'l.
570 2710 610 2741 L.
622 2710 757 2747 Wiese,
770 2708 839 2741 viri

180 2755 434 2790 illustrissimi.
473 2757 703 2788 commentat.
746 2762 838 2795 qnae

181 2802 356 2842 inscripta
373 2803 446 2832 est:
466 2799 507 2831 In
523 2800 660 2841 optima
677 2798 840 2831 Platonis

182 2846 332 2880 civitate
354 2844 475 2886 qualis
502 2844 551 2878 sit
578 2851 767 2887 puerorum
788 2842 840 2876 in-

695 1175 845 1207 Recent.
863 1174 1042 1208 editiones
1058 1173 1140 1207 inde
1150 1175 1195 1207 ab
1203 1174 1475 1207 Hermanniana
1494 1185 1571 1207 cum

561 1245 569 1254 .
586 1229 613 1255 r.
630 1215 680 1259 ὣς
697 1221 879 1254 omittunt.
896 1219 1006 1253 Male.

909 1331 1050 1364 stitutio
1075 1329 1303 1372 (Premislav.
1327 1331 1423 1364 1834.
1441 1330 1477 1371 4)
1498 1341 1533 1374 p.
1551 1331 1572 1363 8

909 1385 989 1418 sqq.
1026 1375 1170 1408 Becker
1197 1374 1355 1409 Charicl.
1377 1376 1408 1416 1,
1431 1376 1572 1409 19—66.

910 1420 1058 1452 Cramer
1088 1420 1225 1454 Histor.
1257 1419 1412 1454 Educat.
1446 1422 1483 1452 et
1514 1420 1571 1452 In-

910 1465 1027 1498 stitut.
1043 1464 1071 1498 1.
1087 1474 1122 1506 p.
1141 1466 1206 1497 280
1222 1474 1301 1505 sqq.

950 1503 1018 1542 Ἐκ
1063 1507 1242 1541 παίδων
1284 1507 1484 1551 σμικρῶν
1513 1505 1569 1550 -1

908 1554 1128 1595 Protagoras
1154 1553 1232 1594 ipse
1263 1552 1383 1585 dicere
1410 1553 1570 1586 solebat:

911 1592 1057 1640 φύσεως
1073 1591 1334 1639 καὶιίσκήσεως
1342 1595 1571 1630 διδασκαλία

911 1641 1048 1683 δεῖται,
1064 1638 1130 1674 καὶ
1153 1635 1227 1674 ἄπό
1251 1636 1424 1684 νεότητος
1446 1635 1571 1684 δὲ’ἆρ-

912 1683 1095 1730 ξαμένους
1110 1684 1175 1719 δεῖ
1180 1680 1407 1727 μανθάνειν.
1426 1685 1573 1718 Cramer

910 1731 1045 1764 Anecd.
1064 1731 1145 1765 Par.
1164 1731 1191 1763 Ι.
1209 1741 1242 1773 p.
1262 1732 1335 1763 171.

953 1772 1084 1818 μέχρι
1108 1766 1249 1817 οὗπερ
1277 1766 1331 1808 ἂν
1359 1771 1472 1817 ζῶσι]
1504 1774 1570 1806 int.

910 1814 1107 1873 οῖ’ἀγαθοὶ
1123 1812 1271 1868 ᾄνδρες.
1289 1819 1349 1870 De
1362 1829 1435 1862 rep.
1453 1819 1571 1869 471l3:

910 1872 1572 1951 ‘32⁵a29502322v42‘29zvpffgffgssffioeoleffll

908 1948 1211 1996 ἀναγκασθῶσι..
1232 1951 1367 1986 δοῦναι
1375 1950 1499 1995 δίκην.
1517 1953 1571 1984 De

909 2009 946 2031 re
963 2008 983 2030 ο
1012 1998 1096 2029 time
1106 1997 1211 2030 Plato
1220 1998 1297 2039 ipse
1307 1996 1351 2029 de
1361 1997 1401 2028 L.
1411 2007 1444 2039 p.
1452 1998 1517 2029 729
1525 1995 1570 2028 C:

908 2054 977 2075 παι
1008 2039 1292 2082 είανέωνδιαφέ
1317 2034 1571 2074 ουσάέστινοῦ

909 2082 950 2120 τὸ
968 2086 1181 2127 νουθετεῖν,
1200 2080 1281 2118 ἀλλ’
1319 2095 1386 2127 περ
1397 2078 1444 2118 ἄν
1457 2078 1572 2118 ἄλλον

910 2130 1105 2165 νουθετῶν
1133 2129 1232 2164 εἴποι
1259 2141 1327 2171 τις,
1360 2129 1569 2171 φαίνεσθαι

910 2174 1030 2252 nepta
1047 2169 1327 2252 αὸὖτόνόῖρῶντα
1345 2169 1413 2262 διοέιΙ
1428 2173 1531 2251 βΙίουοι

978 2229 1052 2252 πει
1092 2230 1148 2253 αν
1201 2229 1338 2251 αττον
1354 2236 1397 2241 -
1465 2228 1569 2250 m1a-

909 2268 967 2296 tus
992 2267 1048 2296 est
1074 2263 1169 2296 hunc
1196 2263 1314 2295 locum
1346 2263 1571 2305 conscriptor

909 2308 993 2341 libri
1015 2309 1070 2340 De
1092 2318 1166 2351 rep.
1183 2308 1449 2342 Lacedaemon.
1466 2307 1515 2340 11.
1532 2309 1568 2339 1:

907 2347 1065 2386 ἐπειδᾶν
1080 2347 1236 2396 τάχιστα
1253 2348 1293 2385 οἱ
1306 2345 1495 2390 παῖδεςτὰ
1513 2351 1569 2383 λε-

907 2392 1048 2449 γόμενα
1072 2395 1263 2438 ξυνιῶσιν,
1282 2390 1407 2447 ιεὐθὺς
1419 2391 1492 2447 μὲν
1507 2388 1568 2427 ἐπ’

906 2444 1037 2479 αυτοῖς
1050 2440 1316 2483 παιδαγωγους
1331 2440 1569 2482 &emenone

907 2481 924 2519 ἔ
959 2485 1123 2528 ιστᾶσιν,
1155 2480 1274 2524 εὐθὺς
1295 2481 1338 2518 δὲ
1359 2481 1570 2527 πέμπουσιν

909 2497 961 2568 εἷς
1000 2525 1239 2563 διδασκάλων
1278 2526 1569 2572 μαθησομένους

906 2573 971 2607 καὶ
995 2570 1193 2618 γράμματα
1214 2571 1279 2607 καὶ
1301 2567 1486 2615 μουσικὴν
1502 2570 1566 2605 καὶ

906 2614 951 2651 τὰ
969 2613 1010 2652 ἐν
1024 2618 1247 2662 παλαίστρᾳ.

951 2664 994 2695 D.
1026 2657 1145 2702 ὅπως
1166 2657 1221 2702 ὥς
1242 2659 1484 2705 βέλτιστος
1506 2658 1565 2704 -J

907 2708 1006 2750 Opus
1023 2711 1080 2740 est
1094 2702 1161 2750 ὡς,
1190 2705 1282 2750 quod
1310 2707 1346 2738 in
1369 2706 1454 2738 filiis
1482 2705 1565 2739 edu-

908 2753 1032 2797 candis
1049 2762 1153 2785 nemo
1168 2761 1278 2784 sanus
1295 2761 1337 2783 eo
1353 2753 1511 2793 spectat,
1527 2752 1568 2781 ut

906 2806 1028 2829 omnes
1036 2796 1128 2830 alios
1134 2797 1266 2830 virtute
1275 2798 1456 2838 superent,
1473 2803 1567 2836 quae

906 2851 964 2875 res
996 2841 1093 2885 apud
1122 2843 1282 2883 veteres,
1320 2842 1360 2873 ut
1388 2838 1567 2874 Aristides
