1696 2976
1081 6 1088 25 .
1115 6 1134 18 2

487 119 900 156 PROTAGORAS.
931 121 973 158 P.
994 122 1074 158 319.
1104 120 1187 156 s'r.
1486 116 1541 159 63

87 269 92 272 -
130 233 268 282 αὐτὸν
291 233 605 294 ἀφελκύσωσιν
627 232 655 294 ἢ
680 237 937 295 ἐξαίρωνται
962 233 1238 282 κελευόντων
1260 236 1350 281 τῶν
1373 233 1542 294 πρυτά-

129 322 255 349 νεων.
291 306 392 364 περὶ
415 304 499 363 μὲν
522 296 605 351 οὖν
627 296 691 350 ων
714 311 882 350 οἴονται
906 307 955 350 ἐν
977 305 1108 364 τέχνῃ
1135 303 1270 361 εἶναι,
1303 300 1418 349 οὕτω
1443 306 1542 348 δια-

129 370 412 431 πράττονται·
463 370 643 419 ἐπειδᾶν
675 374 726 418 δέ
755 392 796 418 τι
827 374 928 432 περὶ
959 375 1034 430 τῆς
1075 371 1242 426 πόλεως
1284 369 1540 430 διοικήσεως
1563 389 1595 420 D

129 442 208 499 δέῃ
233 439 583 498 βουλεύσασθαι,
608 439 906 499 συμβουλεύει
940 439 1088 493 αὐτοῖς
1121 438 1408 499 ἀνιστάμενος
1439 440 1540 497 περὶ

127 507 297 555 τούτων
320 507 481 568 ὁμοίως
503 509 586 568 μὲν
607 510 794 566 τέκτων,
827 507 986 568 ὁμοίως
1012 509 1061 554 δὲ
1085 506 1294 568 χαλκεύς,
1337 505 1540 554 σκυτοτό-

126 595 228 634 μος,
253 581 442 637 ἔμπορος
465 576 733 636 ναύκληρος,
766 575 975 631 πλούσιος
1000 579 1156 635 πένης,
1181 588 1384 635 γενναῖος
1409 574 1540 634 ἆγεν-

127 643 221 702 νής,
247 647 320 691 καὶ
344 644 514 699 τούτοις
537 645 684 699 οὐδεὶς
708 647 836 691 τοῦτο
869 644 1118 703 ἐπιπλήττει
1143 643 1291 704 ὥσπερ
1315 655 1406 698 τοῖς
1430 642 1540 704 πρό-

124 731 268 771 τερον,
301 711 367 759 ὅτι
391 712 646 772 οὐδαμόθεν
669 711 853 772 μαθών,
886 712 991 759 οὐδὲ
1014 711 1139 767 ὄντος
1165 711 1437 759 διδασκάλου
1461 710 1539 758 οὐ-

128 779 255 835 δενὸς
287 778 428 843 αὐτῷ,
467 786 615 828 ἔπειτα
647 780 974 840 συμβουλεύειν
1005 784 1235 840 ἐπιχειρεῖ·
1271 784 1407 840 δῆλον
1439 779 1537 838 γὰρ,

126 845 193 894 ὅτι
217 847 298 909 οὐχ
321 848 532 908 ἡγοῦνται
565 850 774 896 διδακτὸν
798 850 924 896 εἶναι.
958 849 1018 908 μὴ
1042 854 1197 895 τοίνυν
1220 846 1286 895 ὅτι
1316 848 1362 895 τὸ
1389 847 1539 894 κοινὸν

214 973 239 1026 ἦ
264 976 562 1036 ἔξαίρωνται]
597 983 701 1018 Bodl
726 977 940 1025 εξέρωνται.
986 983 1090 1016 Unde
1114 982 1307 1015 Bekkerus
1330 982 1432 1015 finxit
1455 977 1540 1023 ἐξά·

123 1033 278 1070 ρωνται,
297 1029 416 1071 quod
407 1039 446 1061 1n
462 1029 563 1061 nullo
582 1028 707 1061 codiee
733 1031 928 1070 lepertum.
953 1028 1050 1060 Dein
1065 1028 1170 1061 Bodl.
1187 1028 1271 1062 Vat
1289 1039 1353 1070 pro
1369 1025 1455 1070 περὶ
1472 1026 1539 1070 τῆς

123 1072 358 1123 habentneoi
376 1073 451 1107 τῶν
460 1086 540 1117 της,
550 1074 657 1115 quod
668 1074 849 1116 Sauppius
859 1074 1011 1116 recepit.
1030 1073 1254 1109 Sedillorum
1269 1073 1434 1106 codicum
1451 1072 1539 1104 fides

123 1118 161 1150 in
170 1116 317 1151 talibus
334 1119 619 1170 haudquaquam
642 1122 749 1151 tanta
762 1122 836 1159 est,
867 1122 1006 1170 quanta
1023 1110 1187 1161 Sauppio
1209 1118 1363 1152 videtur.
1396 1118 1539 1150 vitiose

122 1174 156 1206 p.
176 1166 241 1196 312
258 1165 290 1196 D
317 1163 384 1197 τοῦ
402 1160 443 1197 τὸ
461 1175 526 1207 pio
549 1162 630 1206 τοῦ,
655 1175 689 1207 p.
708 1165 774 1197 315
791 1165 819 1195 B
846 1164 913 1197 τοῦ
938 1158 1005 1197 τὸν
1026 1175 1091 1206 pro
1117 1163 1252 1197 τοῦτον
1269 1158 1347 1206 τὸν,
1372 1174 1406 1216 p.
1426 1165 1491 1196 317
1509 1162 1536 1194 C

124 1203 196 1242 εἴτ’
213 1220 278 1251 pro
298 1209 335 1242 εἴ
348 1222 382 1242 τι
401 1213 438 1242 et
455 1209 530 1242 alia
546 1209 661 1242 multa
678 1210 829 1244 habent.
868 1210 917 1241 Et
933 1209 967 1241 h.
994 1209 1017 1241 l.
1042 1207 1128 1252 περὶ
1151 1208 1227 1242 τῶν
1250 1208 1316 1253 τῆς
1339 1205 1483 1247 πόλεως
1507 1208 1539 1240 si

121 1264 247 1286 verum
266 1257 376 1295 esset,
394 1254 587 1287 delendum
605 1258 703 1288 esset
721 1249 956 1307 διοικήσεως.

210 1300 255 1334 D.
283 1302 503 1343 γενναῖος
527 1294 742 1344 ἀγεννής]
763 1301 846 1334 Vat
867 1311 885 1332 e
910 1294 1061 1343 αγενής.
1110 1299 1220 1332 Male.
1245 1301 1337 1333 Nam
1361 1294 1536 1342 ἀγεννής,

120 1345 330 1386 ubicunque
349 1345 397 1391 τῷ
416 1345 579 1389 γενναίῳ
592 1346 799 1388 opponitur,
816 1345 988 1378 meliores
1004 1345 1148 1377 codic-es
1163 1346 1356 1387 praebent,
1372 1355 1407 1378 v.
1421 1346 1537 1398 Legg.

121 1390 243 1442 111.p.
262 1391 328 1441 690
344 1380 385 1425 A.
412 1392 474 1425 IV
494 1402 529 1434 p.
549 1391 614 1423 714
630 1392 672 1424 E
700 1391 742 1425 V
767 1402 800 1433 p.
822 1392 886 1423 755
903 1391 945 1422 Β.
972 1390 1139 1433 Sophoel.
1164 1390 1297 1425 Traeh.
1318 1401 1352 1424 v.
1371 1391 1434 1422 61:
1464 1386 1538 1430 κάξ

121 1429 297 1479 αγεννή
305 1447 391 1469 των
408 1447 482 1479 αρα
500 1435 622 1479 μῦθοι
639 1435 764 1475 καλῶς
781 1435 997 1469 πίπτουσιν.
1040 1435 1176 1468 Contra
1193 1430 1333 1479 οἷγενής
1350 1436 1535 1470 scribitur

120 1481 184 1513 ubi
207 1481 440 1534 simpliciter
453 1481 497 1514 de
522 1482 575 1514 ori
603 1482 663 1514 ine
693 1484 731 1514 et
753 1492 886 1524 genere
913 1480 1160 1523 cogitandum.
1193 1482 1285 1516 Tim.
1308 1492 1343 1524 p.
1361 1483 1403 1514 27
1423 1480 1468 1513 C:
1504 1477 1540 1513 εἰ

58 1549 63 1554 -
120 1523 276 1570 γέγονεν
292 1518 317 1569 ἢ
332 1524 399 1559 καὶ
416 1521 549 1571 αγενές
587 1536 682 1569 στιν,
699 1530 842 1559 utrum
858 1527 943 1559 hab
956 1528 1030 1559 eat
1046 1526 1269 1569 originem
1286 1535 1310 1558 n
1323 1537 1443 1561 eene.

162 1637 266 1682 περὶ
295 1651 378 1683 μεν
402 1630 485 1673 οὖν
501 1631 562 1674 ὧν
585 1637 713 1683 οἰόν.]
735 1639 794 1672 ‘de

118 1685 164 1717 iis
198 1686 328 1727 igitur,
358 1695 453 1727 quae
482 1686 520 1717 in
551 1688 629 1718 arte
651 1685 794 1719 versari

120 1730 365 1768 arbitlantur‚
391 1731 445 1762 ita
463 1733 604 1773 agdut’.
624 1725 665 1764 ἕν
682 1728 794 1774 τέχνῃ

119 1771 232 1828 εἶναι,
258 1775 355 1817 quod
377 1775 590 1817 plerumque
608 1775 795 1818 significat

119 1817 231 1863 τέχνῃ
247 1819 435 1863 χρῆσθαι,
467 1824 510 1852 ut
526 1831 592 1863 sup
596 1831 637 1853 ra
669 1831 704 1863 p.
728 1822 792 1854 317

119 1865 146 1897 C
177 1869 214 1898 et
251 1866 349 1898 Men.
377 1876 412 1907 p.
436 1867 478 1898 91
504 1866 553 1907 Ε,
583 1866 617 1898 h.
645 1865 669 1898 l.
697 1865 793 1898 idem

118 1913 174 1943 est
192 1921 235 1943 ac
252 1908 393 1966 τέχνης
403 1891 576 1965 ἔχεσθαι.

205 1957 250 1988 D.
282 1955 454 2010 ομοίως
492 1953 575 2008 μὲν
603 1952 788 2008 τέκτων,

117 1996 288 2053 ὁμοίως
306 1997 355 2034 δὲ
373 1996 573 2044 χαλκευς
591 2019 635 2024 —
658 1995 790 2044 ἆγεν-

116 2058 167 2089 νη
161 2042 212 2090 ’ς]
232 2046 367 2079 Eodem
381 2046 485 2079 modo
498 2047 626 2083 Latini
636 2046 793 2088 loquun-

114 2095 185 2126 tur.
219 2091 338 2124 Cicer.
367 2092 475 2124 Tusc.
493 2092 541 2132 V,
566 2094 628 2124 39:
659 2092 789 2124 Demo-

116 2138 228 2169 critus
271 2137 470 2169 luminibus
516 2137 660 2170 amissis
701 2137 789 2170 alba

114 2182 322 2215 discernere
351 2185 388 2215 et
415 2186 497 2214 atra
525 2193 597 2215 non
624 2185 788 2224 poterat;

115 2230 155 2259 at
170 2238 258 2260 vero
274 2228 371 2260 bona
380 2227 490 2268 mala,
509 2237 628 2269 aequa
644 2228 787 2269 iniqua,

114 2273 269 2305 honesta
299 2273 439 2314 turpia,
479 2273 590 2305 utilia
625 2273 786 2314 inutilia,

113 2328 247 2360 magna
270 2327 386 2360 parva
408 2321 568 2360 poterat.
607 2317 788 2358 Quemad-

113 2363 255 2395 modum
273 2362 419 2401 Cicero,
443 2363 508 2395 ubi
530 2363 716 2395 contraria
733 2364 787 2395 sio

114 2408 365 2449 consociavit,
404 2410 445 2440 ut
483 2408 639 2440 alterum
677 2408 813 2440 alteri·

112 2453 349 2496 responderet
367 2455 404 2485 et
420 2464 464 2485 ex
480 2453 577 2485 binis
589 2463 657 2495 par
673 2452 785 2494 quod-

113 2498 196 2531 dam
213 2499 400 2539 existeret,
426 2497 595 2540 copulam
616 2498 655 2529 in
670 2498 785 2540 primo

112 2545 194 2586 pari
210 2544 344 2596 posuit,
360 2545 399 2575 in
417 2544 550 2575 ceteris
572 2543 710 2581 omisit,
733 2543 785 2576 ita

113 2589 182 2621 hoc
210 2589 290 2621 loco
314 2583 452 2631 ὁμοίως
480 2599 550 2630 μεν
575 2605 623 2611 —-
648 2582 785 2631 ὁμοίως

114 2630 156 2666 δὲ
174 2634 222 2666 ad
238 2637 362 2666 cetera
378 2634 484 2676 paria
501 2634 674 2675 pertinet,
690 2633 785 2666 unde

113 2682 268 2721 apparet
284 2679 439 2712 alterum
457 2678 787 2721 parmutilumesse

114 2726 150 2755 et
173 2725 323 2774 requiri,
348 2724 445 2766 quod
461 2723 681 2765 respondeat
697 2733 786 2756 σκυ-

114 2763 268 2811 τοτόμῳ.
307 2770 351 2802 In
375 2769 485 2812 Gorg.
507 2780 541 2819 p.
561 2770 626 2801 517
643 2769 673 2801 E
704 2779 784 2801 eum

113 2824 155 2845 eo
174 2815 408 2857 coniungitur
423 2809 680 2856 σκυτόὸεψοςς
698 2825 786 2847 eun-

112 2858 193 2891 dem
208 2858 269 2892 hic
284 2860 526 2902 probaverim.

908 1632 981 1673 ὅτι
1005 1633 1283 1682 οὐδαμόθεν
1306 1634 1470 1683 μαθών
1492 1657 1537 1662 -

864 1679 1107 1728 ἐπιχειρεῖ]
1129 1685 1323 1717 Transitus
1347 1695 1370 1717 a
1385 1695 1534 1718 numero

862 1730 999 1773 plurali
1028 1730 1074 1762 ad
1099 1730 1324 1772 singularem
1346 1731 1533 1772 frequens,

862 1775 981 1808 veluti
1001 1775 1099 1807 infra
1116 1786 1149 1817 p.
1168 1776 1233 1807 334
1258 1774 1298 1810 C
1346 1775 1533 1808 Phaedon.

862 1832 896 1863 p.
915 1822 958 1852 62
981 1821 1026 1852 D.
1058 1820 1106 1853 al.
1140 1820 1195 1852 De
1222 1822 1407 1853 sententia
1437 1820 1534 1852 conf.

861 1866 1035 1898 Aeschin.
1059 1876 1110 1899 or
1135 1865 1164 1896 Ι.
1183 1867 1244 1897 27:
1277 1860 1296 1898 ὃ
1320 1862 1534 1918 νομοθέτης

860 1905 930 1943 οὖν.
947 1905 1155 1943 ἀπελαύνει
1178 1904 1255 1943 ἄπο
1280 1910 1346 1944 τοῦ
1347 1907 1533 1967 βηζματος

861 1955 900 1988 εἰ
927 1967 983 1994 τις
1021 1950 1072 1998 μὴ
1106 1950 1314 2008 προγόνων
1341 1950 1419 1989 ἔστι
1459 1967 1535 2034 um}

1408 2011 1459 2054 γε
1499 2011 1515 2034 ε

859 1996 1191 2056 ἐστρατηγηκότων
1204 2027 1214 2043 ,
1269 1995 1360 2034 οὐδὲ

1435 2041 1531 2079 αλλὰ

859 2043 996 2098 τέχνην
1025 2057 1111 2080 τινα
1141 2041 1346 2100 ἐργαζεται
1368 2072 1375 2079 .
1397 2072 1404 2079 .

858 2087 1017 2130 τούτους
1047 2089 1114 2124 καὶ
1136 2093 1301 2144 μαλιστα
1324 2087 1531 2132 ἁσπαζεται

857 2134 923 2169 καὶ
941 2131 1007 2169 διὰ
1025 2136 1136 2170 τοῦτο
1152 2132 1335 2176 πολλακις
1348 2132 1530 2180 ἐπερωτᾷ,

858 2182 914 2220 τίς
931 2176 1131 2226 αγορεύειν
1154 2178 1343 2225 βούλεται.
1378 2183 1485 2214 Hoc
1476 2192 1531 2214 1n—

856 2228 1027 2259 stitutum
1065 2239 1086 2260 a
1120 2227 1272 2260 Socrate
1306 2231 1342 2260 et
1372 2227 1530 2260 Platone

857 2273 1005 2315 saepius
1044 2273 1306 2314 reprehensum
1337 2283 1527 2315 argumen—

855 2319 903 2350 tis
913 2328 1041 2360 parum
1055 2318 1195 2350 idoneis
1204 2317 1370 2350 defendit
1377 2318 1529 2350 Aristot.

854 2363 1097 2397 Polit.111.6.
1124 2363 1242 2414 Quae
1267 2364 1363 2395 enim
1379 2363 1474 2395 ratio
1491 2364 1529 2394 in

854 2409 930 2442 his:
966 2405 1071 2441 ἔσται
1088 2403 1158 2464 γὰρ
1177 2404 1333 2446 ἕκαστος
1357 2419 1427 2459 μεν
1446 2407 1527 2448 (τοῦ

852 2448 1068 2505 πλήθους)
1067 2453 1225 2503 χείρων
1273 2448 1408 2507 κριτὴς
1456 2452 1529 2485 τῶν

856 2473 1024 2550 εἰδότων,
1050 2490 1216 2550 ἅπαντες
1246 2495 1289 2531 δε
1318 2493 1527 2531 συνελθόν-

854 2554 914 2582 τες
932 2536 956 2586 ἢ
972 2536 1184 2586 βελτίους
1160 2555 1183 2586 η
1201 2537 1246 2577 οὗ
1268 2543 1428 2587 χειᾛρους

899 2629 956 2676 μὴ
976 2632 1136 2667 τοινυν
1152 2645 1223 2666 οτι
1242 2630 1289 2666 τὸ
1308 2631 1360 2677 κ.]
1387 2632 1525 2674 Atqui

854 2689 905 2710 ne
922 2678 1061 2711 solam
1078 2679 1524 2721 rempublicameom-

856 2734 1087 2756 memorem
1124 2725 1190 2756 ita
1229 2724 1429 2764 sentire,
1471 2734 1522 2756 ne

855 2769 1071 2811 privatim
1144 2768 1322 2810 quidem
1393 2770 1521 2802 cives

854 2814 1001 2845 nostri
1033 2813 1369 2856 sapientissimi
1399 2817 1440 2847 et
1478 2825 1522 2846 ο·

854 2859 1086 2901 ptimieam
1105 2859 1521 2901 quamhabentvir-
