1702 2924
272 186 289 222 l
299 186 348 223 12
806 186 1065 227 PLATONIS

268 288 356 332 δέοι
389 291 502 346 λόγῳ
539 291 860 345 διαγωνίζεσθαι
898 293 946 336 ἐν
981 294 1177 349 ἐκκλησίᾳ
1212 290 1242 348 ἦ
1280 292 1327 337 ἐν
1361 297 1474 350 ἄλλῳ
1513 296 1596 339 τινὶ

267 356 481 412 συλλόγῳ,
519 355 725 408 ὁπότερον
751 357 815 399 δεῖ
840 358 1061 413 αἱρεθῆναι
1106 360 1275 412 ἰατρόν,
1323 360 1515 415 οὐδαμοῦ
1542 361 1596 403 ἂν

200 418 236 462 C
267 426 455 474 φανῆναι
482 420 558 461 τὸν
585 419 757 472 ἰατρόν,
795 422 883 463 ἀλλ’
923 423 1147 478 αἱρεθῆναι
1181 423 1236 465 ἂν
1262 425 1338 466 τὸν
1365 425 1495 468 εἰπεῖν
1523 425 1595 468 δυ-

266 485 411 534 νατόν,
440 484 476 525 εἰ
503 484 721 537 βούλοιτο·
761 485 832 527 καὶ
870 486 906 527 εἰ
944 489 1050 540 πρὸς
1086 491 1216 530 ἄλλον
1251 502 1299 541 γε
1335 488 1597 544 δημιουργὸν

267 548 497 590 ὁντιναοῦν
524 549 793 602 ἀγωνίζοιτο,
831 550 1011 592 πείσειεν
1039 551 1093 593 ἂν
1121 551 1252 594 αὐτὸν
1279 550 1448 595 ἑλέσθαι
1475 554 1500 596 ό
1526 554 1597 608 ὁη-

265 612 432 666 τορικὸς
458 615 620 667 μᾶλλον
648 612 676 666 ἦ
693 617 818 663 ἄλλος
838 615 1052 664 ὁςτιςοῢν·
1079 618 1132 658 οὐ
1159 617 1240 670 γὰρ
1267 615 1353 658 ἔστι
1371 617 1466 671 περὶ
1492 617 1596 661 ὅτου

266 678 346 719 οὐκ
374 677 429 719 ἂν
454 681 750 732 πιθανώτερον
778 679 888 721 εἴποι
915 679 940 721 ὁ
959 679 1180 735 ῥητορικὸς
1206 677 1236 734 ἢ
1254 683 1379 731 ἄλλος
1404 682 1598 732 ὁςτιςοῦν

264 744 349 783 τῶν
386 742 656 796 δημιουργῶν
693 742 739 784 ἐν
774 745 940 798 πλήθει.
999 740 1057 788 Ἡ
1086 743 1164 799 μὲν
1201 741 1281 787 οὖν
1317 746 1495 800 δύναμις
1530 763 1597 790 το-

264 807 396 860 σαύτη
424 805 510 848 ἐστὶ
546 807 616 848 καὶ
642 808 814 861 τοιαύτη
842 814 916 861 τῆς
949 807 1109 862 τέχνης.
1145 809 1211 850 δεῖ
1234 809 1401 860 μέντοι,
1441 804 1476 852 ὦ
1504 811 1596 853 Σώ-

263 884 423 923 κρατες,
451 877 503 925 τῇ
532 870 732 925 ῥητορικῇ
758 876 941 926 χρῆσθαι
969 869 1104 926 ὥςπερ
1137 880 1188 928 τῇ
1216 877 1320 929 ἄλλῃ
1347 875 1459 929 πάσῃ
1487 875 1595 928 ἄγω-

263 1035 734 1079 dorf.F10r.d.5nov,qu0
756 1041 893 1080 recepta
914 1037 1066 1070 firmatur
1087 1038 1198 1072 lectio.
1239 1038 1351 1072 Ceteri
1374 1038 1455 1072 libri
1477 1050 1596 1073 omnes

264 1080 340 1123 ὅπῃ,
365 1081 456 1123 quod
478 1081 568 1114 male
591 1081 741 1114 defendit
762 1082 880 1115 Aetius
902 1082 1143 1125 interpretans·
1169 1083 1207 1116 in
1229 1084 1301 1116 eine
1328 1081 1442 1126 stadt,
1463 1085 1525 1117 wie
1547 1085 1596 1117 du

261 1092 387 1167 millet,q
390 1125 423 1160 d.
447 1125 480 1158 h.
494 1125 541 1179 ”in
555 1125 635 1168 jede
657 1126 714 1159 dir
736 1126 870 1169 beliebiy
871 1137 887 1160 e
913 1124 1024 1169 Stude,
1047 1128 1086 1160 in
1108 1129 1180 1161 eine
1202 1126 1304 1161 Stude
1325 1128 1414 1161 nach
1429 1128 1596 1162 Belicben.

261 1170 341 1203 Alio
365 1170 464 1203 modo
489 1169 554 1212 ὅπῃ
555 1138 693 1203 ’,ιιιοιιιι
714 1171 968 1214 Bernhardy
992 1172 1089 1215 Synt.
1105 1173 1223 1206 Graec.
1238 1183 1271 1216 p.
1285 1172 1373 1214 350.,
1397 1183 1462 1206 nec
1481 1178 1594 1207 tamen

260 1214 319 1256 ita,
342 1219 381 1247 ιιι
402 1214 503 1248 nobis
525 1216 740 1258 persuaserit.

328 1303 571 1347 αἱρεθῆναι
610 1302 784 1359 ἰατρόν]
838 1305 952 1348 Vulgo
1004 1305 1191 1349 αἱρεθῆναι
1231 1303 1360 1349 ρήτορα
1398 1304 1419 1349 ἦ
1461 1305 1593 1348 ἰατρόν,

261 1345 338 1381 οὐδ.
380 1348 448 1382 Sed
471 1348 576 1382 verba
601 1346 728 1391 ῥήτορα
752 1346 772 1392 ἢ
794 1348 917 1381 desunt
939 1350 975 1382 in
999 1350 1113 1382 Clark.
1137 1349 1238 1385 vind.
1264 1350 1295 1383 1.
1314 1349 1347 1384 6.
1369 1352 1446 1384 Par.
1463 1352 1596 1385 EFW.

260 1393 352 1426 Flor.
367 1393 390 1425 f.
408 1404 435 1426 s.
451 1404 485 1426 x.
498 1394 663 1436 probante
678 1394 1004 1436 Schleiermachero,
1026 1395 1136 1436 Astio,
1147 1395 1356 1429 Hermanno.
1373 1406 1406 1429 v.
1420 1397 1596 1439 interpret.

327 1481 365 1514 C.
413 1479 660 1515 ὁντιναοῦν
682 1480 768 1525 α’γω
784 1481 831 1526 ν.]
855 1482 1001 1518 Bekker.
1025 1481 1199 1517 ὁντινοῦν.

963 1615 1086 1648 τέκτων
1115 1633 1158 1639 --
1195 1613 1336 1655 κάμνων
1374 1613 1469 1657 ἀξιοῖ
1501 1616 1593 1658 παρὰ

257 1618 356 1656 putat
379 1612 400 1658 ἢ
421 1620 537 1654 τεμεῖν
559 1616 614 1647 καὶ
640 1618 773 1647 καῦσαι.
805 1616 893 1648 Nam

962 1663 1022 1692 τοῦ
1044 1659 1166 1714 ἰατροῦ
1176 1659 1374 1714 φάρμακον
1407 1660 1497 1693 πιώι
1520 1660 1592 1702 ἐξε-

258 1663 334 1701 post
367 1659 570 1702 scalpellum
599 1659 807 1700 adhibitum,
842 1660 893 1692 in-

258 1705 343 1746 quit,
365 1704 491 1737 vulnus
513 1705 601 1738 ferro
621 1704 786 1737 candente
800 1709 893 1737 ustu-

258 1749 394 1782 labatur
416 1749 459 1782 ad
483 1750 660 1792 sanguinis
690 1749 893 1792 profluvium

259 1793 498 1826 cohibendum.
567 1795 613 1826 Et
650 1795 800 1836 profecto
844 1794 893 1826 ita

258 1838 458 1881 plerumque
495 1838 655 1881 scriptum
684 1839 818 1891 legitur.
847 1838 890 1871 cf.

259 1883 349 1915 infra
371 1894 404 1926 p.
427 1882 503 1917 480.
528 1883 572 1916 C·
609 1881 892 1925 παρέχειν-ως-

259 1938 324 2003 ἷερ
373 1927 603 2015 τέμιέεὲνΒκοΙιξ
640 1926 891 2015 ἶάεινὸἑιῗρῖ.

291 1983 347 2004 un.
604 1983 641 2005 ro
883 1995 892 2004 .

257 2016 445 2070 Xenoph.
482 2016 632 2050 Anabas.
663 2017 719 2058 V,
750 2015 790 2057 8,
827 2015 890 2050 18.

258 2058 402 2104 καὶγὰρ
435 2060 472 2093 οἰ
503 2061 614 2102 ἰατροὶ
647 2060 806 2101 τέμνουσι
835 2061 890 2093 καὶ

257 2107 416 2138 καίουσιν
447 2103 498 2138 ἐπ’
528 2104 666 2149 ἀγαθῷ.
694 2106 835 2138 Memor.
864 2106 891 2146 I,

257 2150 298 2189 2,
327 2148 382 2184 54.
419 2150 527 2183 Plura
556 2139 651 2182 dabi‘t
685 2149 889 2183 Gataker.

257 2194 299 2227 ad
335 2195 440 2227 Marc.
473 2195 637 2229 Antonin.
667 2194 709 2227 V.
745 2205 777 2237 p.
815 2192 889 2229 193.

257 2239 401 2272 Accedit
430 2239 520 2281 quod
544 2237 564 2282 ἧ
594 2243 629 2272 et
651 2242 711 2271 καί
734 2239 890 2281 frequen-

255 2284 386 2317 tissime
408 2284 445 2316 in
467 2283 566 2316 libris
589 2287 777 2326 permutata
800 2287 889 2316 sunt.

255 2339 287 2360 v.
303 2329 436 2371 interpp
414 2339 447 2371 p.
470 2328 514 2361 ad
532 2329 672 2372 Gregor.
688 2328 840 2362 Corinth.
856 2338 888 2370 p.

256 2371 332 2406 384.
365 2371 443 2407 410.
470 2371 549 2406 419.
572 2373 618 2406 al.
677 2372 743 2406 Sed
773 2382 889 2426 quam·

255 2418 307 2450 vis
340 2417 572 2460 exemplorum
603 2418 703 2460 copia
732 2427 792 2460 pro
822 2416 888 2449 viri

255 2461 442 2495 doctissimi
466 2463 636 2495 sententia
664 2471 817 2516 pugnare
838 2461 889 2493 vi-

255 2506 394 2547 deatur,
423 2511 549 2547 tamen,
578 2507 739 2549 quoniam
769 2505 805 2538 τὸ
837 2516 887 2538 τε-

255 2555 332 2590 μεῖν
362 2554 396 2583 et
426 2548 461 2583 τὸ
496 2555 618 2583 καῦσαι
649 2562 718 2584 non
753 2560 885 2594 semper

255 2596 474 2628 coniunctum
498 2596 573 2635 fuit,
595 2594 760 2628 librorum
780 2595 887 2627 omni-

254 2650 313 2672 um
335 2639 514 2673 lectionem
536 2639 747 2672 retinendam
774 2649 887 2672 cense-

254 2694 340 2717 mus.
363 2685 416 2718 De
438 2683 582 2727 Republ.
607 2685 668 2718 111.
691 2695 724 2728 p.
739 2683 815 2718 466.
836 2684 886 2717 D·

961 1704 1059 1743 μέσαι
1082 1703 1118 1738 τὸ
1144 1715 1284 1759 voomaa
1303 1703 1324 1748 ἢ
1346 1703 1434 1738 ua'tm
1458 1707 1591 1747 uastae-

960 1750 1040 1784 θεὶς
1077 1747 1098 1792 ἦ
1121 1747 1239 1782 καύσει
1263 1748 1284 1793 ἢ
1308 1753 1390 1792 τομῇ
1423 1749 1592 1792 χρησάμε-

959 1806 1018 1828 νος
1040 1790 1189 1849 ἀπηὶίλάχ
1190 1795 1268 1833 θαι,
1297 1794 1358 1827 ubi
1381 1794 1496 1827 nullus
1519 1794 1592 1828 cod.

961 1838 1016 1871 καὶ
1053 1842 1144 1882 τομῇ.
1189 1839 1324 1872 Politic.
1362 1849 1395 1882 p.
1432 1837 1509 1872 293.
1544 1839 1590 1872 B.

961 1882 1138 1923 τέμνοντες
1174 1881 1195 1927 ἢ
1234 1882 1385 1918 κάοντες.
1422 1883 1594 1917 Maxim.

960 1929 1061 1982 Tyr.
1083 1929 1175 1961 Dias.
1200 1927 1278 1968 XII,
1301 1926 1340 1961 2·
1376 1925 1594 1971 ἦκαύσαεῆ

959 1970 1318 2012 τεμων.Τ1ιοιιιὶει.
1349 1972 1444 2007 Orat.
1467 1973 1530 2007 XI.
1558 1983 1593 2015 p.

960 2016 1035 2050 149.
1058 2017 1110 2049 A:
1153 2015 1189 2050 τὸ
1213 2015 1252 2049 δὲ
1282 2014 1416 2060 ᾰιάγκη
1439 2016 1593 2056 ἐκτεμοιν

960 2059 980 2104 ἢ
1003 2060 1200 2094 ἐπικαῦσαιε
1229 2071 1309 2094 nem
1331 2061 1381 2094 ita
1403 2061 1496 2104 vulg.
1521 2061 1592 2094 ἐπι-

959 2104 1061 2146 κόψαι
1078 2106 1252 2139 verissime
1269 2105 1463 2138 emendavit
1480 2106 1591 2139 Pier-

958 2161 1045 2183 son.
1068 2149 1112 2183 ad
1133 2150 1240 2183 Moer.
1269 2148 1402 2237 μΡ232.
1431 2151 1590 2193 Hippo·

958 2198 1062 2228 crat.
1084 2195 1136 2227 De
1160 2161 1291 2227 medicp
1333 2192 1423 2228 .13.
1453 2193 1507 2228 18.
1538 2194 1590 2229 ed.

957 2240 1054 2272 Bas.:
1094 2237 1150 2271 ἐπὶ
1184 2238 1224 2271 δὲ
1254 2241 1321 2271 τῶν
1349 2243 1588 2294 χειρουργῶν,

958 2282 1035 2316 ὅσαι
1059 2282 1114 2316 διὰ
1139 2286 1240 2327 τομῆς
1271 2282 1363 2315 εἰσιν
1394 2296 1414 2327 η
1437 2294 1589 2318 navatae.

957 2327 1023 2361 Sed
1038 2328 1122 2360 satis
1138 2327 1382 2371 exemplorum,
1405 2338 1448 2361 ex
1463 2327 1589 2370 quibus

955 2372 1085 2415 liqueat
1128 2383 1196 2405 non
1241 2372 1470 2405 necessariam
1515 2383 1589 2405 esse

955 2416 1234 2450 Blomfieldii
1257 2417 1589 2459 correctionemop-

954 2466 1098 2504 portuno
1142 2471 1223 2494 vero
1267 2461 1444 2494 annotavit
1486 2462 1589 2494 Ron-

955 2506 1074 2539 thius
1103 2510 1235 2539 veteres
1257 2505 1407 2539 medicos
1416 2517 1586 2559 χειρουρ-

951 2547 1049 2593 γικὴν
1094 2555 1128 2582 οι
1174 2547 1452 2593 φαρμωιευτικὴν
1496 2551 1587 2593 ipsos

953 2595 1144 2628 exercuisse
1178 2605 1288 2637 neque
1316 2594 1408 2627 hanc
1437 2604 1587 2636 unquam

953 2639 997 2672 ab
1020 2638 1083 2672 illa
1104 2649 1291 2682 separasse.
1319 2638 1387 2671 vid.
1416 2638 1457 2671 G.
1482 2639 1587 2671 Vos—

955 2684 1051 2717 sius
1074 2684 1129 2716 De
1151 2689 1274 2717 natura
1295 2682 1418 2716 artium
1440 2682 1482 2718 V.
1507 2681 1586 2716 c.8.
