<?xml version="1.0" encoding="UTF-8"?>
<!DOCTYPE html PUBLIC "-//W3C//DTD XHTML 1.0 Transitional//EN"
    "http://www.w3.org/TR/xhtml1/DTD/xhtml1-transitional.dtd">
<html xmlns="http://www.w3.org/1999/xhtml" xml:lang="en" lang="en">
 <head>
  <title>
</title>
<meta http-equiv="Content-Type" content="text/html;charset=utf-8" />
  <meta name='ocr-system' content='tesseract 3.04.00' />
  <meta name='ocr-capabilities' content='ocr_page ocr_carea ocr_par ocr_line ocrx_word'/>
</head>
<body>
  <div class='ocr_page' id='page_1' title='image "./operaomniarecens02platuoft_0131.png"; bbox 0 0 1702 2924; ppageno 0'>
   <div class='ocr_carea' id='block_1_1' title="bbox 392 183 1440 225">
    <p class='ocr_par' dir='ltr' id='par_1_1' title="bbox 392 183 1440 225">
     <span class='ocr_line' id='line_1_1' title="bbox 392 183 1440 225; baseline -0.007 0"><span class='ocrx_word' id='word_1_1' title='bbox 392 185 636 225; x_wconf 83' lang='lat' dir='ltr'><strong>GORGIAS.</strong></span> <span class='ocrx_word' id='word_1_2' title='bbox 666 185 710 223; x_wconf 90' lang='lat' dir='ltr'>P.</span> <span class='ocrx_word' id='word_1_3' title='bbox 742 185 836 222; x_wconf 87' lang='grc'><strong>460.</strong></span> <span class='ocrx_word' id='word_1_4' title='bbox 868 186 961 222; x_wconf 87' lang='grc'>461.</span> <span class='ocrx_word' id='word_1_5' title='bbox 992 184 1051 222; x_wconf 92' lang='lat' dir='ltr'>ed.</span> <span class='ocrx_word' id='word_1_6' title='bbox 1083 183 1140 222; x_wconf 81' lang='lat' dir='ltr'>St.</span> <span class='ocrx_word' id='word_1_7' title='bbox 1364 183 1440 219; x_wconf 87' lang='lat'>125</span> 
     </span>
    </p>
   </div>
   <div class='ocr_carea' id='block_1_2' title="bbox 84 289 1551 1003">
    <p class='ocr_par' dir='ltr' id='par_1_2' title="bbox 84 289 1551 1003">
     <span class='ocr_line' id='line_1_2' title="bbox 86 289 1443 349; baseline -0.004 -12"><span class='ocrx_word' id='word_1_8' title='bbox 86 297 164 337; x_wconf 87' lang='grc' dir='ltr'><em>τοῦ</em></span> <span class='ocrx_word' id='word_1_9' title='bbox 200 294 352 349; x_wconf 77' lang='grc' dir='ltr'><em>αρτίου</em></span> <span class='ocrx_word' id='word_1_10' title='bbox 391 294 463 336; x_wconf 86' lang='grc' dir='ltr'><em>καὶ</em></span> <span class='ocrx_word' id='word_1_11' title='bbox 498 295 718 347; x_wconf 75' lang='grc' dir='ltr'><strong>περιττοῦ,</strong></span> <span class='ocrx_word' id='word_1_12' title='bbox 766 291 872 334; x_wconf 77' lang='grc' dir='ltr'><em>ἀλλὰ</em></span> <span class='ocrx_word' id='word_1_13' title='bbox 909 292 1012 341; x_wconf 81' lang='grc' dir='ltr'><em>τοὺς</em></span> <span class='ocrx_word' id='word_1_14' title='bbox 1049 294 1128 334; x_wconf 85' lang='grc' dir='ltr'><em>τοῦ</em></span> <span class='ocrx_word' id='word_1_15' title='bbox 1164 291 1333 334; x_wconf 86' lang='grc' dir='ltr'><em>δικαίου</em></span> <span class='ocrx_word' id='word_1_16' title='bbox 1371 289 1443 332; x_wconf 85' lang='grc' dir='ltr'><em>καὶ</em></span> 
     </span>
     <span class='ocr_line' id='line_1_3' title="bbox 85 354 1443 414; baseline -0.002 -13"><span class='ocrx_word' id='word_1_17' title='bbox 85 360 250 402; x_wconf 77' lang='grc' dir='ltr'><em>ἀδίκου.</em></span> <span class='ocrx_word' id='word_1_18' title='bbox 290 356 317 414; x_wconf 83' lang='grc' dir='ltr'><em>ἧ</em></span> <span class='ocrx_word' id='word_1_19' title='bbox 358 360 464 414; x_wconf 76' lang='grc' dir='ltr'><em>γάρς</em></span> <span class='ocrx_word' id='word_1_20' title='bbox 513 360 639 401; x_wconf 85' lang='grc' dir='ltr'><strong>ΓΟΡ.</strong></span> <span class='ocrx_word' id='word_1_21' title='bbox 681 358 784 400; x_wconf 91' lang='grc' dir='ltr'><em>Ναί.</em></span> <span class='ocrx_word' id='word_1_22' title='bbox 849 359 952 400; x_wconf 77' lang='grc' dir='ltr'>ΣΩ.</span> <span class='ocrx_word' id='word_1_23' title='bbox 1010 354 1130 412; x_wconf 84' lang='grc' dir='ltr'>Ἐγὼ</span> <span class='ocrx_word' id='word_1_24' title='bbox 1173 356 1325 400; x_wconf 82' lang='grc' dir='ltr'><em>τοίνυν</em></span> <span class='ocrx_word' id='word_1_25' title='bbox 1361 358 1443 398; x_wconf 83' lang='grc' dir='ltr'><em>σοῦ</em></span> 
     </span>
     <span class='ocr_line' id='line_1_4' title="bbox 86 419 1443 479; baseline -0.003 -12"><span class='ocrx_word' id='word_1_26' title='bbox 86 426 178 467; x_wconf 88' lang='grc' dir='ltr'><em>τότε</em></span> <span class='ocrx_word' id='word_1_27' title='bbox 216 428 350 468; x_wconf 88' lang='grc' dir='ltr'><em>ταῦτα</em></span> <span class='ocrx_word' id='word_1_28' title='bbox 387 423 587 479; x_wconf 81' lang='grc' dir='ltr'><em>λέγοντος</em></span> <span class='ocrx_word' id='word_1_29' title='bbox 622 424 866 479; x_wconf 83' lang='grc' dir='ltr'><strong><em>ὑπέλαβον,</em></strong></span> <span class='ocrx_word' id='word_1_30' title='bbox 905 423 962 472; x_wconf 84' lang='grc' dir='ltr'><em>ὡς</em></span> <span class='ocrx_word' id='word_1_31' title='bbox 1000 419 1199 465; x_wconf 78' lang='grc' dir='ltr'><em>οὐδέποτ’</em></span> <span class='ocrx_word' id='word_1_32' title='bbox 1240 421 1295 464; x_wconf 79' lang='grc' dir='ltr'><em>ἂν</em></span> <span class='ocrx_word' id='word_1_33' title='bbox 1323 422 1387 476; x_wconf 77' lang='grc' dir='ltr'><em>εἴη</em></span> <span class='ocrx_word' id='word_1_34' title='bbox 1415 421 1443 476; x_wconf 85' lang='grc' dir='ltr'><strong><em>ή</em></strong></span> 
     </span>
     <span class='ocr_line' id='line_1_5' title="bbox 86 486 1445 546; baseline -0.003 -13"><span class='ocrx_word' id='word_1_35' title='bbox 86 490 288 546; x_wconf 79' lang='grc' dir='ltr'><em>ῥητορικὴ</em></span> <span class='ocrx_word' id='word_1_36' title='bbox 308 491 458 533; x_wconf 83' lang='grc' dir='ltr'><em>ἄδικον</em></span> <span class='ocrx_word' id='word_1_37' title='bbox 485 497 674 544; x_wconf 82' lang='grc' dir='ltr'><em>πρᾶγμα,</em></span> <span class='ocrx_word' id='word_1_38' title='bbox 705 486 728 531; x_wconf 85' lang='grc' dir='ltr'>ὅ</span> <span class='ocrx_word' id='word_1_39' title='bbox 757 486 790 544; x_wconf 83' lang='grc' dir='ltr'>γ’</span> <span class='ocrx_word' id='word_1_40' title='bbox 823 489 887 531; x_wconf 79' lang='grc' dir='ltr'><em>οέεὶ</em></span> <span class='ocrx_word' id='word_1_41' title='bbox 916 488 1012 542; x_wconf 85' lang='grc' dir='ltr'><em>περὶ</em></span> <span class='ocrx_word' id='word_1_42' title='bbox 1041 489 1315 543; x_wconf 81' lang='grc' dir='ltr'><em>δικαιοσύνης</em></span> <span class='ocrx_word' id='word_1_43' title='bbox 1342 487 1445 537; x_wconf 77' lang='grc' dir='ltr'><em>τοὺς</em></span> 
     </span>
     <span class='ocr_line' id='line_1_6' title="bbox 85 552 1444 610; baseline -0.002 -12"><span class='ocrx_word' id='word_1_44' title='bbox 85 557 243 610; x_wconf 79' lang='grc' dir='ltr'><em>λόγους</em></span> <span class='ocrx_word' id='word_1_45' title='bbox 269 559 470 599; x_wconf 86' lang='grc' dir='ltr'><em>ποιεῖται·</em></span> <span class='ocrx_word' id='word_1_46' title='bbox 501 554 641 609; x_wconf 76' lang='grc' dir='ltr'><em>ἐπειδη</em></span> <span class='ocrx_word' id='word_1_47' title='bbox 669 554 714 596; x_wconf 84' lang='grc' dir='ltr'><em>δὲ</em></span> <span class='ocrx_word' id='word_1_48' title='bbox 742 554 890 608; x_wconf 85' lang='grc' dir='ltr'><em>ὀλίγον</em></span> <span class='ocrx_word' id='word_1_49' title='bbox 918 554 1099 607; x_wconf 80' lang='grc' dir='ltr'><em>ὕστερον</em></span> <span class='ocrx_word' id='word_1_50' title='bbox 1127 552 1288 608; x_wconf 73' lang='grc' dir='ltr'><em>ἔλεγες,</em></span> <span class='ocrx_word' id='word_1_51' title='bbox 1327 553 1391 596; x_wconf 86' lang='grc' dir='ltr'>ὄτι</span> <span class='ocrx_word' id='word_1_52' title='bbox 1419 552 1444 594; x_wconf 87' lang='grc' dir='ltr'>ὁ</span> 
     </span>
     <span class='ocr_line' id='line_1_7' title="bbox 87 619 1551 676; baseline -0.002 -13"><span class='ocrx_word' id='word_1_53' title='bbox 87 621 227 676; x_wconf 82' lang='grc' dir='ltr'><em>ῥήτωρ</em></span> <span class='ocrx_word' id='word_1_54' title='bbox 267 628 318 676; x_wconf 79' lang='grc' dir='ltr'><em>τῇ</em></span> <span class='ocrx_word' id='word_1_55' title='bbox 348 621 550 676; x_wconf 80' lang='grc' dir='ltr'><em>ῥητορικῇ</em></span> <span class='ocrx_word' id='word_1_56' title='bbox 578 620 660 663; x_wconf 76' lang='grc' dir='ltr'><em>κᾶν</em></span> <span class='ocrx_word' id='word_1_57' title='bbox 689 620 845 669; x_wconf 76' lang='grc' dir='ltr'><em>ἀδίκως</em></span> <span class='ocrx_word' id='word_1_58' title='bbox 872 625 1034 674; x_wconf 76' lang='grc' dir='ltr'><em>χρῷτο,</em></span> <span class='ocrx_word' id='word_1_59' title='bbox 1074 619 1187 662; x_wconf 82' lang='grc' dir='ltr'><em>οὕτω</em></span> <span class='ocrx_word' id='word_1_60' title='bbox 1215 620 1445 674; x_wconf 80' lang='grc' dir='ltr'><em>θαυμάσας</em></span> <span class='ocrx_word' id='word_1_61' title='bbox 1473 627 1551 669; x_wconf 87' lang='lat'>461</span> 
     </span>
     <span class='ocr_line' id='line_1_8' title="bbox 86 681 1446 741; baseline -0.002 -12"><span class='ocrx_word' id='word_1_62' title='bbox 86 685 157 729; x_wconf 88' lang='grc' dir='ltr'><em>καὶ</em></span> <span class='ocrx_word' id='word_1_63' title='bbox 179 687 447 741; x_wconf 83' lang='grc' dir='ltr'><em>ηγησοὶμενος</em></span> <span class='ocrx_word' id='word_1_64' title='bbox 475 689 529 730; x_wconf 85' lang='grc' dir='ltr'>οὐ</span> <span class='ocrx_word' id='word_1_65' title='bbox 557 686 760 740; x_wconf 73' lang='grc' dir='ltr'><em>συνᾴδειν</em></span> <span class='ocrx_word' id='word_1_66' title='bbox 787 686 838 727; x_wconf 87' lang='grc' dir='ltr'><em>τὰ</em></span> <span class='ocrx_word' id='word_1_67' title='bbox 866 686 1073 740; x_wconf 86' lang='grc' dir='ltr'><em>λεγόμενα</em></span> <span class='ocrx_word' id='word_1_68' title='bbox 1102 684 1293 734; x_wconf 84' lang='grc' dir='ltr'><em>ἐκείνους</em></span> <span class='ocrx_word' id='word_1_69' title='bbox 1321 681 1446 727; x_wconf 83' lang='grc' dir='ltr'><em>εἶπον</em></span> 
     </span>
     <span class='ocr_line' id='line_1_9' title="bbox 84 747 1445 806; baseline -0.001 -12"><span class='ocrx_word' id='word_1_70' title='bbox 84 752 186 801; x_wconf 87' lang='grc' dir='ltr'><em>τους</em></span> <span class='ocrx_word' id='word_1_71' title='bbox 224 753 401 806; x_wconf 89' lang='grc' dir='ltr'><em>λόγους,</em></span> <span class='ocrx_word' id='word_1_72' title='bbox 442 749 530 803; x_wconf 74' lang='grc' dir='ltr'><em>ὅτι,</em></span> <span class='ocrx_word' id='word_1_73' title='bbox 568 752 604 794; x_wconf 84' lang='grc' dir='ltr'><em>εἰ</em></span> <span class='ocrx_word' id='word_1_74' title='bbox 646 750 724 806; x_wconf 78' lang='grc' dir='ltr'><em>μὲν</em></span> <span class='ocrx_word' id='word_1_75' title='bbox 761 749 911 805; x_wconf 78' lang='grc' dir='ltr'><em>κέρδος</em></span> <span class='ocrx_word' id='word_1_76' title='bbox 948 751 1073 806; x_wconf 85' lang='grc' dir='ltr'><em>ήγοῐο</em></span> <span class='ocrx_word' id='word_1_77' title='bbox 1113 747 1223 793; x_wconf 80' lang='grc' dir='ltr'><em>εἶναι</em></span> <span class='ocrx_word' id='word_1_78' title='bbox 1258 751 1306 793; x_wconf 88' lang='grc' dir='ltr'><em>τὸ</em></span> <span class='ocrx_word' id='word_1_79' title='bbox 1336 749 1445 804; x_wconf 82' lang='grc' dir='ltr'><em>ἐλέγ-</em></span> 
     </span>
     <span class='ocr_line' id='line_1_10' title="bbox 85 814 1446 872; baseline -0.001 -13"><span class='ocrx_word' id='word_1_80' title='bbox 85 821 248 872; x_wconf 77' lang='grc' dir='ltr'><em>χεσθαι,</em></span> <span class='ocrx_word' id='word_1_81' title='bbox 279 816 415 870; x_wconf 82' lang='grc' dir='ltr'><em>ὥςπερ</em></span> <span class='ocrx_word' id='word_1_82' title='bbox 443 817 540 872; x_wconf 77' lang='grc' dir='ltr'>ἐγώ,</span> <span class='ocrx_word' id='word_1_83' title='bbox 569 817 691 868; x_wconf 80' lang='grc' dir='ltr'><em>ἄξιον</em></span> <span class='ocrx_word' id='word_1_84' title='bbox 720 817 782 871; x_wconf 86' lang='grc' dir='ltr'><em>ε’ίη</em></span> <span class='ocrx_word' id='word_1_85' title='bbox 811 815 1094 870; x_wconf 84' lang='grc' dir='ltr'><em>διαλέγεσθαι,</em></span> <span class='ocrx_word' id='word_1_86' title='bbox 1131 818 1167 858; x_wconf 81' lang='grc' dir='ltr'><em>εἰ</em></span> <span class='ocrx_word' id='word_1_87' title='bbox 1194 814 1238 858; x_wconf 76' lang='grc' dir='ltr'><em>δὲ</em></span> <span class='ocrx_word' id='word_1_88' title='bbox 1267 817 1340 871; x_wconf 78' lang='grc' dir='ltr'>μή,</span> <span class='ocrx_word' id='word_1_89' title='bbox 1370 815 1446 858; x_wconf 76' lang='grc' dir='ltr'><em>ἐᾶν</em></span> 
     </span>
     <span class='ocr_line' id='line_1_11' title="bbox 87 881 1446 937; baseline -0.001 -12"><span class='ocrx_word' id='word_1_90' title='bbox 87 884 260 937; x_wconf 85' lang='grc' dir='ltr'><em>χαίρειν.</em></span> <span class='ocrx_word' id='word_1_91' title='bbox 290 883 470 937; x_wconf 81' lang='grc' dir='ltr'><em>ὕστερον</em></span> <span class='ocrx_word' id='word_1_92' title='bbox 498 882 542 924; x_wconf 77' lang='grc' dir='ltr'><em>δὲ</em></span> <span class='ocrx_word' id='word_1_93' title='bbox 570 883 693 937; x_wconf 79' lang='grc' dir='ltr'><em>ἡμῶν</em></span> <span class='ocrx_word' id='word_1_94' title='bbox 722 882 1123 937; x_wconf 79' lang='grc' dir='ltr'><em>ἑπισκοπουμένων,</em></span> <span class='ocrx_word' id='word_1_95' title='bbox 1163 882 1267 936; x_wconf 76' lang='grc' dir='ltr'><em>ὁρᾷς</em></span> <span class='ocrx_word' id='word_1_96' title='bbox 1294 881 1346 937; x_wconf 80' lang='grc' dir='ltr'><em>δὴ</em></span> <span class='ocrx_word' id='word_1_97' title='bbox 1375 883 1446 924; x_wconf 81' lang='grc' dir='ltr'><em>καὶ</em></span> 
     </span>
     <span class='ocr_line' id='line_1_12' title="bbox 86 944 1447 1003; baseline 0.001 -14"><span class='ocrx_word' id='word_1_98' title='bbox 86 949 228 999; x_wconf 79' lang='grc' dir='ltr'><em>αὐτὸς,</em></span> <span class='ocrx_word' id='word_1_99' title='bbox 259 944 324 990; x_wconf 84' lang='grc' dir='ltr'>ὅτι</span> <span class='ocrx_word' id='word_1_100' title='bbox 346 944 401 990; x_wconf 83' lang='grc' dir='ltr'><em>αὖ</em></span> <span class='ocrx_word' id='word_1_101' title='bbox 429 949 697 1003; x_wconf 85' lang='grc' dir='ltr'><em>ὁμολογεῖται</em></span> <span class='ocrx_word' id='word_1_102' title='bbox 724 948 802 991; x_wconf 90' lang='grc' dir='ltr'>τὸν</span> <span class='ocrx_word' id='word_1_103' title='bbox 833 948 1062 1003; x_wconf 76' lang='grc' dir='ltr'><em>ῥητορικὸν</em></span> <span class='ocrx_word' id='word_1_104' title='bbox 1091 949 1308 990; x_wconf 88' lang='grc' dir='ltr'><em>α’δύνατον</em></span> <span class='ocrx_word' id='word_1_105' title='bbox 1337 944 1447 990; x_wconf 80' lang='grc' dir='ltr'><em>εἶναι</em></span> 
     </span>
    </p>
   </div>
   <div class='ocr_carea' id='block_1_3' title="bbox 154 1085 1446 1133">
    <p class='ocr_par' dir='ltr' id='par_1_3' title="bbox 154 1085 1446 1133">
     <span class='ocr_line' id='line_1_13' title="bbox 154 1085 1446 1133; baseline 0.002 -13"><span class='ocrx_word' id='word_1_106' title='bbox 154 1099 179 1129; x_wconf 84' lang='grc' dir='ltr'><em>φ</em></span> <span class='ocrx_word' id='word_1_107' title='bbox 189 1100 210 1120; x_wconf 93' lang='grc' dir='ltr'><em>α</em></span> <span class='ocrx_word' id='word_1_108' title='bbox 220 1090 260 1120; x_wconf 77' lang='lat' dir='ltr'>lv</span> <span class='ocrx_word' id='word_1_109' title='bbox 269 1099 285 1120; x_wconf 84' lang='grc' dir='ltr'><em>ε</em></span> <span class='ocrx_word' id='word_1_110' title='bbox 297 1101 341 1121; x_wconf 89' lang='grc' dir='ltr'>τα</span> <span class='ocrx_word' id='word_1_111' title='bbox 351 1101 361 1121; x_wconf 93' lang='grc' dir='ltr'>ι</span> <span class='ocrx_word' id='word_1_112' title='bbox 371 1114 380 1128; x_wconf 88' lang='lat'>,</span> <span class='ocrx_word' id='word_1_113' title='bbox 414 1085 433 1121; x_wconf 89' lang='grc' dir='ltr'>ὁ</span> <span class='ocrx_word' id='word_1_114' title='bbox 471 1086 489 1131; x_wconf 63' lang='lat' dir='ltr'>&lt;i</span> <span class='ocrx_word' id='word_1_115' title='bbox 502 1101 521 1132; x_wconf 89' lang='grc' dir='ltr'><em>η</em></span> <span class='ocrx_word' id='word_1_116' title='bbox 532 1101 545 1121; x_wconf 88' lang='grc' dir='ltr'><em>τ</em></span> <span class='ocrx_word' id='word_1_117' title='bbox 555 1101 573 1121; x_wconf 92' lang='grc' dir='ltr'><em>ο</em></span> <span class='ocrx_word' id='word_1_118' title='bbox 585 1101 603 1131; x_wconf 78' lang='grc' dir='ltr'><em>ρ</em></span> <span class='ocrx_word' id='word_1_119' title='bbox 615 1102 625 1122; x_wconf 92' lang='grc' dir='ltr'>ι</span> <span class='ocrx_word' id='word_1_120' title='bbox 635 1101 652 1121; x_wconf 86' lang='grc' dir='ltr'>κ</span> <span class='ocrx_word' id='word_1_121' title='bbox 661 1087 719 1133; x_wconf 71' lang='grc' dir='ltr'>ός]</span> <span class='ocrx_word' id='word_1_122' title='bbox 754 1089 947 1122; x_wconf 81' lang='lat' dir='ltr'><strong>Articulum</strong></span> <span class='ocrx_word' id='word_1_123' title='bbox 960 1114 967 1130; x_wconf 94' lang='lat'><strong><em>‚</em></strong></span> <span class='ocrx_word' id='word_1_124' title='bbox 993 1089 1099 1133; x_wconf 85' lang='lat' dir='ltr'>vulgo</span> <span class='ocrx_word' id='word_1_125' title='bbox 1124 1090 1214 1122; x_wconf 81' lang='lat' dir='ltr'>male</span> <span class='ocrx_word' id='word_1_126' title='bbox 1238 1090 1446 1133; x_wconf 86' lang='lat' dir='ltr'>neglectum,</span> 
     </span>
    </p>
   </div>
   <div class='ocr_carea' id='block_1_4' title="bbox 83 1133 921 1176">
    <p class='ocr_par' dir='ltr' id='par_1_4' title="bbox 83 1133 921 1176">
     <span class='ocr_line' id='line_1_14' title="bbox 83 1133 921 1176; baseline 0.002 -11"><span class='ocrx_word' id='word_1_127' title='bbox 83 1133 346 1176; x_wconf 77' lang='lat' dir='ltr'><strong>suppeditarunt</strong></span> <span class='ocrx_word' id='word_1_128' title='bbox 377 1134 493 1168; x_wconf 85' lang='lat' dir='ltr'><strong>Clark.</strong></span> <span class='ocrx_word' id='word_1_129' title='bbox 526 1135 602 1167; x_wconf 83' lang='lat' dir='ltr'>Vat.</span> <span class='ocrx_word' id='word_1_130' title='bbox 636 1135 743 1168; x_wconf 89' lang='lat' dir='ltr'>Coisl.</span> <span class='ocrx_word' id='word_1_131' title='bbox 768 1136 855 1168; x_wconf 84' lang='lat' dir='ltr'>Ven.</span> <span class='ocrx_word' id='word_1_132' title='bbox 882 1135 921 1168; x_wconf 86' lang='grc' dir='ltr'>Ξ.</span> 
     </span>
    </p>
   </div>
   <div class='ocr_carea' id='block_1_5' title="bbox 85 1178 291 1212">
    <p class='ocr_par' dir='ltr' id='par_1_5' title="bbox 85 1178 291 1212">
     <span class='ocr_line' id='line_1_15' title="bbox 85 1178 291 1212; baseline 0.005 -1"><span class='ocrx_word' id='word_1_133' title='bbox 85 1178 178 1212; x_wconf 85' lang='lat' dir='ltr'>Flor.</span> <span class='ocrx_word' id='word_1_134' title='bbox 202 1179 234 1212; x_wconf 88' lang='lat' dir='ltr'>d.</span> <span class='ocrx_word' id='word_1_135' title='bbox 260 1190 291 1212; x_wconf 95' lang='grc' dir='ltr'><strong>ο.</strong></span> 
     </span>
    </p>
   </div>
   <div class='ocr_carea' id='block_1_6' title="bbox 957 1135 1446 1169">
    <p class='ocr_par' dir='ltr' id='par_1_6' title="bbox 957 1135 1446 1169">
     <span class='ocr_line' id='line_1_16' title="bbox 957 1135 1446 1169; baseline 0.002 -2"><span class='ocrx_word' id='word_1_136' title='bbox 957 1135 1059 1168; x_wconf 91' lang='lat' dir='ltr'>Vind.</span> <span class='ocrx_word' id='word_1_137' title='bbox 1084 1135 1116 1169; x_wconf 89' lang='grc'>6.</span> <span class='ocrx_word' id='word_1_138' title='bbox 1149 1137 1225 1168; x_wconf 81' lang='lat' dir='ltr'>Par.</span> <span class='ocrx_word' id='word_1_139' title='bbox 1250 1136 1278 1168; x_wconf 96' lang='lat' dir='ltr'>B</span> <span class='ocrx_word' id='word_1_140' title='bbox 1290 1135 1316 1168; x_wconf 89' lang='lat' dir='ltr'>C</span> <span class='ocrx_word' id='word_1_141' title='bbox 1327 1135 1382 1168; x_wconf 87' lang='lat' dir='ltr'>IV</span> <span class='ocrx_word' id='word_1_142' title='bbox 1393 1135 1446 1168; x_wconf 90' lang='lat' dir='ltr'>W.</span> 
     </span>
    </p>
   </div>
   <div class='ocr_carea' id='block_1_7' title="bbox 152 1222 1442 1269">
    <p class='ocr_par' dir='ltr' id='par_1_7' title="bbox 152 1222 1442 1269">
     <span class='ocr_line' id='line_1_17' title="bbox 152 1222 1442 1269; baseline 0.002 -12"><span class='ocrx_word' id='word_1_143' title='bbox 152 1225 192 1257; x_wconf 81' lang='lat' dir='ltr'>E.</span> <span class='ocrx_word' id='word_1_144' title='bbox 225 1227 298 1257; x_wconf 89' lang='grc' dir='ltr'><em>τοῦ</em></span> <span class='ocrx_word' id='word_1_145' title='bbox 324 1223 503 1257; x_wconf 84' lang='grc' dir='ltr'><em>δικαίου</em></span> <span class='ocrx_word' id='word_1_146' title='bbox 529 1237 598 1258; x_wconf 86' lang='grc' dir='ltr'>και</span> <span class='ocrx_word' id='word_1_147' title='bbox 624 1222 800 1269; x_wconf 80' lang='grc' dir='ltr'><em>ἀδίκου]</em></span> <span class='ocrx_word' id='word_1_148' title='bbox 827 1225 882 1257; x_wconf 82' lang='grc' dir='ltr'><em>καὶ</em></span> <span class='ocrx_word' id='word_1_149' title='bbox 910 1228 971 1258; x_wconf 81' lang='grc' dir='ltr'><em>τοῦ</em></span> <span class='ocrx_word' id='word_1_150' title='bbox 993 1223 1118 1258; x_wconf 81' lang='grc' dir='ltr'><em>ἀδίκου</em></span> <span class='ocrx_word' id='word_1_151' title='bbox 1143 1227 1222 1259; x_wconf 82' lang='lat' dir='ltr'>Vat.</span> <span class='ocrx_word' id='word_1_152' title='bbox 1246 1227 1335 1259; x_wconf 89' lang='lat' dir='ltr'>Ven.</span> <span class='ocrx_word' id='word_1_153' title='bbox 1363 1226 1442 1260; x_wconf 90' lang='grc' dir='ltr'>ΞΣ.</span> 
     </span>
    </p>
   </div>
   <div class='ocr_carea' id='block_1_8' title="bbox 84 1268 1443 1315">
    <p class='ocr_par' dir='ltr' id='par_1_8' title="bbox 84 1268 1443 1315">
     <span class='ocr_line' id='line_1_18' title="bbox 84 1268 1443 1315; baseline 0.001 -14"><span class='ocrx_word' id='word_1_154' title='bbox 84 1269 186 1303; x_wconf 87' lang='lat' dir='ltr'>Vind.</span> <span class='ocrx_word' id='word_1_155' title='bbox 205 1268 237 1302; x_wconf 90' lang='lat'>2.</span> <span class='ocrx_word' id='word_1_156' title='bbox 261 1271 403 1303; x_wconf 90' lang='lat' dir='ltr'>Meerm.</span> <span class='ocrx_word' id='word_1_157' title='bbox 427 1270 525 1303; x_wconf 86' lang='lat' dir='ltr'>Bodl.</span> <span class='ocrx_word' id='word_1_158' title='bbox 550 1270 652 1303; x_wconf 87' lang='lat' dir='ltr'>Vind.</span> <span class='ocrx_word' id='word_1_159' title='bbox 675 1269 707 1304; x_wconf 87' lang='grc'>2.</span> <span class='ocrx_word' id='word_1_160' title='bbox 734 1269 781 1311; x_wconf 86' lang='lat'>7.;</span> <span class='ocrx_word' id='word_1_161' title='bbox 808 1271 868 1303; x_wconf 79' lang='lat' dir='ltr'>sed</span> <span class='ocrx_word' id='word_1_162' title='bbox 891 1282 921 1303; x_wconf 88' lang='lat' dir='ltr'>v</span> <span class='ocrx_word' id='word_1_163' title='bbox 948 1275 1063 1304; x_wconf 80' lang='lat' dir='ltr'>annot</span> <span class='ocrx_word' id='word_1_164' title='bbox 1089 1271 1132 1304; x_wconf 83' lang='lat' dir='ltr'>ad</span> <span class='ocrx_word' id='word_1_165' title='bbox 1155 1283 1186 1315; x_wconf 91' lang='lat' dir='ltr'>p.</span> <span class='ocrx_word' id='word_1_166' title='bbox 1202 1270 1327 1305; x_wconf 79' lang='lat' dir='ltr'>453E.</span> <span class='ocrx_word' id='word_1_167' title='bbox 1354 1272 1443 1304; x_wconf 88' lang='lat' dir='ltr'>Dein</span> 
     </span>
    </p>
   </div>
   <div class='ocr_carea' id='block_1_9' title="bbox 84 1309 736 1405">
    <p class='ocr_par' dir='ltr' id='par_1_9' title="bbox 84 1309 726 1405">
     <span class='ocr_line' id='line_1_19' title="bbox 84 1309 526 1371; baseline 0.005 -24"><span class='ocrx_word' id='word_1_168' title='bbox 84 1325 146 1357; x_wconf 90' lang='lat' dir='ltr'>pro</span> <span class='ocrx_word' id='word_1_169' title='bbox 156 1309 191 1369; x_wconf 63' lang='lat' dir='ltr'><em>fi</em></span> <span class='ocrx_word' id='word_1_170' title='bbox 215 1313 303 1371; x_wconf 79' lang='grc' dir='ltr'><em>γάρ;</em></span> <span class='ocrx_word' id='word_1_171' title='bbox 328 1319 408 1348; x_wconf 88' lang='lat' dir='ltr'>vett.</span> <span class='ocrx_word' id='word_1_172' title='bbox 433 1315 526 1349; x_wconf 85' lang='lat' dir='ltr'>editt.</span> 
     </span>
     <span class='ocr_line' id='line_1_20' title="bbox 151 1358 736 1405; baseline 0.005 -14"><span class='ocrx_word' id='word_1_173' title='bbox 151 1358 215 1392; x_wconf 84' lang='grc' dir='ltr'>ὅτι</span> <span class='ocrx_word' id='word_1_174' title='bbox 240 1358 258 1392; x_wconf 82' lang='grc' dir='ltr'>ὁ</span> <span class='ocrx_word' id='word_1_175' title='bbox 287 1358 457 1404; x_wconf 80' lang='grc' dir='ltr'><em>ῥήτωρ]</em></span> <span class='ocrx_word' id='word_1_176' title='bbox 484 1359 503 1393; x_wconf 86' lang='lat'>0‘</span> <span class='ocrx_word' id='word_1_177' title='bbox 529 1372 594 1395; x_wconf 90' lang='lat' dir='ltr'>om.</span> <span class='ocrx_word' id='word_1_178' title='bbox 620 1361 736 1405; x_wconf 86' lang='lat' dir='ltr'>Steph.</span> 
     </span>
    </p>
   </div>
   <div class='ocr_carea' id='block_1_10' title="bbox 82 1484 735 2343">
    <p class='ocr_par' dir='ltr' id='par_1_10' title="bbox 82 1484 730 2342">
     <span class='ocr_line' id='line_1_21' title="bbox 84 1484 730 1528; baseline 0.003 -12"><span class='ocrx_word' id='word_1_179' title='bbox 84 1484 190 1517; x_wconf 82' lang='lat' dir='ltr'>habet</span> <span class='ocrx_word' id='word_1_180' title='bbox 225 1484 420 1527; x_wconf 81' lang='lat' dir='ltr'>vulgatum3</span> <span class='ocrx_word' id='word_1_181' title='bbox 471 1495 582 1528; x_wconf 88' lang='lat' dir='ltr'>neque</span> <span class='ocrx_word' id='word_1_182' title='bbox 625 1486 730 1518; x_wconf 77' lang='lat' dir='ltr'>etiam</span> 
     </span>
     <span class='ocr_line' id='line_1_22' title="bbox 85 1529 730 1574; baseline 0.002 -12"><span class='ocrx_word' id='word_1_183' title='bbox 85 1540 171 1573; x_wconf 83' lang='lat' dir='ltr'>opus</span> <span class='ocrx_word' id='word_1_184' title='bbox 194 1533 257 1571; x_wconf 86' lang='lat' dir='ltr'>est,</span> <span class='ocrx_word' id='word_1_185' title='bbox 280 1534 319 1562; x_wconf 89' lang='lat' dir='ltr'>ut</span> <span class='ocrx_word' id='word_1_186' title='bbox 343 1529 364 1574; x_wconf 85' lang='grc' dir='ltr'><em>ἥ</em></span> <span class='ocrx_word' id='word_1_187' title='bbox 386 1542 425 1574; x_wconf 79' lang='grc' dir='ltr'><em>γε</em></span> <span class='ocrx_word' id='word_1_188' title='bbox 448 1541 605 1573; x_wconf 81' lang='lat' dir='ltr'>reponas,</span> <span class='ocrx_word' id='word_1_189' title='bbox 637 1530 730 1573; x_wconf 89' lang='lat' dir='ltr'>quod</span> 
     </span>
     <span class='ocr_line' id='line_1_23' title="bbox 82 1575 729 1618; baseline 0.003 -11"><span class='ocrx_word' id='word_1_190' title='bbox 82 1575 178 1608; x_wconf 85' lang='lat' dir='ltr'>fuere</span> <span class='ocrx_word' id='word_1_191' title='bbox 192 1576 252 1618; x_wconf 85' lang='lat' dir='ltr'>qui</span> <span class='ocrx_word' id='word_1_192' title='bbox 265 1575 514 1609; x_wconf 84' lang='lat' dir='ltr'>restituendum</span> <span class='ocrx_word' id='word_1_193' title='bbox 526 1577 729 1609; x_wconf 84' lang='lat' dir='ltr'>iudicarent.</span> 
     </span>
     <span class='ocr_line' id='line_1_24' title="bbox 85 1620 729 1664; baseline 0.003 -12"><span class='ocrx_word' id='word_1_194' title='bbox 85 1620 180 1653; x_wconf 86' lang='lat' dir='ltr'>Solet</span> <span class='ocrx_word' id='word_1_195' title='bbox 211 1621 302 1653; x_wconf 88' lang='lat' dir='ltr'>enim</span> <span class='ocrx_word' id='word_1_196' title='bbox 334 1632 522 1664; x_wconf 85' lang='lat' dir='ltr'>pronomen</span> <span class='ocrx_word' id='word_1_197' title='bbox 546 1622 729 1655; x_wconf 80' lang='lat' dir='ltr'>relativum</span> 
     </span>
     <span class='ocr_line' id='line_1_25' title="bbox 83 1667 728 1710; baseline 0.003 -12"><span class='ocrx_word' id='word_1_198' title='bbox 83 1675 185 1708; x_wconf 80' lang='lat' dir='ltr'>saepe</span> <span class='ocrx_word' id='word_1_199' title='bbox 202 1667 253 1698; x_wconf 85' lang='lat' dir='ltr'>sic</span> <span class='ocrx_word' id='word_1_200' title='bbox 276 1677 337 1709; x_wconf 90' lang='lat' dir='ltr'>per</span> <span class='ocrx_word' id='word_1_201' title='bbox 360 1668 599 1700; x_wconf 80' lang='lat' dir='ltr'><strong>attractionem</strong></span> <span class='ocrx_word' id='word_1_202' title='bbox 623 1678 728 1710; x_wconf 79' lang='lat' dir='ltr'>quan-</span> 
     </span>
     <span class='ocr_line' id='line_1_26' title="bbox 83 1711 729 1755; baseline 0.005 -12"><span class='ocrx_word' id='word_1_203' title='bbox 83 1711 162 1744; x_wconf 78' lang='lat' dir='ltr'>dam</span> <span class='ocrx_word' id='word_1_204' title='bbox 190 1722 315 1755; x_wconf 85' lang='lat' dir='ltr'>genere</span> <span class='ocrx_word' id='word_1_205' title='bbox 347 1722 388 1745; x_wconf 81' lang='lat' dir='ltr'>ac</span> <span class='ocrx_word' id='word_1_206' title='bbox 420 1723 563 1745; x_wconf 84' lang='lat' dir='ltr'>numero</span> <span class='ocrx_word' id='word_1_207' title='bbox 595 1723 729 1746; x_wconf 83' lang='lat' dir='ltr'>accom-</span> 
     </span>
     <span class='ocr_line' id='line_1_27' title="bbox 84 1755 730 1801; baseline 0.005 -13"><span class='ocrx_word' id='word_1_208' title='bbox 84 1755 215 1790; x_wconf 83' lang='lat' dir='ltr'>modari</span> <span class='ocrx_word' id='word_1_209' title='bbox 227 1757 370 1798; x_wconf 88' lang='lat' dir='ltr'>nomini,</span> <span class='ocrx_word' id='word_1_210' title='bbox 387 1758 478 1800; x_wconf 91' lang='lat' dir='ltr'>quod</span> <span class='ocrx_word' id='word_1_211' title='bbox 491 1758 730 1801; x_wconf 81' lang='lat' dir='ltr'>praedicatum</span> 
     </span>
     <span class='ocr_line' id='line_1_28' title="bbox 85 1803 729 1846; baseline 0.005 -12"><span class='ocrx_word' id='word_1_212' title='bbox 85 1806 146 1842; x_wconf 86' lang='lat' dir='ltr'>est,</span> <span class='ocrx_word' id='word_1_213' title='bbox 182 1813 288 1844; x_wconf 88' lang='lat' dir='ltr'>quum</span> <span class='ocrx_word' id='word_1_214' title='bbox 313 1804 446 1846; x_wconf 84' lang='lat' dir='ltr'>proprie</span> <span class='ocrx_word' id='word_1_215' title='bbox 470 1803 513 1836; x_wconf 81' lang='lat' dir='ltr'>ad</span> <span class='ocrx_word' id='word_1_216' title='bbox 537 1803 729 1837; x_wconf 82' lang='lat' dir='ltr'>subiectum</span> 
     </span>
     <span class='ocr_line' id='line_1_29' title="bbox 84 1847 728 1891; baseline 0.006 -12"><span class='ocrx_word' id='word_1_217' title='bbox 84 1847 301 1880; x_wconf 81' lang='lat' dir='ltr'>referendum</span> <span class='ocrx_word' id='word_1_218' title='bbox 325 1849 380 1880; x_wconf 84' lang='lat' dir='ltr'>sit.</span> <span class='ocrx_word' id='word_1_219' title='bbox 419 1849 559 1891; x_wconf 84' lang='lat' dir='ltr'>Infrap</span> <span class='ocrx_word' id='word_1_220' title='bbox 562 1848 662 1883; x_wconf 85' lang='lat'>.463.</span> <span class='ocrx_word' id='word_1_221' title='bbox 680 1851 728 1882; x_wconf 88' lang='lat' dir='ltr'>B:</span> 
     </span>
     <span class='ocr_line' id='line_1_30' title="bbox 85 1891 728 1950; baseline 0.006 -26"><span class='ocrx_word' id='word_1_222' title='bbox 85 1891 165 1925; x_wconf 87' lang='grc' dir='ltr'><em>ταύτ</em></span> <span class='ocrx_word' id='word_1_223' title='bbox 190 1904 207 1927; x_wconf 75' lang='grc' dir='ltr'><em>ς</em></span> <span class='ocrx_word' id='word_1_224' title='bbox 220 1904 276 1932; x_wconf 89' lang='grc' dir='ltr'>μοι</span> <span class='ocrx_word' id='word_1_225' title='bbox 290 1893 389 1926; x_wconf 86' lang='grc' dir='ltr'><em>δοκεῖ</em></span> <span class='ocrx_word' id='word_1_226' title='bbox 400 1898 456 1948; x_wconf 74' lang='grc' dir='ltr'><em>τῆς</em></span> <span class='ocrx_word' id='word_1_227' title='bbox 475 1893 728 1950; x_wconf 81' lang='grc' dir='ltr'><em>ἐπιτηδεύσεως</em></span> 
     </span>
     <span class='ocr_line' id='line_1_31' title="bbox 87 1935 729 1981; baseline 0.003 -11.003"><span class='ocrx_word' id='word_1_228' title='bbox 87 1939 192 1970; x_wconf 77' lang='grc' dir='ltr'><em>πολλα</em></span> <span class='ocrx_word' id='word_1_229' title='bbox 221 1937 287 1977; x_wconf 85' lang='grc' dir='ltr'><em>μὲν</em></span> <span class='ocrx_word' id='word_1_230' title='bbox 318 1939 374 1971; x_wconf 88' lang='grc' dir='ltr'><em>καὶ</em></span> <span class='ocrx_word' id='word_1_231' title='bbox 398 1936 479 1971; x_wconf 82' lang='grc' dir='ltr'><em>ἄλλα</em></span> <span class='ocrx_word' id='word_1_232' title='bbox 502 1937 606 1981; x_wconf 81' lang='grc' dir='ltr'><em>μόρια</em></span> <span class='ocrx_word' id='word_1_233' title='bbox 629 1935 729 1980; x_wconf 66' lang='lat' dir='ltr'>eliac,</span> 
     </span>
     <span class='ocr_line' id='line_1_32' title="bbox 85 1981 735 2028; baseline 0.006 -14"><span class='ocrx_word' id='word_1_234' title='bbox 85 1983 127 2015; x_wconf 80' lang='grc' dir='ltr'><em>ἓν</em></span> <span class='ocrx_word' id='word_1_235' title='bbox 159 1982 199 2015; x_wconf 85' lang='grc' dir='ltr'><em>δὲ</em></span> <span class='ocrx_word' id='word_1_236' title='bbox 230 1984 285 2016; x_wconf 83' lang='grc' dir='ltr'><em>καὶ</em></span> <span class='ocrx_word' id='word_1_237' title='bbox 310 1981 330 2027; x_wconf 87' lang='grc' dir='ltr'><em>ἡ</em></span> <span class='ocrx_word' id='word_1_238' title='bbox 355 1981 558 2028; x_wconf 83' lang='grc' dir='ltr'><em>ὀψοποιική,</em></span> <span class='ocrx_word' id='word_1_239' title='bbox 592 1982 611 2017; x_wconf 81' lang='grc' dir='ltr'><em>ὃ</em></span> <span class='ocrx_word' id='word_1_240' title='bbox 637 1985 735 2018; x_wconf 81' lang='grc' dir='ltr'><em>δοκεῖ</em></span> 
     </span>
     <span class='ocr_line' id='line_1_33' title="bbox 85 2023 728 2074; baseline 0.003 -13"><span class='ocrx_word' id='word_1_241' title='bbox 85 2027 148 2068; x_wconf 86' lang='grc' dir='ltr'><em>μὲν</em></span> <span class='ocrx_word' id='word_1_242' title='bbox 164 2023 258 2061; x_wconf 67' lang='grc' dir='ltr'><em>εἶναι</em></span> <span class='ocrx_word' id='word_1_243' title='bbox 274 2028 346 2071; x_wconf 76' lang='grc' dir='ltr'><em>τὲχι</em></span> <span class='ocrx_word' id='word_1_244' title='bbox 348 2041 378 2072; x_wconf 88' lang='grc' dir='ltr'><strong>η.</strong></span> <span class='ocrx_word' id='word_1_245' title='bbox 410 2030 516 2062; x_wconf 83' lang='lat' dir='ltr'>Aliud</span> <span class='ocrx_word' id='word_1_246' title='bbox 535 2031 728 2074; x_wconf 87' lang='lat' dir='ltr'>exemplum</span> 
     </span>
     <span class='ocr_line' id='line_1_34' title="bbox 86 2074 730 2120; baseline 0.005 -14"><span class='ocrx_word' id='word_1_247' title='bbox 86 2074 153 2106; x_wconf 87' lang='lat' dir='ltr'>huc</span> <span class='ocrx_word' id='word_1_248' title='bbox 172 2074 527 2108; x_wconf 80' lang='lat' dir='ltr'>attulitHeindorf.</span> <span class='ocrx_word' id='word_1_249' title='bbox 544 2077 651 2120; x_wconf 84' lang='lat' dir='ltr'>chg.</span> <span class='ocrx_word' id='word_1_250' title='bbox 668 2077 730 2110; x_wconf 88' lang='lat' dir='ltr'>XI.</span> 
     </span>
     <span class='ocr_line' id='line_1_35' title="bbox 85 2117 730 2176; baseline 0.003 -24"><span class='ocrx_word' id='word_1_251' title='bbox 85 2129 117 2174; x_wconf 96' lang='grc' dir='ltr'>Ρ</span> <span class='ocrx_word' id='word_1_252' title='bbox 142 2117 219 2152; x_wconf 85' lang='lat'><strong>937.</strong></span> <span class='ocrx_word' id='word_1_253' title='bbox 245 2121 294 2152; x_wconf 89' lang='grc' dir='ltr'><strong>Ι).</strong></span> <span class='ocrx_word' id='word_1_254' title='bbox 331 2120 387 2152; x_wconf 88' lang='grc' dir='ltr'><em>καὶ</em></span> <span class='ocrx_word' id='word_1_255' title='bbox 421 2118 463 2176; x_wconf 87' lang='grc' dir='ltr'><em>δὴ</em></span> <span class='ocrx_word' id='word_1_256' title='bbox 495 2121 551 2153; x_wconf 82' lang='grc' dir='ltr'><em>καὶ</em></span> <span class='ocrx_word' id='word_1_257' title='bbox 586 2122 664 2176; x_wconf 86' lang='grc' dir='ltr'><em>δι’κη</em></span> <span class='ocrx_word' id='word_1_258' title='bbox 689 2121 730 2154; x_wconf 82' lang='grc' dir='ltr'>ἐι</span> 
     </span>
     <span class='ocr_line' id='line_1_36' title="bbox 84 2161 730 2218; baseline 0.006 -22"><span class='ocrx_word' id='word_1_259' title='bbox 84 2161 292 2218; x_wconf 74' lang='grc' dir='ltr'><em>ἀνθρώποις</em></span> <span class='ocrx_word' id='word_1_260' title='bbox 305 2169 377 2200; x_wconf 76' lang='grc' dir='ltr'>πῶς</span> <span class='ocrx_word' id='word_1_261' title='bbox 391 2163 432 2198; x_wconf 88' lang='grc' dir='ltr'>ού</span> <span class='ocrx_word' id='word_1_262' title='bbox 451 2164 567 2204; x_wconf 81' lang='grc' dir='ltr'><em>καλόι,</em></span> <span class='ocrx_word' id='word_1_263' title='bbox 583 2164 602 2199; x_wconf 76' lang='grc' dir='ltr'><em>ὃ</em></span> <span class='ocrx_word' id='word_1_264' title='bbox 619 2166 730 2200; x_wconf 83' lang='grc' dir='ltr'><em>πάντα</em></span> 
     </span>
     <span class='ocr_line' id='line_1_37' title="bbox 87 2206 730 2252; baseline 0.008 -11"><span class='ocrx_word' id='word_1_265' title='bbox 87 2206 246 2252; x_wconf 86' lang='grc' dir='ltr'><em>ἡμέρωκε</em></span> <span class='ocrx_word' id='word_1_266' title='bbox 270 2207 308 2242; x_wconf 84' lang='grc' dir='ltr'><em>τὰ</em></span> <span class='ocrx_word' id='word_1_267' title='bbox 334 2208 566 2252; x_wconf 75' lang='grc' dir='ltr'><em>ἀιθριόπιια;</em></span> <span class='ocrx_word' id='word_1_268' title='bbox 599 2213 730 2246; x_wconf 83' lang='lat' dir='ltr'>Similis</span> 
     </span>
     <span class='ocr_line' id='line_1_38' title="bbox 84 2254 729 2301; baseline 0.008 -15"><span class='ocrx_word' id='word_1_269' title='bbox 84 2254 250 2296; x_wconf 87' lang='lat' dir='ltr'>loquendi</span> <span class='ocrx_word' id='word_1_270' title='bbox 279 2266 362 2288; x_wconf 86' lang='lat' dir='ltr'>usus</span> <span class='ocrx_word' id='word_1_271' title='bbox 393 2260 444 2288; x_wconf 84' lang='lat' dir='ltr'>cst</span> <span class='ocrx_word' id='word_1_272' title='bbox 472 2256 552 2298; x_wconf 92' lang='lat' dir='ltr'>ille,</span> <span class='ocrx_word' id='word_1_273' title='bbox 587 2269 629 2290; x_wconf 88' lang='lat' dir='ltr'>ex</span> <span class='ocrx_word' id='word_1_274' title='bbox 662 2269 729 2301; x_wconf 90' lang='lat' dir='ltr'>quo</span> 
     </span>
     <span class='ocr_line' id='line_1_39' title="bbox 84 2300 730 2343; baseline 0.008 -12"><span class='ocrx_word' id='word_1_275' title='bbox 84 2300 303 2342; x_wconf 81' lang='lat' dir='ltr'>participium</span> <span class='ocrx_word' id='word_1_276' title='bbox 342 2311 412 2333; x_wconf 91' lang='lat' dir='ltr'>non</span> <span class='ocrx_word' id='word_1_277' title='bbox 450 2301 624 2343; x_wconf 87' lang='lat' dir='ltr'>subiecto,</span> <span class='ocrx_word' id='word_1_278' title='bbox 670 2303 730 2336; x_wconf 85' lang='lat' dir='ltr'>sed</span> 
     </span>
    </p>
   </div>
   <div class='ocr_carea' id='block_1_11' title="bbox 85 2345 729 2434">
    <p class='ocr_par' dir='ltr' id='par_1_11' title="bbox 85 2345 729 2434">
     <span class='ocr_line' id='line_1_40' title="bbox 85 2345 729 2391; baseline 0.006 -14"><span class='ocrx_word' id='word_1_279' title='bbox 85 2345 281 2388; x_wconf 81' lang='lat' dir='ltr'>praedicato</span> <span class='ocrx_word' id='word_1_280' title='bbox 296 2347 586 2390; x_wconf 80' lang='lat' dir='ltr'>accommodatur,</span> <span class='ocrx_word' id='word_1_281' title='bbox 605 2348 646 2381; x_wconf 91' lang='lat' dir='ltr'>de</span> <span class='ocrx_word' id='word_1_282' title='bbox 661 2359 729 2391; x_wconf 89' lang='lat' dir='ltr'>quo</span> 
     </span>
     <span class='ocr_line' id='line_1_41' title="bbox 85 2390 550 2434; baseline 0.004 -11"><span class='ocrx_word' id='word_1_283' title='bbox 85 2401 117 2423; x_wconf 78' lang='lat' dir='ltr'>v·</span> <span class='ocrx_word' id='word_1_284' title='bbox 142 2390 186 2423; x_wconf 77' lang='lat' dir='ltr'>ad</span> <span class='ocrx_word' id='word_1_285' title='bbox 210 2391 348 2424; x_wconf 88' lang='lat' dir='ltr'>Menon.</span> <span class='ocrx_word' id='word_1_286' title='bbox 376 2402 409 2434; x_wconf 93' lang='lat' dir='ltr'>p.</span> <span class='ocrx_word' id='word_1_287' title='bbox 433 2391 486 2425; x_wconf 82' lang='lat'>79.</span> <span class='ocrx_word' id='word_1_288' title='bbox 509 2393 550 2425; x_wconf 83' lang='lat' dir='ltr'>E.</span> 
     </span>
    </p>
   </div>
   <div class='ocr_carea' id='block_1_12' title="bbox 86 2456 731 2685">
    <p class='ocr_par' dir='ltr' id='par_1_12' title="bbox 86 2456 731 2682">
     <span class='ocr_line' id='line_1_42' title="bbox 133 2456 730 2503; baseline 0.007 -13"><span class='ocrx_word' id='word_1_289' title='bbox 133 2458 170 2489; x_wconf 91' lang='lat' dir='ltr'>P.</span> <span class='ocrx_word' id='word_1_290' title='bbox 202 2457 279 2493; x_wconf 84' lang='lat'>461.</span> <span class='ocrx_word' id='word_1_291' title='bbox 328 2456 375 2491; x_wconf 84' lang='grc' dir='ltr'>ού</span> <span class='ocrx_word' id='word_1_292' title='bbox 424 2458 638 2503; x_wconf 79' lang='grc' dir='ltr'><em>συνᾴδειν</em></span> <span class='ocrx_word' id='word_1_293' title='bbox 685 2459 730 2494; x_wconf 85' lang='grc' dir='ltr'><em>τὰ</em></span> 
     </span>
     <span class='ocr_line' id='line_1_43' title="bbox 87 2501 730 2546; baseline 0.008 -12"><span class='ocrx_word' id='word_1_294' title='bbox 87 2501 188 2546; x_wconf 85' lang='grc' dir='ltr'><em>λεγ.]</em></span> <span class='ocrx_word' id='word_1_295' title='bbox 223 2514 305 2535; x_wconf 90' lang='lat' dir='ltr'>non</span> <span class='ocrx_word' id='word_1_296' title='bbox 336 2505 588 2538; x_wconf 88' lang='lat' dir='ltr'>consentire</span> <span class='ocrx_word' id='word_1_297' title='bbox 612 2507 730 2539; x_wconf 85' lang='lat' dir='ltr'>inter</span> 
     </span>
     <span class='ocr_line' id='line_1_44' title="bbox 87 2550 730 2590; baseline 0.006 -10"><span class='ocrx_word' id='word_1_298' title='bbox 87 2558 131 2580; x_wconf 85' lang='lat' dir='ltr'>se</span> <span class='ocrx_word' id='word_1_299' title='bbox 170 2558 278 2590; x_wconf 84' lang='lat' dir='ltr'>quae</span> <span class='ocrx_word' id='word_1_300' title='bbox 314 2560 334 2581; x_wconf 83' lang='lat' dir='ltr'>a</span> <span class='ocrx_word' id='word_1_301' title='bbox 374 2553 416 2583; x_wconf 90' lang='lat' dir='ltr'>te</span> <span class='ocrx_word' id='word_1_302' title='bbox 457 2550 730 2584; x_wconf 77' lang='lat' dir='ltr'>dicerentur.</span> 
     </span>
     <span class='ocr_line' id='line_1_45' title="bbox 86 2589 731 2650; baseline 0.008 -26"><span class='ocrx_word' id='word_1_303' title='bbox 86 2593 260 2626; x_wconf 80' lang='lat' dir='ltr'>Phaedon.</span> <span class='ocrx_word' id='word_1_304' title='bbox 276 2605 308 2650; x_wconf 85' lang='lat' dir='ltr'>p.</span> <span class='ocrx_word' id='word_1_305' title='bbox 323 2593 376 2627; x_wconf 84' lang='lat'>92.</span> <span class='ocrx_word' id='word_1_306' title='bbox 396 2594 441 2627; x_wconf 92' lang='lat' dir='ltr'>C.</span> <span class='ocrx_word' id='word_1_307' title='bbox 467 2590 568 2630; x_wconf 78' lang='grc' dir='ltr'><em>οὗτος</em></span> <span class='ocrx_word' id='word_1_308' title='bbox 592 2589 660 2629; x_wconf 79' lang='grc' dir='ltr'><em>οὖν</em></span> <span class='ocrx_word' id='word_1_309' title='bbox 677 2607 731 2630; x_wconf 88' lang='grc' dir='ltr'>σοι</span> 
     </span>
     <span class='ocr_line' id='line_1_46' title="bbox 87 2635 730 2685; baseline 0.008 -15"><span class='ocrx_word' id='word_1_310' title='bbox 87 2635 105 2670; x_wconf 87' lang='grc' dir='ltr'>ὁ</span> <span class='ocrx_word' id='word_1_311' title='bbox 138 2636 238 2682; x_wconf 77' lang='grc' dir='ltr'><em>λόγος</em></span> <span class='ocrx_word' id='word_1_312' title='bbox 270 2638 394 2683; x_wconf 80' lang='grc' dir='ltr'><em>ἐκείνῳ</em></span> <span class='ocrx_word' id='word_1_313' title='bbox 423 2644 494 2675; x_wconf 75' lang='grc' dir='ltr'>πῶς</span> <span class='ocrx_word' id='word_1_314' title='bbox 526 2639 730 2685; x_wconf 81' lang='grc' dir='ltr'><em>ξυνᾴσεται;</em></span> 
     </span>
    </p>
   </div>
   <div class='ocr_carea' id='block_1_13' title="bbox 131 2702 727 2754">
    <p class='ocr_par' dir='ltr' id='par_1_13' title="bbox 131 2702 727 2754">
     <span class='ocr_line' id='line_1_47' title="bbox 131 2702 727 2754; baseline 0.009 -17"><span class='ocrx_word' id='word_1_315' title='bbox 131 2702 194 2738; x_wconf 81' lang='grc' dir='ltr'>ὅτι</span> <span class='ocrx_word' id='word_1_316' title='bbox 218 2725 260 2731; x_wconf 90' lang='grc'><strong>-</strong></span> <span class='ocrx_word' id='word_1_317' title='bbox 284 2704 408 2748; x_wconf 81' lang='grc' dir='ltr'><em>ἄξιον</em></span> <span class='ocrx_word' id='word_1_318' title='bbox 440 2709 509 2751; x_wconf 74' lang='grc' dir='ltr'><em>εἴη</em></span> <span class='ocrx_word' id='word_1_319' title='bbox 535 2708 727 2754; x_wconf 83' lang='grc' dir='ltr'><em>διαλέγε-</em></span> 
     </span>
    </p>
   </div>
   <div class='ocr_carea' id='block_1_14' title="bbox 599 1314 1062 1355">
    <p class='ocr_par' dir='ltr' id='par_1_14' title="bbox 599 1314 1062 1355">
     <span class='ocr_line' id='line_1_48' title="bbox 599 1314 1062 1355; baseline 0.002 -6"><span class='ocrx_word' id='word_1_320' title='bbox 599 1314 661 1355; x_wconf 83' lang='grc' dir='ltr'>ὔο;</span> <span class='ocrx_word' id='word_1_321' title='bbox 686 1321 726 1348; x_wconf 91' lang='lat' dir='ltr'>ut</span> <span class='ocrx_word' id='word_1_322' title='bbox 748 1321 800 1350; x_wconf 84' lang='lat' dir='ltr'>est</span> <span class='ocrx_word' id='word_1_323' title='bbox 823 1317 859 1348; x_wconf 89' lang='lat' dir='ltr'>in</span> <span class='ocrx_word' id='word_1_324' title='bbox 885 1318 962 1350; x_wconf 83' lang='lat' dir='ltr'>Par.</span> <span class='ocrx_word' id='word_1_325' title='bbox 986 1318 1062 1350; x_wconf 88' lang='lat' dir='ltr'>EF.</span> 
     </span>
    </p>
   </div>
   <div class='ocr_carea' id='block_1_15' title="bbox 797 1470 1466 2754">
    <p class='ocr_par' dir='ltr' id='par_1_15' title="bbox 797 1470 1466 2754">
     <span class='ocr_line' id='line_1_49' title="bbox 801 1470 1445 1528; baseline 0.005 -11"><span class='ocrx_word' id='word_1_326' title='bbox 801 1486 928 1528; x_wconf 80' lang='grc' dir='ltr'><em>σθαι]</em></span> <span class='ocrx_word' id='word_1_327' title='bbox 969 1470 1121 1519; x_wconf 65' lang='lat' dir='ltr'>Mireris&#39;</span> <span class='ocrx_word' id='word_1_328' title='bbox 1142 1486 1197 1519; x_wconf 89' lang='lat' dir='ltr'>hic</span> <span class='ocrx_word' id='word_1_329' title='bbox 1234 1487 1445 1521; x_wconf 87' lang='lat' dir='ltr'>Heindor-</span> 
     </span>
     <span class='ocr_line' id='line_1_50' title="bbox 798 1528 1446 1574; baseline 0.005 -12"><span class='ocrx_word' id='word_1_330' title='bbox 798 1531 908 1563; x_wconf 85' lang='lat' dir='ltr'>fium</span> <span class='ocrx_word' id='word_1_331' title='bbox 943 1528 988 1563; x_wconf 84' lang='grc' dir='ltr'><em>ἂν</em></span> <span class='ocrx_word' id='word_1_332' title='bbox 1021 1531 1281 1565; x_wconf 81' lang='lat' dir='ltr'>desiderantem.</span> <span class='ocrx_word' id='word_1_333' title='bbox 1329 1533 1446 1574; x_wconf 84' lang='lat' dir='ltr'>Quum</span> 
     </span>
     <span class='ocr_line' id='line_1_51' title="bbox 799 1577 1445 1621; baseline 0.003 -12"><span class='ocrx_word' id='word_1_334' title='bbox 799 1577 890 1609; x_wconf 87' lang='lat' dir='ltr'>enim</span> <span class='ocrx_word' id='word_1_335' title='bbox 925 1577 1034 1610; x_wconf 83' lang='lat' dir='ltr'>oratio</span> <span class='ocrx_word' id='word_1_336' title='bbox 1068 1577 1210 1620; x_wconf 84' lang='lat' dir='ltr'>obliqua</span> <span class='ocrx_word' id='word_1_337' title='bbox 1241 1579 1300 1619; x_wconf 87' lang='lat' dir='ltr'>sit,</span> <span class='ocrx_word' id='word_1_338' title='bbox 1342 1582 1445 1621; x_wconf 77' lang='lat' dir='ltr'>atque</span> 
     </span>
     <span class='ocr_line' id='line_1_52' title="bbox 798 1622 1445 1665; baseline 0.003 -11"><span class='ocrx_word' id='word_1_339' title='bbox 798 1622 958 1654; x_wconf 80' lang='lat' dir='ltr'>Socrates</span> <span class='ocrx_word' id='word_1_340' title='bbox 981 1633 1033 1663; x_wconf 85' lang='lat' dir='ltr'>ea,</span> <span class='ocrx_word' id='word_1_341' title='bbox 1061 1633 1150 1665; x_wconf 85' lang='lat' dir='ltr'>quae</span> <span class='ocrx_word' id='word_1_342' title='bbox 1174 1628 1276 1657; x_wconf 79' lang='lat' dir='ltr'>antea</span> <span class='ocrx_word' id='word_1_343' title='bbox 1299 1623 1445 1664; x_wconf 80' lang='lat' dir='ltr'>dixerat,</span> 
     </span>
     <span class='ocr_line' id='line_1_53' title="bbox 797 1669 1446 1712; baseline 0.003 -12"><span class='ocrx_word' id='word_1_344' title='bbox 797 1672 972 1710; x_wconf 75' lang='lat' dir='ltr'>tamquam</span> <span class='ocrx_word' id='word_1_345' title='bbox 995 1679 1038 1700; x_wconf 87' lang='lat' dir='ltr'>ex</span> <span class='ocrx_word' id='word_1_346' title='bbox 1063 1669 1152 1701; x_wconf 82' lang='lat' dir='ltr'>alius</span> <span class='ocrx_word' id='word_1_347' title='bbox 1177 1673 1290 1702; x_wconf 88' lang='lat' dir='ltr'>mente</span> <span class='ocrx_word' id='word_1_348' title='bbox 1315 1674 1350 1702; x_wconf 88' lang='lat' dir='ltr'>et</span> <span class='ocrx_word' id='word_1_349' title='bbox 1371 1680 1446 1712; x_wconf 88' lang='lat' dir='ltr'>per-</span> 
     </span>
     <span class='ocr_line' id='line_1_54' title="bbox 798 1714 1446 1757; baseline 0.003 -12"><span class='ocrx_word' id='word_1_350' title='bbox 798 1724 884 1746; x_wconf 77' lang='lat' dir='ltr'>sona</span> <span class='ocrx_word' id='word_1_351' title='bbox 920 1714 1062 1754; x_wconf 82' lang='lat' dir='ltr'>referat,</span> <span class='ocrx_word' id='word_1_352' title='bbox 1102 1724 1196 1747; x_wconf 91' lang='lat' dir='ltr'>nunc</span> <span class='ocrx_word' id='word_1_353' title='bbox 1232 1725 1276 1747; x_wconf 89' lang='lat' dir='ltr'>ne</span> <span class='ocrx_word' id='word_1_354' title='bbox 1311 1718 1446 1757; x_wconf 86' lang='lat' dir='ltr'>poterat</span> 
     </span>
     <span class='ocr_line' id='line_1_55' title="bbox 798 1756 1445 1800; baseline 0.003 -10"><span class='ocrx_word' id='word_1_355' title='bbox 798 1758 936 1800; x_wconf 87' lang='lat' dir='ltr'>quidem</span> <span class='ocrx_word' id='word_1_356' title='bbox 960 1756 1006 1790; x_wconf 79' lang='grc' dir='ltr'><em>ἂν</em></span> <span class='ocrx_word' id='word_1_357' title='bbox 1029 1759 1165 1800; x_wconf 83' lang='lat' dir='ltr'>inferri,</span> <span class='ocrx_word' id='word_1_358' title='bbox 1197 1761 1265 1792; x_wconf 86' lang='lat' dir='ltr'>nisi</span> <span class='ocrx_word' id='word_1_359' title='bbox 1289 1761 1445 1793; x_wconf 84' lang='lat' dir='ltr'>oratione</span> 
     </span>
     <span class='ocr_line' id='line_1_56' title="bbox 802 1801 1445 1838; baseline 0.003 -2"><span class='ocrx_word' id='word_1_360' title='bbox 802 1801 1016 1838; x_wconf 69' lang='grc' dir='ltr'><em>ὑποθετικῶς</em></span> <span class='ocrx_word' id='word_1_361' title='bbox 1045 1806 1268 1838; x_wconf 81' lang='lat' dir='ltr'>conformata.</span> <span class='ocrx_word' id='word_1_362' title='bbox 1314 1806 1445 1838; x_wconf 83' lang='lat' dir='ltr'>Eadem</span> 
     </span>
     <span class='ocr_line' id='line_1_57' title="bbox 798 1849 1446 1894; baseline 0.005 -14"><span class='ocrx_word' id='word_1_363' title='bbox 798 1850 885 1881; x_wconf 80' lang='lat' dir='ltr'>ratio</span> <span class='ocrx_word' id='word_1_364' title='bbox 918 1854 969 1882; x_wconf 85' lang='lat' dir='ltr'>est</span> <span class='ocrx_word' id='word_1_365' title='bbox 998 1861 1030 1892; x_wconf 87' lang='lat' dir='ltr'>p.</span> <span class='ocrx_word' id='word_1_366' title='bbox 1055 1849 1132 1883; x_wconf 83' lang='lat'>512.</span> <span class='ocrx_word' id='word_1_367' title='bbox 1157 1851 1199 1883; x_wconf 89' lang='lat' dir='ltr'>A.</span> <span class='ocrx_word' id='word_1_368' title='bbox 1230 1850 1446 1894; x_wconf 81' lang='lat' dir='ltr'>aliorumque</span> 
     </span>
     <span class='ocr_line' id='line_1_58' title="bbox 798 1895 1446 1938; baseline 0.005 -12"><span class='ocrx_word' id='word_1_369' title='bbox 798 1895 972 1936; x_wconf 89' lang='lat' dir='ltr'>locorum,</span> <span class='ocrx_word' id='word_1_370' title='bbox 1019 1906 1105 1937; x_wconf 85' lang='lat' dir='ltr'>quos</span> <span class='ocrx_word' id='word_1_371' title='bbox 1151 1898 1364 1938; x_wconf 81' lang='lat' dir='ltr'>comparavit</span> <span class='ocrx_word' id='word_1_372' title='bbox 1403 1897 1446 1929; x_wconf 83' lang='lat' dir='ltr'>ad</span> 
     </span>
     <span class='ocr_line' id='line_1_59' title="bbox 798 1940 1446 1975; baseline 0.005 -3"><span class='ocrx_word' id='word_1_373' title='bbox 798 1940 892 1972; x_wconf 83' lang='lat' dir='ltr'>hune</span> <span class='ocrx_word' id='word_1_374' title='bbox 938 1940 1052 1973; x_wconf 86' lang='lat' dir='ltr'>locum</span> <span class='ocrx_word' id='word_1_375' title='bbox 1091 1942 1145 1973; x_wconf 93' lang='lat' dir='ltr'>vir</span> <span class='ocrx_word' id='word_1_376' title='bbox 1187 1941 1446 1975; x_wconf 81' lang='lat' dir='ltr'>subtilissimus.</span> 
     </span>
     <span class='ocr_line' id='line_1_60' title="bbox 799 1985 1445 2030; baseline 0.003 -12"><span class='ocrx_word' id='word_1_377' title='bbox 799 1985 892 2026; x_wconf 80' lang='lat' dir='ltr'>Alia,</span> <span class='ocrx_word' id='word_1_378' title='bbox 916 1996 1005 2027; x_wconf 82' lang='lat' dir='ltr'>quae</span> <span class='ocrx_word' id='word_1_379' title='bbox 1029 1986 1182 2029; x_wconf 83' lang='lat' dir='ltr'>collegit,</span> <span class='ocrx_word' id='word_1_380' title='bbox 1210 1988 1374 2030; x_wconf 84' lang='lat' dir='ltr'>quoniam</span> <span class='ocrx_word' id='word_1_381' title='bbox 1398 1988 1445 2020; x_wconf 85' lang='lat' dir='ltr'>di-</span> 
     </span>
     <span class='ocr_line' id='line_1_61' title="bbox 799 2032 1466 2076; baseline 0.006 -14"><span class='ocrx_word' id='word_1_382' title='bbox 799 2032 890 2063; x_wconf 88' lang='lat' dir='ltr'>versi</span> <span class='ocrx_word' id='word_1_383' title='bbox 914 2036 995 2063; x_wconf 87' lang='lat' dir='ltr'>sunt</span> <span class='ocrx_word' id='word_1_384' title='bbox 1016 2033 1172 2074; x_wconf 84' lang='lat' dir='ltr'>generis,</span> <span class='ocrx_word' id='word_1_385' title='bbox 1208 2044 1279 2065; x_wconf 86' lang='lat' dir='ltr'>non</span> <span class='ocrx_word' id='word_1_386' title='bbox 1303 2037 1466 2076; x_wconf 83' lang='lat' dir='ltr'>possunt.</span> 
     </span>
     <span class='ocr_line' id='line_1_62' title="bbox 799 2076 1447 2112; baseline 0.005 -4"><span class='ocrx_word' id='word_1_387' title='bbox 799 2076 867 2109; x_wconf 92' lang='lat' dir='ltr'>huc</span> <span class='ocrx_word' id='word_1_388' title='bbox 898 2077 1063 2110; x_wconf 83' lang='lat' dir='ltr'>revocari.</span> <span class='ocrx_word' id='word_1_389' title='bbox 1093 2096 1137 2102; x_wconf 93' lang='lat'>—</span> <span class='ocrx_word' id='word_1_390' title='bbox 1173 2079 1372 2112; x_wconf 79' lang='lat' dir='ltr'>Formulam</span> <span class='ocrx_word' id='word_1_391' title='bbox 1395 2079 1447 2111; x_wconf 91' lang='lat' dir='ltr'>iu-</span> 
     </span>
     <span class='ocr_line' id='line_1_63' title="bbox 799 2120 1445 2166; baseline 0.005 -12"><span class='ocrx_word' id='word_1_392' title='bbox 799 2122 897 2154; x_wconf 81' lang='lat' dir='ltr'>randi</span> <span class='ocrx_word' id='word_1_393' title='bbox 922 2121 964 2165; x_wconf 87' lang='grc' dir='ltr'><em>νὴ</em></span> <span class='ocrx_word' id='word_1_394' title='bbox 989 2120 1048 2155; x_wconf 78' lang='grc' dir='ltr'>τὸν</span> <span class='ocrx_word' id='word_1_395' title='bbox 1071 2121 1167 2162; x_wconf 78' lang='grc' dir='ltr'><em>κύνα,</em></span> <span class='ocrx_word' id='word_1_396' title='bbox 1195 2135 1264 2166; x_wconf 81' lang='lat' dir='ltr'>qua</span> <span class='ocrx_word' id='word_1_397' title='bbox 1289 2125 1445 2157; x_wconf 83' lang='lat' dir='ltr'>Socrates</span> 
     </span>
     <span class='ocr_line' id='line_1_64' title="bbox 799 2167 1444 2213; baseline 0.005 -14"><span class='ocrx_word' id='word_1_398' title='bbox 799 2167 974 2208; x_wconf 82' lang='lat' dir='ltr'>utebatur,</span> <span class='ocrx_word' id='word_1_399' title='bbox 1011 2169 1189 2211; x_wconf 81' lang='lat' dir='ltr'>attigimus</span> <span class='ocrx_word' id='word_1_400' title='bbox 1221 2169 1265 2202; x_wconf 85' lang='lat' dir='ltr'>ad</span> <span class='ocrx_word' id='word_1_401' title='bbox 1299 2170 1444 2213; x_wconf 86' lang='lat' dir='ltr'>Apolog.</span> 
     </span>
     <span class='ocr_line' id='line_1_65' title="bbox 799 2213 1446 2258; baseline 0.003 -13"><span class='ocrx_word' id='word_1_402' title='bbox 799 2213 930 2245; x_wconf 75' lang='lat' dir='ltr'>Socrat.</span> <span class='ocrx_word' id='word_1_403' title='bbox 947 2224 974 2245; x_wconf 89' lang='lat' dir='ltr'>c.</span> <span class='ocrx_word' id='word_1_404' title='bbox 991 2214 1068 2246; x_wconf 92' lang='lat' dir='ltr'>VII.</span> <span class='ocrx_word' id='word_1_405' title='bbox 1093 2215 1183 2247; x_wconf 87' lang='lat' dir='ltr'>conf.</span> <span class='ocrx_word' id='word_1_406' title='bbox 1212 2216 1264 2247; x_wconf 90' lang='lat' dir='ltr'>De</span> <span class='ocrx_word' id='word_1_407' title='bbox 1283 2216 1367 2258; x_wconf 88' lang='lat' dir='ltr'>Rep.</span> <span class='ocrx_word' id='word_1_408' title='bbox 1383 2216 1446 2247; x_wconf 90' lang='lat'>111.</span> 
     </span>
     <span class='ocr_line' id='line_1_66' title="bbox 799 2256 1443 2301; baseline 0.002 -11"><span class='ocrx_word' id='word_1_409' title='bbox 799 2268 829 2300; x_wconf 90' lang='lat' dir='ltr'>p.</span> <span class='ocrx_word' id='word_1_410' title='bbox 844 2256 920 2291; x_wconf 83' lang='lat'>399.</span> <span class='ocrx_word' id='word_1_411' title='bbox 936 2259 974 2293; x_wconf 87' lang='grc' dir='ltr'><strong>Ε.</strong></span> <span class='ocrx_word' id='word_1_412' title='bbox 999 2260 1082 2301; x_wconf 88' lang='lat' dir='ltr'>Lys.</span> <span class='ocrx_word' id='word_1_413' title='bbox 1099 2270 1130 2301; x_wconf 93' lang='lat' dir='ltr'>p.</span> <span class='ocrx_word' id='word_1_414' title='bbox 1143 2258 1275 2292; x_wconf 88' lang='lat' dir='ltr'>2ll.E.</span> <span class='ocrx_word' id='word_1_415' title='bbox 1300 2260 1443 2293; x_wconf 80' lang='lat' dir='ltr'>Phaedr.</span> 
     </span>
     <span class='ocr_line' id='line_1_67' title="bbox 798 2302 1442 2349; baseline 0.008 -14"><span class='ocrx_word' id='word_1_416' title='bbox 798 2314 831 2346; x_wconf 93' lang='lat' dir='ltr'>p.</span> <span class='ocrx_word' id='word_1_417' title='bbox 853 2302 930 2337; x_wconf 87' lang='lat'>228.</span> <span class='ocrx_word' id='word_1_418' title='bbox 956 2305 994 2337; x_wconf 90' lang='grc' dir='ltr'><strong>Β.</strong></span> <span class='ocrx_word' id='word_1_419' title='bbox 1019 2304 1063 2336; x_wconf 80' lang='lat' dir='ltr'>al.</span> <span class='ocrx_word' id='word_1_420' title='bbox 1098 2324 1138 2329; x_wconf 89' lang='lat'>—</span> <span class='ocrx_word' id='word_1_421' title='bbox 1178 2303 1256 2338; x_wconf 85' lang='grc' dir='ltr'>ούκ</span> <span class='ocrx_word' id='word_1_422' title='bbox 1291 2303 1442 2349; x_wconf 74' lang='grc' dir='ltr'><em>ὀλίγης</em></span> 
     </span>
     <span class='ocr_line' id='line_1_68' title="bbox 802 2349 1444 2394; baseline 0.006 -14"><span class='ocrx_word' id='word_1_423' title='bbox 802 2351 1055 2384; x_wconf 72' lang='grc' dir='ltr'><em>συνουσίας</em></span> <span class='ocrx_word' id='word_1_424' title='bbox 1082 2349 1223 2389; x_wconf 82' lang='grc' dir='ltr'><em>ἐστίν,</em></span> <span class='ocrx_word' id='word_1_425' title='bbox 1248 2361 1332 2383; x_wconf 90' lang='lat' dir='ltr'>non</span> <span class='ocrx_word' id='word_1_426' title='bbox 1355 2362 1444 2394; x_wconf 78' lang='lat' dir='ltr'>par-</span> 
     </span>
     <span class='ocr_line' id='line_1_69' title="bbox 798 2396 1443 2438; baseline 0.005 -13"><span class='ocrx_word' id='word_1_427' title='bbox 798 2405 895 2426; x_wconf 90' lang='lat' dir='ltr'>vum</span> <span class='ocrx_word' id='word_1_428' title='bbox 914 2405 930 2426; x_wconf 89' lang='lat' dir='ltr'>r</span> <span class='ocrx_word' id='word_1_429' title='bbox 939 2396 1109 2437; x_wconf 84' lang='lat' dir='ltr'>equirit</span> <span class='ocrx_word' id='word_1_430' title='bbox 1124 2400 1256 2438; x_wconf 79' lang='lat' dir='ltr'>atque</span> <span class='ocrx_word' id='word_1_431' title='bbox 1271 2397 1443 2430; x_wconf 86' lang='lat' dir='ltr'>brevem</span> 
     </span>
     <span class='ocr_line' id='line_1_70' title="bbox 799 2440 1443 2484; baseline 0.008 -13"><span class='ocrx_word' id='word_1_432' title='bbox 799 2450 1059 2472; x_wconf 86' lang='lat' dir='ltr'>sermonem.</span> <span class='ocrx_word' id='word_1_433' title='bbox 1104 2441 1215 2483; x_wconf 67' lang='lat' dir='ltr'>Supna</span> <span class='ocrx_word' id='word_1_434' title='bbox 1237 2452 1268 2484; x_wconf 91' lang='lat' dir='ltr'>p.</span> <span class='ocrx_word' id='word_1_435' title='bbox 1294 2440 1372 2475; x_wconf 78' lang='lat'>457.</span> <span class='ocrx_word' id='word_1_436' title='bbox 1397 2442 1443 2475; x_wconf 84' lang='lat' dir='ltr'>G:</span> 
     </span>
     <span class='ocr_line' id='line_1_71' title="bbox 800 2483 1443 2540; baseline 0.003 -24"><span class='ocrx_word' id='word_1_437' title='bbox 800 2483 1037 2525; x_wconf 79' lang='grc' dir='ltr'><em>διορισάμενοι</em></span> <span class='ocrx_word' id='word_1_438' title='bbox 1070 2484 1159 2540; x_wconf 66' lang='grc' dir='ltr'>πρρς</span> <span class='ocrx_word' id='word_1_439' title='bbox 1190 2484 1356 2530; x_wconf 68' lang='grc' dir='ltr'><em>ἀλλήλους</em></span> <span class='ocrx_word' id='word_1_440' title='bbox 1387 2487 1443 2520; x_wconf 81' lang='grc' dir='ltr'><em>καὶ</em></span> 
     </span>
     <span class='ocr_line' id='line_1_72' title="bbox 799 2528 1445 2569; baseline 0.008 -8.023"><span class='ocrx_word' id='word_1_441' title='bbox 799 2528 975 2569; x_wconf 71' lang='grc' dir='ltr'><em>μαθόντες</em></span> <span class='ocrx_word' id='word_1_442' title='bbox 993 2550 1034 2555; x_wconf 90' lang='grc'>-</span> <span class='ocrx_word' id='word_1_443' title='bbox 1050 2529 1140 2564; x_wconf 83' lang='grc' dir='ltr'><em>οὕτω</em></span> <span class='ocrx_word' id='word_1_444' title='bbox 1157 2531 1363 2566; x_wconf 76' lang='grc' dir='ltr'><em>διαλύεσθαι</em></span> <span class='ocrx_word' id='word_1_445' title='bbox 1388 2531 1445 2567; x_wconf 73' lang='grc' dir='ltr'><em>τὰς</em></span> 
     </span>
     <span class='ocr_line' id='line_1_73' title="bbox 801 2577 1446 2619; baseline 0.005 -12"><span class='ocrx_word' id='word_1_446' title='bbox 801 2578 1004 2610; x_wconf 76' lang='grc' dir='ltr'><em>συνουσίας.</em></span> <span class='ocrx_word' id='word_1_447' title='bbox 1037 2577 1151 2619; x_wconf 87' lang='lat' dir='ltr'>Atque</span> <span class='ocrx_word' id='word_1_448' title='bbox 1167 2578 1217 2610; x_wconf 83' lang='lat' dir='ltr'>ita</span> <span class='ocrx_word' id='word_1_449' title='bbox 1231 2579 1336 2611; x_wconf 84' lang='lat' dir='ltr'>etiam</span> <span class='ocrx_word' id='word_1_450' title='bbox 1361 2577 1446 2611; x_wconf 90' lang='lat' dir='ltr'>alibi</span> 
     </span>
     <span class='ocr_line' id='line_1_74' title="bbox 799 2620 1446 2656; baseline 0.006 -4"><span class='ocrx_word' id='word_1_451' title='bbox 799 2620 924 2653; x_wconf 84' lang='lat' dir='ltr'>dicitur</span> <span class='ocrx_word' id='word_1_452' title='bbox 949 2624 1120 2654; x_wconf 85' lang='grc' dir='ltr'><em>συνουσια</em></span> <span class='ocrx_word' id='word_1_453' title='bbox 1152 2628 1186 2656; x_wconf 86' lang='lat' dir='ltr'>et</span> <span class='ocrx_word' id='word_1_454' title='bbox 1214 2628 1374 2656; x_wconf 81' lang='grc' dir='ltr'><em>συνεῖναι</em></span> <span class='ocrx_word' id='word_1_455' title='bbox 1405 2623 1446 2655; x_wconf 89' lang='lat' dir='ltr'>de</span> 
     </span>
     <span class='ocr_line' id='line_1_75' title="bbox 798 2666 1448 2712; baseline 0.003 -14"><span class='ocrx_word' id='word_1_456' title='bbox 798 2666 963 2699; x_wconf 84' lang='lat' dir='ltr'>familiari</span> <span class='ocrx_word' id='word_1_457' title='bbox 1002 2677 1191 2712; x_wconf 84' lang='lat' dir='ltr'>congressu</span> <span class='ocrx_word' id='word_1_458' title='bbox 1231 2675 1334 2711; x_wconf 80' lang='lat' dir='ltr'>atque</span> <span class='ocrx_word' id='word_1_459' title='bbox 1377 2668 1448 2701; x_wconf 90' lang='lat' dir='ltr'>col</span> 
     </span>
     <span class='ocr_line' id='line_1_76' title="bbox 799 2711 926 2754; baseline 0.009 -11"><span class='ocrx_word' id='word_1_460' title='bbox 799 2711 926 2754; x_wconf 88' lang='lat' dir='ltr'>loquio.</span> 
     </span>
    </p>
   </div>
  </div>
 </body>
</html>
