1748 2944
1410 207 1489 243 215

442 209 686 249 GORGIAS.
716 210 760 247 P.
792 208 885 247 487.
917 212 1010 246 488.
1040 208 1100 246 ed.
1131 207 1188 246 St.

145 320 226 374 γὰρ
249 319 288 361 εἴ
305 335 344 361 τι
365 320 423 374 μὴ
452 319 595 372 ὀρθῶς
623 318 793 371 πράττω
820 317 928 359 κατὰ
954 315 1032 359 τὸν
1060 317 1159 370 βίον
1184 316 1262 358 τὸν
1289 314 1491 370 ἐμαυτοῦ,

145 382 192 427 εὖ
230 386 318 426 ἰ’σθι
360 391 488 427 τοῦτο
526 383 590 425 ὅτι
631 384 709 438 οὐχ
736 381 846 426 ἑκὼν
876 382 1171 437 ἐξαμαρτάνω.
1211 378 1296 423 ἀλλ’
1327 380 1493 435 ἀμαθίᾳ

145 458 196 506 τῇ
225 450 316 505 ἐμῇ.
345 450 399 492 σὺ
426 445 520 500 οὗν,
550 446 686 502 ὥςπερ
714 450 827 504 ἤρξω
854 451 1084 490 νουθετεῖν
1110 463 1174 502 με,
1203 445 1261 502 μὴ
1290 447 1492 500 ἀποστῇς,

146 517 234 558 ἀλλ’
262 517 419 564 ἱκανῶς
445 530 518 569 μοι
545 513 745 566 ἔνδειξαι,
783 516 823 556 τί
861 513 946 556 ἐστι
973 518 1116 563 τοῦτο.
1146 514 1169 555 ὃ
1199 511 1494 567 ἐπιτηδευτέον

147 598 242 635 μοι,
281 581 352 623 καὶ
390 581 487 622 τίνα
521 581 683 634 τρόπον
719 581 957 635 κτησαίμην
995 579 1050 621 ἂν
1086 579 1204 621 αὐτό.
1240 578 1312 621 καὶ
1340 576 1416 619 ἐάν
1443 591 1494 631 με

145 648 279 701 λάβῃς
322 652 405 687 νῦν
450 645 529 699 μέν
564 656 632 689 σοι
670 646 1019 701 ὁμολογήσαντα,
1069 643 1115 687 ἐν
1155 644 1200 687 δὲ
1235 648 1293 702 τῷ
1331 642 1494 698 ὑστέρῳ

145 713 286 767 χρόνῳ
313 709 371 766 μὴ
399 716 534 754 ταῦτα
561 713 812 764 πράττοντα,
850 712 957 765 ἅπερ
987 712 1260 766 ὡμολόγησα,
1300 711 1416 752 πάνυ
1444 723 1494 763 με

144 779 256 833 ἡγοῦ
297 779 435 830 βλᾶκα
471 773 580 819 εἶναι
608 777 678 820 καὶ
704 777 850 832 μηκέτι
877 776 978 820 ποτέ
1007 792 1057 832 με
1085 777 1352 830 νουθετήσῃς
1379 775 1494 816 ὕστε-
1524 778 1562 821 Β

147 859 237 895 ρον,
267 843 324 892 ὡς
346 843 527 897 μηδενὸς
548 843 669 894 ἄξιον
690 834 810 885 ὄντα.
841 842 882 894 ἐξ
910 843 1040 898 ἀρχῆς
1067 840 1112 884 δέ
1141 858 1209 896 μοι
1240 840 1495 895 ἐπανάλαβε,

146 912 234 957 πῶς
262 904 348 962 φῂς
374 907 423 950 τὸ
452 909 620 951 δίκαιον
652 907 761 964 ἔχειν
788 909 858 951 καὶ
886 909 940 951 σὺ
967 908 1038 951 καὶ
1067 908 1287 960 Πίνδαρος
1313 908 1360 949 τὸ
1388 906 1496 949 κατὰ

146 975 304 1028 <putum
344 976 464 1027 ἄγειν
502 975 576 1030 βίᾳ
611 974 689 1016 τὸν
716 975 889 1027 κρείττω
916 974 1082 1015 τὰ“τών
1108 974 1300 1028 ἡττόνων
1326 971 1397 1014 καὶ
1424 975 1495 1026 ἄρ-

145 1055 234 1095 χειν
255 1041 332 1081 τὸν
354 1040 504 1093 βελτίω
522 1043 609 1082 τῶν
627 1042 832 1095 χειρόνων
852 1040 924 1082 καὶ
945 1039 1076 1081 πλέον
1099 1037 1206 1094 ἔχειν
1232 1039 1309 1080 τὸν
1337 1039 1496 1093 ἀμείνω

146 1114 223 1148 τοῦ
252 1105 544 1159 φαυλοτέρους
585 1108 642 1161 μή
671 1122 710 1148 τι.
738 1109 840 1148 ἄλλο
869 1104 1001 1160 λέγεις
1028 1106 1076 1146 τὸ
1105 1105 1272 1147 δίκαιον
1300 1101 1431 1154 &Evam
1468 1104 1495 1158 ἢ

146 1171 292 1225 ὀρθῶς
318 1171 555 1225 μέμνημαι;

233 1237 340 1297 Cap.
369 1238 541 1281 XLIII.
603 1239 738 1279 ΚΑΛ.
777 1231 902 1278 Ἀλλὰ
940 1242 1074 1277 ταῦτα
1113 1232 1260 1289 ἔλεγον
1296 1234 1366 1277 καὶ
1403 1235 1497 1276 τότε

148 1375 288 1407 Meerm.
305 1373 395 1406 Vett.
414 1372 509 1405 editt.
525 1371 750 1416 ἐργασαιᾛμην
776 1372 879 1405 vind.
903 1371 934 1406 1.
957 1371 988 1406 6.
1013 1372 1229 1428 aftnuathanv
1263 1373 1355 1405 Dein
1378 1373 1498 1415 optimi

150 1420 357 1461 plurimique
389 1416 453 1451 ἐὰν
483 1418 548 1457 μὲι
572 1417 691 1461 λάβῃς,
715 1418 888 1451 mendose.
925 1418 1041 1451 Clark.
1067 1419 1143 1451 Vat.
1169 1415 1274 1451 ταυτὰ
1297 1416 1498 1459 πράττοντα.

151 1466 234 1497 Mox
258 1464 352 1508 vulg.
376 1462 497 1506 βλάκα,
525 1464 615 1506 quod
638 1464 802 1496 suadente
826 1464 985 1497 Bekkero
1008 1465 1149 1498 mutavi.

217 1533 255 1564 B.
316 1529 357 1564 τὸ
390 1529 489 1564 κατὰ
522 1530 660 1573 φύσιν
668 1531 703 1576 ;]
753 1532 844 1564 Ante
874 1532 1072 1564 Bekkerum
1106 1537 1199 1565 recta
1240 1531 1499 1564 desiderabatur

148 1578 387 1620 interpunctio.

215 1644 284 1677 καὶ
311 1644 443 1677 πλέον
468 1644 608 1689 ἔχειν]
635 1644 733 1678 Libri
750 1646 882 1678 πλεῖον.
913 1644 1021 1678 Iidem
1042 1644 1127 1678 alibi
1150 1645 1255 1677 etiam
1270 1643 1375 1677 πλέον
1399 1645 1497 1687 ἔχειν,

153 1690 243 1733 quod
272 1691 374 1723 unice
404 1701 522 1724 verum
553 1702 628 1724 esse
660 1691 697 1723 in
721 1691 787 1723 hac
811 1691 958 1724 formula
980 1691 1082 1723 docet
1104 1691 1248 1723 verbum
1272 1692 1499 1724 πλεονεκτεῖι.

151 1736 360 1778 Perspicuus
388 1735 454 1768 hac
484 1736 520 1768 in
552 1747 587 1768 re
617 1735 715 1769 locus
747 1739 849 1779 estp
852 1735 960 1769 48.3.
986 1736 1046 1777 C.,
1076 1737 1137 1768 ubi
1160 1736 1256 1769 codd.
1278 1741 1371 1769 recte
1395 1735 1500 1769 πλέον

149 1786 338 1814 servarunt.
370 1781 461 1814 conf.
485 1781 588 1814 etiam
610 1782 664 1814 De
687 1748 849 1825 Republ.p
857 1782 883 1814 Ι.
907 1780 1040 1824 p.3.49
1064 1786 1098 1814 et
1121 1782 1182 1814 IX.
1205 1793 1239 1825 p.
1263 1781 1339 1815 574.
1364 1782 1407 1814 A.
1435 1782 1499 1815 ibi-

148 1837 214 1869 que
238 1830 356 1859 annot.
380 1827 470 1859 infra
493 1838 526 1870 Ρ.
549 1825 627 1861 490.
651 1827 690 1860 C.
713 1828 759 1860 D.
781 1826 858 1860 491
883 1792 928 1861 Dp
1347 1851 1353 1859 .

147 1949 196 1982 ὅτι
219 1960 280 1992 per
303 1960 340 1983 se
363 1950 513 1993 positum
535 1954 637 1992 atque
656 1950 787 1983 mediae
856 1951 1104 1993 perfectum
1128 1961 1243 1992 esse,
1266 1955 1306 1984 ut
1324 1951 1500 1984 Phaedon.

147 1995 295 2028 orationi
331 1992 532 2030 ἀσυνδέιως
569 1996 787 2029 interiectum
854 2007 887 2039 Ρ.
913 1995 968 2029 77.
992 1995 1030 2028 C.
1055 1997 1099 2029 al.

146 2045 317 2084 putamus.
370 2041 530 2074 Ceterum
568 2042 605 2073 in
643 2042 707 2083 ἔχει
737 2042 788 2073 in·
900 2042 938 2074 P.
974 2040 1052 2094 488.
1112 2043 1181 2074 καὶ
1226 2041 1352 2084 μέχρι
1403 2042 1498 2085 τοῦ]

148 2091 200 2120 est
230 2085 377 2119 subiecti
406 2083 490 2119 αὐτὸ
520 2097 546 2118 S.
582 2084 617 2119 τὸ
649 2090 789 2130 πρᾶγμα

148 2131 371 2175 significatio,
402 2132 493 2174 quod
523 2132 682 2167 German.
707 2133 788 2165 dici-

148 2188 241 2210 mus:
292 2189 326 2210 es
367 2177 499 2210 vav-harh
536 2177 617 2212 einh.
670 2189 703 2210 v.
745 2178 788 2210 ad

151 2223 291 2255 Theaet.
314 2234 346 2265 p.
371 2220 447 2255 187.
471 2222 510 2255 C.
534 2222 609 2256 171.
633 2223 674 2256 A.

195 2291 235 2322 E.
278 2287 360 2322 οὔτ’
386 2288 603 2334 αἰσχύνης
628 2302 787 2333 παροι-

153 2346 172 2367 σ
183 2348 192 2368 ι
192 2334 238 2378 ᾳ]
257 2335 362 2367 Recte
376 2338 562 2379 παρουσία,
582 2335 674 2379 quod
686 2347 789 2380 oppo-

150 2382 242 2413 nitur
259 2385 457 2423 antegresso
478 2369 606 2424 ἐνδείᾳ,
631 2382 789 2424 salseque

150 2426 281 2459 indicat
311 2425 452 2459 Callicli
482 2436 616 2459 omnem
649 2429 789 2460 omnino

151 2472 268 2505 deesse
286 2471 530 2504 verecundiam
552 2482 594 2505 ac
615 2473 789 2515 pudorem.

198 2537 316 2572 τέλος
357 2536 437 2582 ἤδη
471 2539 559 2580 ἕξει
591 2543 660 2583 τῆς
697 2538 790 2584 ἀλη-

154 2583 304 2627 θείας]
342 2584 386 2616 Η.
417 2594 446 2616 c.
478 2585 514 2616 si
545 2595 626 2628 ego
657 2589 790 2628 atque

154 2633 198 2661 tu
228 2630 574 2669 consentiamus,
611 2630 655 2663 id
685 2642 790 2664 vero

153 2674 462 2708 documentum
518 2676 606 2708 erit
659 2678 792 2719 perfe-

153 2723 251 2753 ctae
290 2724 331 2753 et
365 2724 695 2755 consummatae
727 2733 792 2754 ve-

153 2765 319 2801 ritatis.
371 2766 461 2800 Nam
493 2765 586 2802 τέλος
621 2766 710 2809 ἔχειν
741 2773 794 2801 est

855 2087 900 2120 H.
924 2098 953 2119 e.
977 2085 1073 2129 μέχρι
1099 2089 1213 2122 τι’.·νος
1248 2099 1294 2121 ne
1320 2087 1398 2129 quis
1422 2099 1500 2121 cum

855 2132 1154 2179 Findeisenio
1179 2132 1275 2176 μέχρι
1291 2130 1336 2168 οὗ
1353 2134 1502 2167 scriben-

850 2178 934 2211 dum
955 2181 1062 2221 putet.

901 2224 1036 2266 βλᾶκα
1066 2235 1104 2256 ει
1097 2219 1206 2268 ναι]
1238 2224 1282 2256 Η.
1308 2236 1337 2258 e.
1369 2225 1502 2258 homi-

855 2280 951 2302 nem
991 2270 1160 2302 fatuum
1192 2273 1234 2302 et
1264 2270 1501 2313 stupidum.

856 2314 1076 2347 Vocabulum
1121 2315 1260 2358 copiose
1313 2316 1503 2349 illustravit

855 2360 1086 2393 Ruhnken.
1122 2360 1166 2392 ad
1199 2361 1287 2393 Tim.
1321 2361 1435 2394 Gloss.
1466 2372 1501 2404 p.

857 2404 902 2439 60
918 2416 988 2448 seq.
1021 2406 1105 2438 Mox
1122 2410 1199 2448 post
1212 2417 1249 2438 το
1267 2403 1351 2439 κατὰ
1377 2405 1499 2448 φύσιν,

857 2462 944 2493 quae
974 2450 1081 2483 verba
1112 2452 1286 2494 pertinent
1318 2452 1363 2485 ad
1387 2450 1422 2484 τό
1450 2452 1500 2485 δί-

860 2508 970 2534 καιον,
996 2496 1113 2528 deerat
1126 2496 1232 2540 vulgo
1256 2498 1501 2541 interpunctio,

859 2552 962 2584 quam
978 2546 1116 2574 auctore
1132 2542 1168 2574 Η
1179 2542 1372 2576 eindorfi
1382 2555 1402 2575 o
1423 2553 1501 2575 cum

858 2588 887 2619 B
897 2587 947 2619 ek
958 2587 982 2618 k
991 2597 1009 2619 e
1019 2598 1036 2619 r
1045 2598 1064 2620 o
1100 2588 1243 2620 restitui.
1299 2589 1389 2621 Nam
1425 2599 1501 2631 pro-

858 2633 953 2664 xima
999 2633 1179 2666 continent
1224 2633 1379 2666 Calliclis
1426 2644 1501 2667 sen-

859 2678 1002 2710 tentiam
1014 2702 1023 2718 ,
1053 2688 1156 2720 quam
1180 2679 1339 2711 Socrates
1369 2680 1502 2722 repetit,

860 2723 1021 2766 deinceps
1040 2723 1083 2756 de
1106 2734 1147 2756 ea
1170 2725 1365 2757 accuratius
1388 2724 1503 2768 dispu-

859 2772 1002 2804 taturus,
1050 2769 1207 2803 Pendent
1231 2772 1347 2803 autem
1369 2770 1457 2804 haec
1481 2782 1502 2804 a
