1702 2924
250 195 267 230 1
276 196 325 230 66
791 194 1045 234 PLATONIS

250 298 478 353 αἴσχιστον·
519 301 565 341 τὸ
602 299 683 354 γὰρ
709 302 939 354 κεφάλαιον
966 303 1108 344 αὐτῶν
1136 301 1247 344 ἐστιν
1274 302 1300 357 ἢ
1327 302 1572 356 γιγνώσκειν

167 362 208 404 D
251 362 278 416 ἢ
306 363 501 416 ἀγνοεῖν,
539 363 646 413 ὅςτις
673 379 712 406 τε
741 365 951 419 εὐδαίμων
977 365 1062 408 ἐστὶ
1088 365 1159 408 καὶ
1186 364 1294 416 ὅςτις
1319 367 1388 421 μή.
1425 368 1573 409 αὐτίκα

246 430 439 480 πρῶτον,
477 429 570 481 περὶ
607 422 660 471 οὗ
695 436 777 471 νῦν
815 429 838 472 ὁ
874 431 999 483 λόγος
1038 429 1142 481 ἐστι’,
1181 431 1235 472 σὺ
1269 431 1366 486 ἡγεῖ
1399 426 1492 473 οἶόν
1529 447 1571 474 τε

250 487 358 532 εἶναι
396 493 606 545 μακάριον
643 494 778 547 ἄνδρα
825 494 1051 537 ἀδικοῦντά
1085 510 1126 537 τε
1164 494 1235 537 καὶ
1275 495 1423 537 ἄδικον
1458 498 1574 546 ὄντα,

249 556 363 608 εἴπερ
386 552 617 611 Ἀρχέλαον
655 559 805 600 ἄδικον
840 558 915 612 μὲν
951 559 1044 614 ἡγεῖ
1081 555 1207 609 εἶναι,
1246 560 1475 614 εὐδαίμονα
1514 561 1570 603 δέ.

249 623 351 662 ἄλλο
390 635 429 662 τι
463 621 520 670 ὡς
547 621 656 663 οὕτω
693 632 771 664 σου
808 623 1053 676 νομίζοντος
1086 625 1376 678 διανοώμεθας
1434 627 1576 667 ΠΩΛ.

255 685 380 726 Πάνυ
409 699 466 739 γε.

336 749 439 808 Cap.
470 750 682 794 XXVIII.
742 753 837 793 ΣΩ.
862 748 969 806 Ἐγὼ
1014 751 1059 794 δέ
1100 768 1207 807 φημι
1252 754 1475 796 ἀδύνατον.
1524 755 1572 796 ’ἐν

249 815 326 870 μὲν
352 816 470 858 τουτὶ
498 817 852 870 άμφιςβητοῦμεν.
882 813 985 858 εἶεν·
1031 817 1190 859 α’δικιόν
1215 816 1259 859 δὲ
1286 816 1338 873 δὴ
1366 819 1573 872 εὐδαίμων

251 878 363 921 ἔσται
399 872 478 933 ἆρ’
519 879 572 921 ἂν
598 881 783 959 τυγχάνῃ
821 881 938 934 δίκης
965 895 1005 922 τε
1044 881 1113 922 καὶ
1147 882 1363 935 τιμωρίας;
1432 885 1571 924 ΠΩΛ.

237 940 415 986 Ἥκιστά
442 958 502 998 γε,
530 943 617 986 ἐπεὶ
645 944 755 987 οὕτω
781 946 816 998 γ’
846 945 900 986 ἂν
926 946 1185 995 α’θλιωτατος
1211 945 1285 1000 εἴη.
1334 949 1429 989 ΣΩ.
1458 943 1568 990 Ἀλλ’

186 1018 224 1060 Ε
255 1008 329 1050 ἐὰν
354 1011 436 1061 ἄρα
463 1007 520 1062 μὴ
547 1010 733 1063 τυγχάνῃ
772 1010 889 1063 δίκης
916 1010 940 1051 ὁ
967 1010 1136 1059 ἀδικῶν,
1163 1011 1270 1052 κατὰ
1296 1011 1372 1052 τὸν
1398 1012 1476 1053 σὸν
1502 1012 1567 1053 λό-

251 1089 331 1127 γον
350 1073 560 1127 εὐδαίμων
588 1071 721 1124 ἔσται;
753 1075 896 1114 ΠΩΛ.
931 1074 1052 1128 Φημί.
1083 1076 1180 1119 ΣΩ.
1213 1074 1332 1116 Κατὰ
1360 1074 1404 1117 δέ
1423 1090 1470 1129 γε
1497 1074 1575 1130 τὴν

253 1137 357 1192 ἐμὴν
384 1138 525 1190 δόξαν,
555 1132 588 1179 ὦ
617 1140 754 1186 Πῶλε,
782 1137 806 1178 ὁ
833 1137 989 1179 α’δικῶν
1019 1152 1061 1179 τε
1089 1138 1159 1180 καὶ
1186 1139 1210 1181 ὁ
1236 1140 1380 1189 ἄδικος
1406 1142 1572 1190 πάντως

251 1203 328 1256 μὲν
354 1204 515 1251 ἄθλιος.
543 1202 798 1255 ἀθλιώτερος
825 1201 980 1254 μέντοι,
1010 1203 1083 1245 ἐὰν
1109 1202 1166 1258 μὴ
1194 1204 1295 1258 διδῷ
1322 1205 1443 1258 δίκην
1469 1205 1571 1259 μηδὲ

251 1267 436 1320 τυγχάνῃ
464 1268 660 1320 τιμωρίας
694 1268 871 1318 ἀδικῶν,
910 1260 1037 1321 ἦττον
1073 1267 1117 1308 δὲ
1155 1271 1327 1317 ἄθλιος,
1370 1267 1443 1310 ἐὰν
1469 1269 1571 1325 διδῷ

251 1332 372 1386 δίκην
398 1330 467 1373 καὶ
493 1331 679 1385 τυγχάνῃ
717 1331 834 1386 δίκης
860 1331 944 1373 ὑπὸ
981 1334 1097 1374 θεῶν
1137 1347 1178 1373 τε
1215 1332 1285 1374 καὶ
1323 1333 1572 1387 ἀνθρώπων.

318 1469 361 1501 D.
393 1466 489 1501 ἄλλο
522 1481 554 1501 ιι
586 1481 638 1503 ως
668 1468 793 1513 οὕτω]
827 1467 904 1502 ἄλλο
935 1482 961 1502 τι
993 1467 1081 1514 ἢως
1105 1471 1188 1504 Ven.
1217 1470 1256 1503 Σ.
1280 1475 1314 1504 et
1334 1482 1384 1516 pr.
1410 1472 1447 1504 Ξ.
1472 1471 1575 1504 vind.

251 1512 283 1547 2.
309 1512 338 1546 7.
363 1514 438 1546 Par.
467 1515 508 1546 V.
539 1514 627 1557 Aug.
656 1515 794 1547 Meerm.
825 1514 919 1547 Bodl.
955 1515 1043 1548 Flor.
1074 1526 1103 1548 a.
1128 1515 1160 1547 b.
1193 1525 1223 1548 c.
1247 1516 1270 1549 f.
1292 1527 1334 1548 m.
1367 1516 1408 1549 ed
1439 1528 1480 1549 ex
1511 1527 1574 1552 em.

255 1557 370 1591 Clark.

295 1603 334 1635 E.
359 1601 527 1637 πάντως
551 1602 628 1642 μὲι
653 1601 818 1645 ἄθλιος]
851 1604 908 1636 Sic
932 1604 1024 1636 Stob.
1048 1604 1132 1637 Eclo
1156 1615 1189 1647 g.
1212 1605 1291 1637 Eth.
1315 1615 1346 1648 p.
1371 1604 1445 1639 102.
1469 1605 1574 1640 Codd.

251 1658 329 1680 mee.
361 1651 394 1679 et
423 1646 514 1681 editt.
543 1647 697 1680 Platonis
728 1658 844 1681 omnes
870 1646 1022 1681 πάντων.
1056 1648 1174 1682 Indie

295 1759 336 1791 D.
382 1755 533 1791 αὐτίκα
575 1758 755 1803 πρῶτον]
800 1760 878 1802 pri·

250 1813 354 1836 mum
386 1807 430 1835 ut
459 1804 607 1836 statim
638 1804 879 1847 exemplum

250 1849 437 1884 afferam.
470 1858 502 1880 v.
532 1849 708 1891 Protagor.
738 1860 769 1891 p.
801 1847 877 1883 359.

249 1893 289 1926 Ε.
320 1893 540 1926 Ruhnken.
572 1893 615 1925 nd
645 1894 733 1926 Tim.
764 1903 795 1935 p.
826 1893 880 1926 56.

251 1938 380 1970 Koen.
438 1937 481 1970 ad
536 1938 674 1980 Gregor.
728 1938 881 1970 Corinth.

249 1993 281 2025 p.
313 1981 389 2016 416.
413 1982 497 2014 Voo.
527 1985 664 2024 πρῶτον
700 1992 761 2015 our
791 1983 881 2015 Hir-

250 2026 418 2069 solangio
442 2031 636 2069 suspectum
651 2027 764 2067 fuerit,
785 2037 881 2060 caue·

250 2082 321 2104 sam
345 2070 569 2125 intelligimus
592 2071 733 2103 nullam.

295 2113 392 2148 ἄλλο
416 2127 450 2148 τι
473 2126 526 2149 ως
550 2113 658 2148 οὕτω
685 2126 762 2148 σου
789 2127 877 2154 νομ.

250 2159 456 2203 8.]1tane
479 2164 518 2192 te
543 2160 709 2192 sentire
733 2160 879 2192 existi-

249 2206 426 2237 memus?
470 2204 644 2238 Phaedon.
684 2215 719 2247 p.
747 2203 800 2237 94.
830 2205 878 2237 E:

250 2244 305 2290 ἆρ’
345 2249 410 2282 οἴει
455 2245 498 2283 αὖ
502 2246 561 2282 τὸν
598 2251 700 2282 ταῦτα
743 2252 881 2304 ποιῆσαι

250 2292 499 2333 διανοούμενον
521 2291 567 2328 ὥς
590 2291 757 2335 ἁρμονίας
777 2305 820 2325 αι
824 2305 880 2336 της

249 2335 336 2380 οὔση
340 2350 374 2377 s,-
399 2339 450 2370 De
473 2338 613 2380 Republ.
631 2339 670 2370 V.
694 2336 817 2380 ρ.470.
830 2339 874 2371 E:

250 2385 303 2415 καὶ
318 2350 553 2438 ηδίανοεῖιιθαι
585 2381 631 2417 ὥς
661 2382 878 2435 διαλλαγησο-

249 2426 364 2466 μένων
379 2426 432 2459 καὶ
449 2424 513 2460 οὐκ
533 2424 588 2460 αἐὶ
605 2425 877 2470 πολεμησόντων.

249 2472 436 2514 Xenoph
461 2471 569 2504 Anah.
594 2471 676 2513 Ι,8,
703 2470 753 2505 10.

293 2516 375 2559 Cap.
412 2516 571 2549 XXVIII.
639 2512 752 2549 etev-
791 2513 877 2549 ἀδι-

251 2564 336 2593 κῶν
360 2559 405 2593 δὲ
429 2558 477 2603 δὴ
507 2558 605 2604 ευδ.]
650 2560 776 2594 Eadem
807 2571 879 2594 ver·

251 2605 368 2637 borum
401 2608 567 2638 structura
604 2610 656 2638 est
681 2606 867 2648 Protaffp

250 2649 325 2683 312.
357 2650 397 2682 Ε.
425 2650 515 2683 Men.
548 2648 659 2692 p.78.
693 2649 732 2683 C.
763 2661 795 2692 p.
826 2648 878 2683 75.

250 2695 292 2727 D.
320 2705 350 2727 v.
374 2693 416 2726 ad
440 2693 627 2738 Euthyphr.
652 2705 684 2738 p.
707 2693 760 2728 88.

847 2616 877 2648 p.
945 2616 976 2637 v.
1002 2605 1218 2639 Schaefer.
1243 2603 1287 2638 ad
1309 2604 1416 2647 Long-

1156 1660 1208 1682 em
1238 1649 1351 1689 μέντοι
1374 1650 1575 1691 restitutum,

989 1760 1029 1792 E.
1077 1757 1245 1794 πάντως
1286 1761 1364 1799 μὲν
1404 1759 1574 1804 ἅθλιος]

946 1804 1117 1837 omnino
1170 1804 1297 1837 miser
1348 1810 1428 1846 est,
1482 1806 1575 1838 sive

946 1849 1326 1926 iniuriiaenpoesshals
1341 1849 1576 1971 blufftssig

948 1904 1027 1926 non
1071 1903 1123 1926 ue
1188 1904 1208 1926 v
1295 1905 1306 1926 1

948 1938 1063 1980 Euthy
1065 1937 1150 1971 dem.
1180 1937 1309 1981 p..292
1321 1905 1426 1971 ε,ΟΡ
1408 1939 1566 1983 ΙιοςςΝ

948 1993 980 2024 p.
1025 1949 1100 2016 731.
1136 1949 1200 2015 D.p
1226 1983 1303 2016 coll.
1347 1983 1575 2016 Schaeferi

948 2027 1075 2060 Melett.
1099 2028 1218 2070 (πίνῃ
1220 2025 1327 2060 .1.30

990 2073 1027 2104 Ρ.
1037 2069 1112 2104 473.
1130 2073 1260 2111 φίλον
1284 2082 1363 2114 γαρ
1388 2081 1432 2103 σε
1454 2069 1576 2115 ἡγοι-
1630 2092 1633 2095 ,

947 2115 1028 2159 μαι]
1063 2116 1201 2148 Referu
1230 2116 1315 2149 haec
1349 2115 1392 2148 ad
1425 2117 1575 2158 proxime

946 2159 1197 2202 praecedentia,
1228 2166 1267 2192 ut
1295 2162 1463 2193 sententia
1491 2160 1576 2194 haec

946 2206 1007 2237 sit:
1046 2215 1137 2237 nam
1176 2215 1301 2247 quum
1338 2205 1446 2238 mihi
1475 2206 1574 2239 nmi-

946 2259 1020 2282 eus
1051 2250 1127 2289 sis,
1164 2254 1204 2282 te
1236 2260 1470 2283 sermonem
1500 2261 1575 2282 me—

946 2303 1010 2326 um
1060 2294 1267 2327 lubenter
1324 2294 1574 2327 auditurum

947 2337 1149 2371 arbitror.

990 2383 1027 2415 B.
1075 2381 1235 2425 Ἀληθῆ
1279 2393 1325 2426 yo
1367 2381 1575 2422 οἰόμενοι·

946 2426 1065 2470 ἴσως]
1098 2427 1174 2460 Hoc
1204 2428 1289 2462 ἴσως
1320 2436 1397 2460 enm
1420 2427 1575 2460 irrisione

945 2472 1071 2505 dictum
1094 2472 1135 2504 de
1157 2482 1193 2505 re
1217 2476 1326 2511 oei-ta,
1356 2475 1395 2503 ut
1415 2470 1574 2548 Latilnum

946 2517 1147 2549 sortasse.
1192 2517 1251 2550 Sic
1286 2516 1338 2549 De
1374 2516 1501 2558 Rep.1
1543 2526 1574 2558 p.

944 2559 1019 2594 339
1045 2562 1085 2593 A.
1117 2560 1255 2594 hachet.
1283 2570 1317 2603 p.
1348 2559 1422 2593 196.
1440 2559 1571 2646 1³03&-

946 2650 1031 2682 Aet.
1070 2649 1113 2683 ed
1142 2649 1247 2693 Legg.
1284 2615 1406 2691 p.·18.
1442 2649 1573 2682 Ironioe

943 2694 1048 2727 Polus
1070 2694 1219 2737 loquitur
1246 2693 1348 2727 etiam
1379 2704 1410 2737 p.
1434 2691 1509 2727 473.
1533 2694 1571 2726 Β.
