1676 2938
776 167 870 204 521.
903 166 996 206 522.
1026 164 1085 203 ed.
1116 149 1197 203 δι’
1399 164 1477 203 327

425 165 670 205 GORGIAS.
698 165 744 204 P.

129 275 187 325 ὡς
215 273 263 317 ἐν
289 274 474 323 παιδίοις
501 273 646 327 ἰατρὸς
672 273 726 315 ἂν
753 273 964 327 κρίνοιτο,
1002 278 1346 326 κατηγοροῦντος
1373 272 1477 322 ὀψο,

127 347 268 383 ποιοῦ.
298 341 446 382 σκόπει
473 340 568 393 γάρ,
596 339 636 381 τί
662 338 716 380 ἂν
742 339 1003 391 α’πολογοῖτο
1033 338 1056 380 ὁ
1085 342 1281 387 τοιοῦτος
1309 341 1478 391 ἄνθρω-

126 422 206 455 πος
236 405 282 447 ἐν
310 406 480 453 τούτοις
506 404 708 458 ληφθείς,
751 405 787 446 εἰ
815 405 950 445 αὐτοῦ
979 406 1215 458 κατηγοροῖ
1235 419 1298 452 τις
1325 401 1476 457 λέγων,

126 468 191 512 ὅτι
211 463 266 512 Ὦ,
292 471 453 520 παῖδες,
482 469 620 512 πολλὰ
641 470 752 524 ὑμᾶς
779 468 848 512 καὶ
877 469 988 511 κακὰ
1017 466 1087 510 ὅδε
1108 469 1325 523 εἴργασται
1352 469 1476 524 ἁνήρ,

125 536 193 578 καὶ
224 536 382 586 αὐτοὺς
410 535 482 578 καὶ
501 535 603 584 τοὺς
625 535 864 583 νεωτάτους
886 535 1009 589 ὑμῶν
1027 535 1283 588 διαφθείρει,
1311 534 1478 589 τέμνων

123 617 166 643 τε
194 600 266 643 καὶ
303 602 422 644 κάων
458 600 529 644 καὶ
568 601 797 655 ἰσχναίνων
833 599 903 641 καὶ
943 601 1108 654 πνίγων
1145 600 1323 653 ἀπορεῖν
1352 604 1478 652 ποιεῖ,

124 667 357 719 πικρότατα
393 667 572 720 πώματα
610 664 756 714 διδοὺς
791 664 862 706 καὶ
899 656 1052 719 πεινῆν
1087 665 1158 707 καὶ
1188 666 1322 720 διψῆν
1349 666 1477 719 ἄναγ-

124 733 280 783 κοέζων,
309 733 386 786 οὐχ
415 730 552 784 ὥςπερ
588 730 671 785 ἐγὼ
698 729 835 772 πολλὰ
871 730 942 772 καὶ
977 729 1082 785 ἡδέα
1110 730 1180 772 καὶ
1218 730 1477 772 παντοδαπὰ

124 799 317 852 εὐώχουν
355 797 480 851 ὑμᾶς.
528 796 569 837 τί
605 796 662 838 ἂν
697 796 776 838 οἴει
814 795 860 837 ἐν
888 797 1027 851 τούτῳ
1066 798 1126 852 τῷ
1163 801 1280 849 κακῷ
1320 796 1476 849 απολη-

124 862 294 916 φθέντα
322 860 501 916 ἰατρὸν’
487 859 596 916 ἐχειν
611 862 768 911 εἰπεῖνς
795 861 822 915 η
852 862 888 903 εἰ
914 861 1025 903 εἴποι
1052 859 1132 915 τὴν
1160 861 1382 916 ἀλήθειαν,
1412 858 1477 903 ὅτι

132 931 276 970 Ταῦτα
303 942 443 969 παντα
471 925 553 980 ἐγὼ
582 925 772 977 ἐποίουν,
802 927 835 968 ὠ
864 927 1032 976 παῖδες,
1062 926 1281 980 ὑγιεινῶς,
1312 926 1476 968 ὁπόσον

1507 602 1591 645 522

123 993 201 1036 οἴει
238 994 293 1035 ἂν
331 994 571 1047 ἀναβοῆσαι
609 988 711 1042 τοὺς
747 993 971 1041 τοιούτους
1008 992 1228 1042 δικαστάς;
1267 992 1320 1034 ού
1347 991 1476 1046 μέγας
1510 1007 1515 1012 ·

121 1161 206 1184 sono
239 1150 284 1183 ad
306 1151 425 1192 Eurip.
450 1149 582 1183 Hecub.
608 1160 640 1192 p.
663 1147 742 1183 396.
771 1152 804 1181 et
827 1148 1010 1183 Adversar.
1042 1160 1074 1192 p.
1098 1147 1175 1182 218.
1223 1148 1337 1189 Quam
1360 1151 1476 1181 tamen

122 1197 325 1239 scripturam
350 1195 550 1229 confirmare
581 1194 718 1227 videtur
746 1194 839 1226 istud
863 1193 1033 1234 πέμματα,
1065 1198 1183 1237 utpote
1218 1194 1365 1226 fortasse
1395 1193 1476 1227 inde

122 1246 289 1274 exortum.
337 1240 514 1282 Quidquid
542 1241 593 1273 rei
616 1245 683 1280 est,
709 1239 939 1273 Schneiderus
968 1239 1107 1282 quidem
1138 1240 1181 1272 ad
1205 1239 1386 1282 Rempubl.
1412 1239 1475 1271 III.

122 1298 157 1329 p.
174 1286 248 1320 406.
266 1287 319 1326 A.,
343 1287 402 1328 qui
424 1297 496 1318 rem
520 1286 563 1318 ad
585 1285 805 1318 librariorum
829 1289 862 1318 et
885 1284 1075 1318 scribarum
1089 1285 1319 1318 temeritatem
1334 1285 1475 1327 exigen-

123 1333 201 1364 dam
234 1336 268 1364 et
298 1331 517 1364 iudicandam
548 1335 685 1370 censet,
716 1332 917 1372 neutiquam
949 1330 1140 1363 audiendus
1162 1330 1308 1363 videtur.
1354 1331 1475 1372 Neque

122 1388 241 1410 verum
271 1382 323 1409 est
353 1376 444 1418 quod
475 1376 535 1408 ille
566 1377 703 1416 statuit,
737 1387 791 1408 me
823 1376 867 1407 ad
889 1375 1074 1408 Philebum
1098 1375 1305 1409 vocabulum
1337 1375 1476 1415 ἔκπωμα

122 1427 301 1466 urgentem
332 1422 422 1454 nihil
456 1422 626 1462 effecisse,
659 1422 740 1463 quia
772 1422 917 1454 nimium
941 1422 1120 1456 effecerim.
1168 1423 1257 1455 Nam
1282 1421 1312 1454 si
1337 1421 1477 1460 ἔκπωμα

123 1479 241 1500 verum
273 1470 342 1508 est,
373 1477 438 1500 nec
463 1465 553 1507 πόμα
577 1467 641 1499 erit
670 1466 906 1507 scribendum,
937 1467 998 1499 sed
1015 1466 1136 1509 potius
1160 1470 1271 1506 πῶμα.
1317 1466 1384 1499 Sed
1409 1466 1476 1498 dis-

123 1513 276 1556 ceptavit
304 1523 463 1545 caussam
486 1523 596 1555 nuper
628 1512 733 1545 iudex
763 1512 1070 1555 prudentissimus,
1094 1512 1312 1553 Lobeckius,
1344 1512 1476 1544 Parali-

122 1570 211 1601 pom.
235 1569 267 1601 p.
291 1557 370 1591 425.

145 1634 305 1714 (15:6322.
331 1633 489 1678 ἰατρὸν
521 1636 608 1678 ἔχει
622 1636 662 1679 ν]
696 1633 756 1668 τὸν
784 1636 966 1670 Bekkerus
996 1647 1039 1669 ex
1069 1636 1149 1669 Par.
1172 1635 1216 1668 V.
1246 1639 1326 1669 ante
1352 1631 1476 1679 ἰατρὸν

122 1693 143 1714 a
190 1693 202 1714 1
227 1693 238 1714 1
255 1706 262 1713 .

189 1746 210 1792 ἢ
234 1749 278 1782 εἰ
299 1748 437 1792 εἴποι]
472 1749 512 1781 V.
538 1748 574 1781 εί
595 1748 727 1790 deerat,
760 1748 851 1791 quod
874 1749 943 1780 iam
969 1749 1086 1791 Steph.
1110 1748 1197 1781 vidit
1220 1749 1355 1781 restitui
1377 1758 1477 1791 opor—

123 1800 205 1828 tere.
250 1794 494 1827 Exhibuerunt
515 1794 619 1827 Vind.
643 1794 675 1827 6.
698 1805 766 1826 rec.
797 1798 830 1827 et
854 1795 931 1827 Par.
955 1794 996 1829 V.
1044 1795 1084 1826 In
1109 1794 1198 1837 Aug.
1223 1798 1257 1827 et
1280 1795 1419 1827 Meerm.
1442 1793 1479 1827 εἰ

122 1841 196 1873 sine
219 1836 240 1883 ἢ
263 1840 447 1882 scriptum,
470 1839 562 1873 unde
587 1850 774 1883 cognoscas
798 1841 921 1872 erroris
944 1840 1075 1872 fontem
1098 1844 1200 1882 atque
1224 1850 1393 1873 caussam.

122 1986 319 2028 loquentem
355 1995 503 2027 coquum
533 1985 668 2017 inducit
701 1985 761 2018 So-

122 2036 232 2063 crates
255 2031 410 2073 illudque
427 2028 579 2072 ἀπορεῖν
595 2035 688 2063 ποιεῖ
705 2030 762 2063 ad-

122 2075 296 2108 bibentem
335 2080 472 2118 propter
508 2086 615 2130 seqq.
636 2076 700 2108 illa
729 2087 762 2128 p.

123 2120 198 2155 522.
224 2122 270 2154 B:
303 2119 368 2153 ἐάν
400 2120 434 2153 τέ
459 2124 507 2155 τις
530 2132 571 2161 με
595 2118 633 2176 ἢ
641 2120 762 2154 νεωτέ-

126 2178 210 2207 ρους
255 2170 304 2209 φῇ
347 2166 575 2208 διαφθείρειν
613 2163 763 2208 ἀπορεῖν

123 2214 291 2244 ποιοῦντα
314 2223 343 2244 κ.
368 2223 395 2244 τ.
420 2213 448 2244 2..

167 2302 206 2334 P.
229 2299 306 2334 522.
354 2298 428 2342 οὐχ
452 2299 592 2343 ὥςπερ
618 2300 698 2344 ἐγώ
719 2321 764 2326 —-

123 2344 326 2388 εὐώχουν
351 2343 430 2389 ὑμ.]
478 2346 692 2380 structuram
722 2347 763 2379 il-

122 2392 284 2424 lustravit
321 2391 364 2424 ad
404 2391 438 2423 h.
469 2391 493 2423 l.
533 2392 762 2424 Heindorf.

124 2437 222 2469 Conf.
247 2440 361 2469 annot.
389 2436 432 2468 ad
455 2436 612 2478 Sympos.
635 2448 667 2478 p.
686 2436 763 2470 179.

122 2483 162 2514 E.
186 2481 275 2514 Ibid.
298 2493 329 2524 p.
355 2480 432 2514 189.
457 2481 494 2514 C.
519 2482 668 2514 Matth.
704 2483 762 2515 Gr.

124 2527 227 2569 ampl.
252 2528 282 2567 5.
306 2525 383 2560 629.
406 2538 439 2569 p.
464 2525 553 2559 1287
577 2537 647 2569 seq.

170 2615 219 2649 ἐν
243 2614 385 2660 τούτῳ
411 2620 464 2660 τῷ
495 2619 610 2659 κακῷ
632 2614 762 2662 aznot]

123 2662 167 2693 H.
187 2672 217 2694 e.
240 2661 289 2694 ad
313 2661 389 2694 has
413 2650 652 2705 angustias
675 2663 764 2695 red-

124 2710 284 2748 actum,
321 2707 388 2740 his
426 2707 556 2741 malis
585 2708 764 2742 circum-

829 1996 852 2017 v
862 1996 880 2017 e
889 1996 912 2017 n
920 1989 964 2017 tu
973 1996 1018 2020 m.
1049 1985 1137 2018 Nam
1161 1983 1477 2028 ἀπολαμβάνεσθαι

830 2031 1026 2073 frequenter
1049 2031 1207 2063 dicuntur
1230 2032 1267 2071 ii,
1291 2032 1351 2073 qui
1370 2031 1474 2063 inter-

832 2077 1003 2119 cipiuntur
1026 2080 1060 2108 et
1083 2077 1183 2118 quasi
1206 2077 1299 2118 capti
1314 2080 1475 2109 tenentur

831 2122 948 2163 aliqua
971 2133 1016 2156 re.
1042 2133 1077 2153 V.
1100 2122 1295 2154 Dorvill.
1320 2122 1364 2154 ad
1383 2121 1474 2154 Cha-

830 2168 885 2199 rit.
915 2178 947 2209 p.
979 2166 1056 2200 567.
1087 2167 1391 2200 Hemsterhus.
1429 2167 1472 2199 ad

832 2213 1007 2254 Aristoph.
1031 2212 1120 2244 Plut.
1145 2223 1177 2245 v.
1198 2211 1275 2246 935.
1300 2213 1328 2245 E
1339 2216 1384 2254 ty
1394 2223 1428 2244 m
1439 2223 1474 2244 o-

832 2257 912 2300 log.
926 2258 1083 2300 Magn:
1099 2254 1372 2301 Ἀπειλημμὲνοι·
1389 2268 1472 2289 συν·

831 2302 1043 2345 ειλημμένοι,
1069 2301 1387 2346 συγκεκλεισμένοι,
1422 2314 1474 2335 κε-

832 2347 1047 2390 κρατημένοι.

878 2436 940 2470 ἐπ.
985 2456 1030 2461 -
1077 2434 1307 2480 ὑγιεινῶς]
1361 2437 1475 2470 vale-

833 2483 1007 2515 tudinis
1031 2493 1211 2524 caussa,
1235 2483 1387 2515 habita
1412 2493 1475 2515 sa—

832 2529 997 2561 nitatis
1022 2528 1212 2563 ratione.

878 2615 1050 2650 ὁπόσον
1080 2617 1169 2650 οἴει
1199 2615 1253 2650 ἂν
1283 2615 1474 2660 α’ναβοῆ-

835 2663 925 2707 σαι]
979 2663 1062 2695 Fuit
1099 2663 1159 2705 qui
1196 2661 1310 2695 πόσον
1346 2662 1474 2694 mallet.

832 2708 900 2742 Sed
922 2719 956 2740 v.
979 2708 1023 2741 ad
1046 2708 1253 2751 Euthydem.
1276 2719 1310 2751 p.
1333 2706 1411 2740 271.
1432 2708 1474 2742 A.
