1722 2964
514 94 674 130 PRO'I'
685 90 939 130 AGORA&
970 89 1012 126 P.
1035 91 1103 126 340
1131 87 1213 122 ST.
1507 80 1586 122 121

159 216 377 273 τρέπομαι
403 211 513 271 πρὸς
535 207 614 256 τὸν
637 204 881 268 Πρόδικον,
905 205 982 250 καὶ
1005 203 1195 255 καλέσας
1219 197 1371 256 αὐτόν,
1388 192 1442 245 Ὦ
1466 196 1590 257 Πρό-

161 287 281 340 δικε,
314 286 430 340 ε’φην
453 276 564 338 ἐγώ,
597 275 672 329 σὸς
702 275 853 334 μέντοι
878 275 1137 331 Σιμωνίδης
1168 272 1371 325 πολίτης·

157 350 203 397 εἷ
233 355 423 408 βοηθεῖν
453 349 513 408 τῷ
550 344 696 403 ἀνδρί.
746 343 864 388 δοκῶ
888 341 972 386 οὐν
1000 358 1075 398 μοι
1107 336 1192 396 ἐγω
1225 341 1502 395 παρακαλεῖν
1526 335 1592 392 σε,
1604 346 1672 381 340

1421 270 1591 320 δίκαιος

162 417 312 477 ωσπερ
366 421 454 475 ἔφη
489 413 679 474 Ὅμηρος
733 409 811 456 τὸν
858 407 1162 467 Σκάμανδρον
1215 401 1594 463 πολιορκούμενον

162 485 250 532 ὑπὸ
282 486 362 531 τοῦ
379 482 614 543 Ἀχιλλέως
636 479 715 526 τὸν
738 475 963 536 Σιμόεντα
987 479 1280 535 παρακαλεῖν,
1305 470 1488 518 εἰπόντα

234 580 346 622 Φίλε
365 578 619 631 κασίγνητε,
645 570 807 622 σθένος
832 565 989 627 ἀνέρος
1013 563 1259 624 ἀμφότεροί
1274 581 1356 621 περ

230 645 415 702 σχῶμεν

165 732 275 792 ἀτὰρ
310 733 384 778 καὶ
417 730 503 790 ἐγὼ
535 730 585 775 σε
609 729 880 787 παρακαλῶ,
912 724 972 784 μὴ
999 722 1106 783 ἡμῖν
1130 721 1153 768 ὁ
1179 719 1483 782 Πρωταγόρας
1518 719 1597 767 τὸν

167 804 431 860 Σιμωνίδην
457 799 661 856 ἐκπέρσῃ.
706 796 781 842 καὶ
803 793 889 854 γὰρ
921 786 1003 840 οὖν
1027 793 1102 837 καὶ
1136 794 1277 836 δεῖται
1301 787 1349 835 τὸ
1372 787 1487 848 ὑπὲρ
1513 795 1598 835 Σι-

164 873 366 928 μωνίδου
398 864 697 924 ἐπανόρθωμα
727 865 805 921 τῆς
838 864 917 920 σῆς
948 861 1186 920 μουσικῆς,
1219 851 1247 918 ᾗ
1277 856 1327 903 τό
1358 876 1404 903 τε
1437 855 1598 915 βούλε-

165 945 274 983 σθαι
298 937 373 982 καὶ
398 936 637 992 ἐπιθυμεῖν
669 935 856 990 διαιρεϊς
890 948 949 984 ως
980 926 1033 975 οὐ
1058 925 1221 973 ταύτὸν
1252 923 1328 983 όν,
1361 926 1436 971 καὶ
1459 922 1488 970 ἃ
1511 926 1599 971 νῦν
1622 941 1655 975 Β

165 1003 221 1063 δὴ
247 1003 367 1057 εἶπες
391 999 533 1048 πολλα
557 1019 604 1047 τε
630 1001 704 1045 καὶ
729 997 854 1044 καλά.
899 998 974 1042 καὶ
999 998 1084 1042 νῦν
1109 993 1285 1052 σκόπει,
1329 1001 1375 1039 εί
1393 1008 1463 1039 σοι
1487 1007 1599 1039 συν-

166 1076 292 1118 δοκεῖ
320 1070 430 1129 όπερ
464 1072 572 1127 ἐμοί.
623 1066 677 1113 οὐ
710 1066 796 1125 γὰρ
827 1069 1035 1124 φαίνεται
1072 1065 1252 1109 ἐναντία
1284 1063 1432 1119 λέγειν
1467 1059 1599 1114 αυτὸς

165 1138 284 1201 αὑτῷ
311 1132 690 1218 Σιμωνίδης.σῦ
715 1133 814 1194 γάρ,
842 1152 876 1178 ω
900 1130 1120 1191 Πρόδικε,
1162 1128 1479 1189 προαπόφηναι
1518 1127 1601 1187 τὴν

168 1206 253 1265 σὴν
290 1204 484 1264 γνώμην.
534 1201 699 1249 ταύτόν
723 1217 793 1247 σοι
826 1205 952 1247 δοκεῖ
985 1199 1100 1245 εἶναι
1132 1196 1179 1244 τὸ
1205 1198 1420 1256 γενέσθαι
1452 1198 1527 1243 καὶ
1550 1195 1599 1243 τὸ

165 1337 241 1372 ἵνα
274 1348 351 1381 μοι
385 1331 551 1381 χρόνος
581 1329 845 1378 ἐγγένηται,

165 1386 213 1416 ut
236 1383 347 1416 mihi
370 1382 568 1425 spatium
592 1378 846 1412 intercede-

165 1431 235 1462 ret
275 1427 326 1460 ad
372 1424 764 1460 considerandum.
810 1433 844 1457 v.

163 1473 302 1507 Phaed.
335 1484 369 1515 p.
386 1471 490 1506 8613.
525 1470 694 1513 Sympos.
726 1480 762 1511 p.
782 1469 847 1501 184

163 1519 205 1551 A.
238 1518 310 1551 Pro
326 1517 367 1551 τί
381 1514 483 1560 λέγοι
515 1515 628 1558 vulgo
650 1514 847 1566 legebatur

164 1563 204 1597 τί
218 1561 330 1607 λέγει.
350 1562 550 1605 Optativus
566 1554 666 1593 κατὰ
680 1553 722 1592 τὸ
736 1552 847 1592 νοού-

162 1608 441 1652 μενονροείτιιε,
454 1603 847 1639 undehaecmodorum

163 1653 388 1705 permutatio
407 1650 639 1694 explicanda.
664 1649 788 1684 Staleb.

210 1693 286 1737 σὸς
331 1694 491 1740 μέντοι
541 1696 587 1729 Σ.
626 1692 692 1739 π.]
743 1697 847 1726 tuus

165 1754 264 1776 vero
285 1742 401 1775 civis
419 1739 772 1775 estSimonides.
790 1739 846 1771 Ab

165 1787 285 1820 Iulide
304 1788 413 1827 enim,
432 1796 527 1828 quae
544 1786 631 1818 urbs
650 1787 730 1817 erat
746 1785 850 1816 insu-

165 1833 226 1866 lae
245 1831 330 1871 Cei,
349 1835 505 1882 uterque
523 1829 699 1863 oriundus
718 1831 808 1861 erat.

210 1877 252 1912 P.
286 1879 364 1910 340.
412 1885 558 1917 ωσπερ
599 1871 686 1917 ἔφη
716 1867 847 1917 ’Ὄμη-

166 1933 240 1965 ρος
270 1940 316 1944 -
347 1918 659 1963 παρακαλεῖν]
707 1929 848 1961 quem-

167 1966 395 1999 admodum
458 1965 577 1997 dixit
629 1965 848 1996 Homerus

167 2011 543 2044 Scamandrum-
582 2010 847 2042 advocasse.

165 2057 376 2091 Infinitivus
407 2055 617 2098 imperfecti
638 2055 676 2087 vi
692 2055 848 2098 positus.

164 2103 258 2135 Nam
268 2103 449 2154 poterat
492 2101 604 2134 etiam
641 2100 711 2132 hoc
742 2099 849 2132 modo

167 2147 241 2180 dici
257 2156 396 2189 ωσπερ,
415 2143 490 2197 ἐφη
504 2139 685 2196 Ομηρος,
705 2140 725 2178 ὁ
743 2139 848 2177 Σκα-

166 2191 335 2244 μανδρος
356 2209 402 2215 -·
423 2185 492 2224 τὸν
514 2185 708 2233 Σιμόεντα
731 2199 849 2232 παρε

167 2232 286 2271 καλει.
318 2247 355 2272 v.
388 2236 435 2269 ad
467 2235 633 2278 Sympos.
667 2247 703 2279 p.
722 2236 846 2268 1723.

167 2283 289 2315 Locus
327 2281 526 2323 Homeri,
565 2281 612 2313 ad
653 2291 758 2323 quem
790 2291 847 2312 re-

169 2328 344 2370 spieitur,
384 2329 507 2360 exstat
536 2325 644 2360 Iliad.
678 2326 722 2359 Φ.
757 2327 847 2366 308.,

166 2373 231 2406 ubi
247 2372 422 2424 deinceps
437 2370 621 2403 adduntur
632 2350 848 2404 baem-{⁷1:52

168 2413 265 2461 τάχα
298 2426 394 2450 αστυ
416 2412 514 2458 μέγα
538 2410 730 2458 Πριαμοιο
753 2409 848 2449 ἅνα-

167 2473 255 2502 κτος
279 2456 485 2503 ἔκπέρσειη
513 2460 608 2493 unde
637 2460 769 2493 deinde
787 2471 849 2492 ex·

192 2507 379 2540 licandum
398 2506 494 2539 istud
510 2500 614 2548 μὴ-
622 2504 848 2549 Σιμωνίδην

166 2518 281 2595 Ξκπὲρ
283 2562 329 2596 ση
382 2563 428 2584 ne
450 2569 494 2574 —
519 2550 741 2584 Simonidem
763 2561 846 2593 pes-

168 2564 329 2631 sumdetn
341 2597 461 2630 Stallb.

215 2641 373 2676 δεῖται
397 2660 441 2665 —
472 2641 552 2684 τῆς
582 2640 663 2683 σῆς
692 2650 850 2684 μουσι-

170 2685 269 2730 κῆς]
319 2687 557 2721 desiderat
590 2687 683 2718 ista
716 2685 850 2719 Simo·

170 2731 292 2764 nidis
316 2733 541 2766 correctio
567 2734 687 2763 tuam
709 2734 850 2764 artem

173 2779 217 2809 et
234 2776 553 2816 eruditionem,
573 2786 658 2819 qua
673 2778 780 2809 velle
806 2779 851 2809 et

172 2831 329 2864 cupere
360 2821 621 2866 distinguis.
670 2822 763 2854 Nam
794 2821 849 2854 ita

916 1326 1082 1375 μουσική
1102 1340 1201 1363 nunc
1223 1329 1482 1373 intelligenda.
1513 1330 1599 1362 Mu-

918 1378 1014 1410 sica
1033 1376 1144 1417 enim,
1162 1375 1345 1408 latissimo
1358 1386 1471 1409 sensu
1482 1375 1598 1419 dicta,

918 1421 1238 1464 complectebatur
1266 1431 1311 1453 ea
1333 1421 1474 1462 omnia,
1505 1431 1600 1463 quae

916 1467 1028 1510 vulgo
1067 1466 1241 1499 dicuntur
1286 1466 1333 1498 ad
1371 1466 1602 1499 Musarum

919 1512 1091 1545 cultum
1112 1511 1320 1554 pertinere,
1339 1511 1410 1544 hoc
1425 1514 1483 1544 est
1500 1514 1600 1545 artes

916 1567 1041 1591 omnes
1066 1558 1103 1590 et
1125 1556 1313 1589 doctrinas
1338 1556 1601 1599 elegantiores,

918 1602 1082 1644 adeoque
1113 1602 1233 1645 ipsam
1256 1601 1540 1645 philosophiam.
1565 1613 1600 1637 V.

916 1647 1104 1682 Phaedon.
1122 1658 1156 1690 p.
1175 1648 1218 1679 61
1235 1647 1279 1679 A.
1314 1646 1456 1689 Cratyl.
1480 1658 1516 1690 p.
1532 1649 1600 1681 406

917 1693 960 1727 A.
992 1692 1175 1725 Diodor.
1193 1691 1279 1724 Sic.
1298 1693 1362 1733 IV,
1381 1694 1413 1725 7.
1450 1692 1598 1728 strab.

917 1739 962 1772 X.
980 1749 1014 1781 p.
1034 1738 1099 1770 717
1115 1738 1158 1770 B.
1189 1737 1309 1771 Stallb.
1360 1737 1489 1770 Omnis
1512 1737 1601 1770 doc-

918 1784 1040 1816 trinae
1095 1782 1377 1815 fundamentum
1421 1783 1601 1816 Prodicus

920 1839 1002 1861 esse
1018 1827 1138 1861 voluit
1159 1830 1262 1860 recte
1283 1827 1459 1869 loquendi
1479 1829 1602 1861 scien-

918 1875 1023 1906 tiam.
1046 1871 1206 1924 Euthyd.
1231 1883 1265 1915 p.
1284 1874 1350 1906 277
1370 1872 1417 1905 C:
1450 1872 1601 1915 πρῶτον

918 1913 1003 1972 γάρ,
1038 1911 1089 1956 ὥς
1123 1927 1231 1970 φησι
1259 1885 1500 1960 Πρόδικος,ρ
1512 1916 1602 1961 περὶ

918 1957 1116 2007 ὀνομάτων
1133 1957 1346 2006 ὀρθότητος
1359 1963 1508 2006 μαθεῖν
1525 1963 1598 1997 δεῖ.

917 2010 1012 2041 Eum
1056 2019 1165 2050 quum
1203 2008 1451 2063 distingueret
1486 2009 1603 2043 verba

919 2049 1132 2097 βούλεσθαι
1150 2056 1187 2086 et
1204 2048 1432 2097 ἐπιθυμεῖν,
1468 2053 1603 2088 Socra-

918 2103 975 2132 tes
998 2099 1078 2141 ipse
1110 2100 1233 2142 priore
1257 2099 1414 2141 quodam
1438 2102 1602 2142 tempore

919 2144 1082 2178 audiisse
1115 2144 1384 2178 existimandus
1409 2147 1479 2187 est,
1511 2155 1547 2178 v.
1566 2155 1602 2187 p.

962 2235 1004 2290 B:
1031 2229 1263 2286 τᾳῦτόν-
1297 2229 1346 2267 τὸ
1372 2232 1602 2277 γενέσθαι

918 2278 996 2313 καὶ
1030 2275 1078 2313 τὸ
1113 2276 1259 2332 εἶναι]
1292 2280 1466 2313 Eustath.
1493 2280 1602 2316 adIl.

916 2326 964 2358 11.
984 2327 1069 2358 245:
1084 2322 1262 2380 λέγεται
1292 2320 1397 2376 παρὰ
1430 2324 1505 2359 τῶν
1528 2335 1602 2359 πα-

919 2371 1049 2412 λαιῶν,
1068 2364 1130 2403 ὁτι
1153 2367 1192 2402 οἱ
1205 2364 1335 2409 Ἴωνες
1359 2365 1401 2403 τὸ
1421 2366 1523 2405 εἶναι
1539 2381 1602 2414 γε-

918 2413 1059 2450 νέσθαι
1078 2415 1188 2457 φασί.
1215 2415 1287 2448 Sed
1304 2418 1402 2448 totus
1419 2415 1480 2449 hic
1496 2416 1602 2449 locus

918 2462 974 2493 ita
1007 2463 1151 2493 tantum
1182 2460 1346 2504 intelligi
1376 2463 1521 2504 potest,
1561 2464 1603 2493 ut

919 2507 1033 2539 etiam
1066 2505 1232 2538 Socratis
1264 2509 1388 2539 aetate
1417 2507 1604 2549 plerisque

921 2551 1075 2584 Graecis
1098 2552 1289 2593 utriusque
1311 2551 1509 2584 discrimen
1527 2551 1604 2584 exi-

921 2607 1031 2639 guum
1065 2599 1130 2628 aut
1159 2606 1270 2639 prope
1309 2597 1450 2628 nullum
1481 2596 1603 2629 visum

921 2652 1002 2674 esse
1037 2644 1256 2674 statuamus.
1305 2641 1410 2682 Quod
1442 2642 1514 2673 nisi
1545 2642 1602 2673 ita

919 2687 1068 2727 fuisset,
1085 2686 1198 2729 plane
1215 2687 1358 2719 absona
1374 2687 1604 2729 Protagorae

921 2735 1022 2764 esset
1053 2733 1241 2765 sententia
1273 2733 1370 2764 inter
1392 2731 1533 2764 Pittaci
1566 2734 1602 2763 et

921 2776 1119 2810 Simonidis
1150 2788 1263 2811 voces
1292 2776 1387 2808 nihil
1418 2778 1600 2809 interesse

920 2822 1092 2857 dicentis.
1124 2821 1173 2854 At
1191 2824 1225 2855 ei
1243 2832 1368 2855 omnes
1388 2822 1450 2864 qui
1466 2821 1601 2855 adsunt
