1682 2944
462 105 537 143 AD
566 103 812 143 GORGIAM
839 101 1112 141 PLATONIS.
1412 105 1465 140 49

106 217 179 256 etsi
206 218 303 255 haec
330 217 604 267 disputationis
632 216 824 266 particula
852 215 1028 265 proxime
1057 214 1263 253 coniuncta
1291 217 1350 253 est
1378 227 1466 252 cum

106 287 183 311 uno
213 274 380 312 maxime
410 273 599 325 colloquio
627 273 730 311 inter
759 272 957 310 Socratem
987 276 1026 310 et
1054 271 1252 310 Calliclem
1269 270 1463 318 instituto,

107 334 237 369 tamen
276 331 393 369 etiam
430 330 614 368 sermonis
655 342 743 367 cum
782 328 925 377 Gorgia
964 333 1081 380 atque
1109 329 1203 366 Polo
1241 327 1366 366 habiti
1404 341 1464 365 ra-

106 387 252 425 tionem
281 387 370 425 duci
406 386 593 437 imprimis
633 399 684 424 ex
724 399 768 424 eo
804 385 1055 423 manifestum
1092 386 1156 432 fit,
1195 385 1298 436 quod
1335 386 1463 423 denuo

106 443 290 482 scientiae
319 444 367 481 ad
396 446 520 482 artem
547 442 753 481 oratoriam
782 442 1019 480 necessariae
1054 441 1200 480 mentio
1228 442 1292 489 fit,
1333 454 1356 479 a
1385 455 1463 493 qua

106 500 230 549 prima
266 503 375 550 parte
415 499 538 538 omnis
577 512 716 538 exorsa
753 503 814 537 est
851 498 1082 548 disputatio,-
1122 502 1239 550 atque
1276 498 1462 548 potentia,

106 570 223 607 quam
251 569 344 595 vera
372 569 433 595 ars
472 556 595 595 civilis
626 556 786 602 habeat,
826 555 968 607 quippe
998 568 1119 607 quum
1158 556 1207 593 ad
1235 559 1462 605 perpetuam

107 626 152 650 ac
180 613 452 662 sempiternam
480 613 706 651 felicitatem
733 611 943 663 plurimum
971 612 1102 650 valere
1131 611 1343 659 iudicetur,
1382 625 1461 649 non

106 670 216 707 modo
245 669 423 716 Calliclis,
463 671 531 708 sed
558 669 726 708 maxime
765 668 884 707 etiam
911 668 997 706 Poli
1035 669 1082 706 de
1110 668 1184 706 hac
1211 682 1252 706 re
1290 668 1461 718 opinioni

105 739 125 763 e
153 725 309 774 regione
337 726 503 776 ponitur.
563 727 628 764 Ex
656 739 732 778 quo
760 725 930 776 profecto
959 726 1075 764 debet
1102 738 1185 763 esse
1213 725 1460 775 perspicuum

104 782 297 831 pertinere
334 783 436 820 hanc
482 782 667 821 sermonis
714 782 998 821 conclusionem
1044 781 1199 819 omnino
1247 783 1295 820 ad
1334 786 1461 820 totum

105 839 346 890 colloquium,
375 839 488 890 quale
518 840 567 877 ab
595 838 706 877 initio
735 839 919 888 legimus,
959 852 1086 890 neque
1125 842 1276 888 partem
1314 838 1457 887 dialogi

105 908 200 943 cam,
230 909 307 947 qua
327 895 502 934 Socrates
531 909 618 934 cum
638 895 781 944 Gorgia
809 896 856 933 de
876 898 1018 934 natura
1035 895 1246 933 rhetorices
1273 895 1458 944 disputat,

103 964 191 989 cum
219 952 439 991 novissimis
467 952 609 991 criticis
637 956 836 1004 tamquam
870 965 938 1002 pro
966 951 1252 991 introductione
1291 952 1459 1003 quadam

104 1008 321 1047 habendam
348 1022 442 1056 esse,
472 1022 549 1060 qua
575 1009 735 1060 reliquis
765 1008 876 1061 quasi
904 1009 1164 1059 praeludatur.

189 1066 265 1104 Sed
292 1066 388 1103 haec
416 1065 573 1117 quidem
610 1066 658 1104 de
697 1065 758 1104 his
797 1065 903 1103 satis.
961 1066 1099 1104 Restat
1138 1068 1184 1103 ut
1221 1065 1456 1102 monendum

103 1121 154 1159 sit
181 1122 229 1159 (16
271 1122 477 1172 epilogo
513 1122 565 1172 (p.
598 1123 691 1160 527.
721 1123 761 1161 C.
791 1144 848 1148 —
875 1121 950 1170 E.).
1007 1123 1049 1160 Is
1077 1134 1168 1161 vero
1197 1124 1238 1160 et
1265 1121 1457 1161 brevitate

103 1180 144 1215 et
171 1178 417 1228 simplicitate
445 1192 516 1217 sua
543 1191 698 1229 prorsus
725 1178 888 1227 insignis
917 1180 987 1225 est,
1015 1182 1062 1217 ut
1085 1191 1130 1216 eo
1158 1177 1313 1216 nomine
1340 1178 1456 1228 plane

102 1235 332 1284 respondeat
369 1235 525 1284 prologo
571 1235 724 1284 dialogi.
791 1234 922 1275 Quum
967 1235 1071 1272 enim
1115 1248 1243 1286 neque
1280 1234 1456 1272 Callicles

103 1303 230 1342 neque
260 1291 378 1329 Polus
405 1304 532 1342 neque
561 1291 722 1340 Gorgias
762 1291 958 1329 meliorem
995 1291 1101 1330 vitae
1130 1293 1228 1330 bene
1265 1295 1306 1329 et
1342 1292 1454 1330 beate

102 1347 298 1396 degendae
324 1347 515 1386 rationem
543 1348 692 1386 Socrati
719 1348 917 1397 potuerint
943 1348 1112 1385 indicare
1141 1361 1198 1395 ea,
1228 1361 1345 1398 quam
1372 1348 1455 1397 ipse

101 1403 248 1442 fatetur
275 1403 348 1442 sibi
376 1417 526 1454 semper
553 1405 753 1454 probatam
782 1417 876 1452 esse,
905 1404 1006 1442 hanc
1024 1417 1144 1442 unam
1172 1407 1303 1442 censet
1318 1407 1454 1442 tenen-

103 1460 191 1497 dam
220 1473 264 1498 ac
292 1462 527 1511 sequendam
555 1473 650 1508 esse,
678 1474 749 1499 nec
775 1474 868 1501 vero
897 1461 1146 1508 contrariam,
1183 1461 1326 1512 quippe
1355 1474 1455 1512 quae

102 1516 214 1554 nihili
252 1517 490 1556 aestimanda
526 1517 577 1556 sit
612 1517 663 1568 (p.
704 1521 795 1555 526.
834 1518 883 1555 D.
913 1539 971 1546 -
1011 1519 1103 1556 527.
1140 1516 1215 1566 Ε.)
1273 1518 1456 1556 Continet

103 1572 223 1621 igitur
260 1573 431 1623 epilogus
468 1574 636 1625 denique
671 1573 771 1612 nihil
806 1574 884 1612 nisi
911 1574 1281 1613 commendationem
1310 1588 1454 1622 eorum,

103 1642 201 1680 quae
229 1629 470 1680 philosophia
497 1631 669 1669 suadeat.

187 1684 318 1726 Quum
353 1686 474 1736 igitur
510 1687 604 1725 satis
641 1687 718 1724 iam
757 1690 934 1737 apertum
971 1687 1023 1726 sit
1060 1686 1232 1736 singulas
1274 1686 1454 1737 colloquii

102 1745 231 1791 partes
259 1743 333 1781 hac
359 1743 508 1782 ratione
537 1743 679 1793 optime
708 1743 812 1782 inter
837 1744 942 1794 ipsas
962 1745 1165 1782 cohaerere
1195 1747 1235 1782 et
1264 1744 1312 1780 ad
1330 1757 1453 1780 unum

103 1799 344 1851 eundemque
371 1799 489 1838 finem
507 1800 735 1850 conspirare,
765 1800 858 1852 quid
878 1801 940 1847 sit,
970 1801 1019 1838 ad
1049 1801 1152 1851 quod
1180 1800 1303 1838 omnis
1323 1799 1453 1848 dispu-

101 1855 198 1893 tatio
237 1855 402 1907 denique
440 1857 652 1906 pertineat,
690 1857 801 1895 nobis
830 1857 986 1908 quidem
1023 1856 1231 1907 clarissime
1270 1869 1454 1906 apparere

102 1911 267 1959 videtur,
295 1925 422 1963 neque
449 1913 528 1950 iam
546 1926 642 1963 opus
662 1916 732 1960 est,
762 1916 807 1951 ut
835 1913 998 1951 aliorum
1027 1914 1074 1951 de
1093 1914 1167 1951 hac
1194 1926 1236 1951 re
1255 1912 1454 1963 opiniones

102 1980 219 2017 supra
247 1968 370 2007 obiter
398 1973 627 2008 memoratas
655 1969 931 2007 examinemus.

187 2022 300 2065 Quod
336 2029 469 2071 autem
504 2025 546 2063 in
581 2025 774 2077 plerisque
812 2026 920 2064 libris
948 2026 1121 2064 Platonis
1162 2025 1339 2064 omnibus
1367 2025 1452 2063 fieri

101 2079 209 2127 solet,
237 2083 283 2119 ut
311 2094 398 2119 cum
425 2082 597 2132 principe
625 2082 885 2132 disputatione
915 2082 991 2120 alia
1018 2082 1136 2120 etiam
1160 2085 1451 2129 connectantur,

101 2149 200 2186 quae
230 2138 341 2188 quasi
368 2138 593 2177 secundaria
611 2151 727 2189 opera
752 2139 1005 2189 explicentur,
1033 2139 1137 2177 idem
1165 2139 1283 2177 etiam
1311 2139 1352 2176 in
1380 2139 1453 2176 hoc

101 2204 286 2240 sermone,
315 2195 532 2244 argumenti
559 2195 748 2235 varietate
778 2208 966 2247 perquam
994 2195 1148 2245 insigni,
1176 2196 1303 2233 locum
1321 2196 1453 2233 habet.

102 2248 189 2286 Etsi
226 2249 330 2287 enim
366 2251 542 2302 princeps
580 2252 791 2302 disputatio
828 2252 870 2290 in
908 2265 954 2290 eo
991 2255 1188 2299 versatur,
1237 2255 1283 2290 ut
1330 2255 1453 2290 artem

101 2305 332 2344 rhetoricam
360 2311 400 2346 et
428 2307 600 2355 civilem,
630 2308 753 2360 qualis
781 2308 850 2346 illa
880 2311 1007 2348 aetate
1034 2310 1240 2358 regnabat,
1279 2308 1453 2346 reiicien-

103 2361 191 2399 dam
220 2366 259 2401 et
288 2363 336 2401 ad
363 2363 624 2414 philosophiae
652 2365 841 2403 rationem
869 2365 1147 2404 aestimandam
1177 2368 1217 2403 et
1245 2364 1453 2404 vindicatis

103 2418 200 2456 bene
228 2419 466 2471 honesteque
494 2420 652 2460 vivendi
680 2421 829 2470 legibus
858 2422 1113 2461 revocandam
1149 2434 1232 2459 esse
1261 2421 1453 2468 doceatur,

101 2476 232 2512 tamen
261 2488 347 2513 cum
377 2489 422 2514 ea
448 2477 577 2526 plures
607 2476 704 2515 aliae
723 2478 969 2529 quaestiones
998 2481 1101 2517 arcte
1120 2478 1320 2528 copulatae
1349 2480 1453 2524 sunt,

101 2542 200 2581 quae
244 2531 420 2570 uberiore
458 2533 713 2583 explicatione
757 2533 896 2582 dignae
939 2535 1183 2582 viderentur,
1234 2534 1358 2572 veluti
1407 2535 1454 2571 de

100 2599 277 2636 supremo
305 2589 563 2627 humanarum
591 2590 785 2628 actionum
813 2590 911 2638 fine,
942 2591 989 2629 de
1018 2591 1112 2630 iusti
1141 2594 1181 2629 et
1207 2590 1367 2628 iucundi
1395 2590 1451 2627 di-

102 2643 306 2692 versitate,
343 2645 391 2683 de
427 2645 503 2685 viri
538 2646 630 2684 boni
669 2651 709 2685 et
736 2647 890 2686 honesti
927 2647 968 2685 in
997 2647 1233 2698 perferendis
1271 2646 1383 2684 malis
1415 2649 1455 2685 et

166 2719 238 2746 Plat.
257 2719 330 2753 Opp.
348 2721 411 2748 vol.
429 2722 466 2747 11.
485 2720 560 2747 Soet.
580 2722 606 2748 1.
1168 2722 1191 2755 4
