1690 2892
449 198 694 239 GORGIAS.
722 198 767 236 P.
800 200 894 236 503.
925 197 985 236 ed.
1018 196 1074 235 St.
1364 193 1443 231 267

91 311 230 364 ἄνδρα
256 310 422 352 τούτων
448 308 545 352 τινὰ
583 306 806 363 γεγονέναι
844 303 949 360 ἔχεις
986 305 1141 354 elusim
1184 304 1321 345 ΚΑΛ.
1355 302 1447 344 Οὐκ

92 373 171 430 ἔχω
201 374 345 430 ἔγωγε,
374 377 465 424 πῶς
493 374 612 416 εἴπω.

177 442 284 500 Cap.
317 442 439 485 LIX.
497 444 596 484 ΣΩ.
638 436 738 482 Ἀλλ’
768 439 844 483 ἐὰν
874 442 1001 494 ζητῇς
1037 440 1199 489 καλῶς,
1241 437 1444 492 εὑρήσεις.

90 509 248 563 ἴδωμεν
284 509 337 563 δὴ
377 507 534 551 οὑτωσὶ
572 504 732 561 ἀτρέμα
772 507 1079 559 σκοπούμενοι,
1121 504 1160 545 εἴ
1193 518 1256 552 τις
1282 502 1449 545 τούτων

91 579 287 624 τοιοῦτος
314 573 476 628 γέγονε.
506 571 611 626 φέρε
637 574 745 626 γάρ,
782 572 806 613 ὁ
842 571 1011 625 ἀγαθὸς
1050 568 1160 624 ἀνὴρ
1195 568 1267 611 καὶ
1304 567 1372 610 ἐπὶ
1398 566 1447 609 τὸ

92 637 313 693 βέλτιστον
340 636 478 692 λέγων
506 639 533 679 ἃ
563 637 618 679 ἂν
645 636 746 693 λέγῃ
775 640 878 679 ἄλλο
906 652 946 678 τι
973 636 1054 678 οὐκ
1093 636 1181 689 εἰκῇ
1213 633 1314 688 ἐρεῖ,
1357 633 1446 675 ἀλλ’
1476 633 1515 675 Ε
1565 655 1577 664 -

92 701 350 758 ἀποβλέπων
387 704 495 756 πρός
532 719 594 754 τις
645 702 783 756 ὥςπερ
824 700 896 743 καὶ
938 702 981 744 οἱ
1018 703 1139 743 ἄλλοι
1187 701 1342 748 πάντες
1379 700 1448 754 δη-

92 769 293 824 μιουργοὶ
321 767 549 822 βλέποντες
576 770 684 823 πρὸς
720 769 768 810 τὸ
809 767 952 809 αὐτῶν
990 764 1117 821 ε’ργον
1156 765 1331 814 ἕκαστος
1367 765 1447 807 οὐκ

94 836 185 890 εἰκῇ
215 834 490 889 ἐκλεγόμενος
516 833 746 888 προςφέρει
786 835 813 875 ἃ
842 831 1072 886 προςφέρει
1108 833 1217 885 ποὸς
1242 831 1291 872 τὸ
1319 828 1448 884 ε’ργον

97 902 145 942 τὸ
185 901 343 952 αὐτοῦ
382 896 469 943 ἄλλ’
509 900 626 951 ὅπως
662 899 716 941 ἂν
754 895 867 949 εἶδός
903 914 943 940 τι
971 898 1086 952 αὐτῷ
1123 904 1201 954 σχῇ
1229 904 1382 948 τοῦτο,
1423 893 1447 938 ὃ

87 1042 229 1121 {pngere
248 1040 374 1120 golent.
397 1051 430 1074 V.
453 1041 633 1075 Matthiae.
666 1041 724 1076 Gr.
759 1041 790 1081 ξ.
814 1040 868 1074 41.
894 1041 1096 1073 Buttmann.
1122 1040 1181 1073 Gr.
1206 1039 1309 1082 ampl.
1335 1040 1365 1080 §-
1390 1037 1444 1072 80.

112 1111 121 1120 .
145 1098 225 1120 ann.
273 1111 281 1119 .

155 1155 195 1187 E.
243 1152 339 1187 ἄλλο
370 1166 403 1186 τι
434 1151 511 1187 οὐκ
543 1152 658 1197 εἰκῇ]
715 1154 773 1187 Sic
806 1153 923 1187 Clark.
954 1153 1031 1186 Vat.
1064 1152 1169 1186 Coisl.
1203 1152 1264 1185 alii
1296 1152 1446 1195 plurimi.

90 1200 205 1243 Vulgo
229 1205 302 1233 erat
324 1197 403 1232 ἄλλο
429 1212 455 1232 τι
481 1198 502 1243 ἢ
525 1197 589 1232 οὐκ
614 1199 702 1242 εἰκῇ.

159 1267 410 1309 προςφέρει
434 1265 454 1299 ἃ
481 1267 743 1309 προςφὲοει]
781 1267 882 1299 Prius
909 1265 1102 1308 προςφὲρει
1125 1266 1270 1298 accessit
1293 1276 1335 1297 ox
1360 1265 1447 1297 Ven.

96 1313 175 1345 ΞΣ.
201 1313 303 1345 Vind.
328 1312 360 1345 2.
384 1312 483 1344 Bodl.
507 1314 598 1355 Aug
622 1312 725 1345 Vind.
758 1312 790 1345 2.
815 1311 845 1345 7.
893 1314 933 1344 In
966 1312 1083 1344 Clark.
1107 1312 1185 1345 Vat
1212 1311 1318 1345 Coisl.
1344 1310 1447 1342 Vind.

92 1357 125 1390 l.
147 1357 179 1391 6.
203 1359 280 1391 Par.
304 1324 588 1391 BCEFIVWg
600 1358 830 1397 Florentinis,
861 1357 959 1390 Bodl.
984 1355 1006 1389 ἃ
1028 1357 1132 1390 deest.
1180 1357 1272 1389 Dein
1298 1353 1386 1398 πρὸς
1412 1354 1447 1388 τὸ

92 1404 199 1482 gpypz
203 1401 259 1481 Ρτὸ
291 1415 405 1482 011an
412 1403 493 1481 Fial
528 1401 794 1481 αὐτῶνΒΟέΙαι-Ιζ.
820 1403 897 1435 Vat.
922 1402 1028 1436 Coisl.
1051 1403 1138 1435 Ven.
1166 1401 1206 1435 Σ.
1232 1402 1334 1435 Vind.
1360 1400 1390 1434 1.
1415 1401 1447 1435 2.

116 1459 281 1483 ..aiz
381 1473 388 1481 .
457 1460 617 1482 or.o.x.
673 1460 739 1482 o.

806 1579 922 1611 ctione
945 1578 1173 1612 consensione
1196 1578 1375 1622 probabile
1399 1578 1449 1611 vi-

805 1635 882 1657 sum
914 1628 965 1657 est
998 1624 1084 1657 haec
1119 1635 1181 1667 per
1215 1625 1447 1657 anacoluthon
1499 1652 1502 1654 ,

90 1576 140 1610 ὅτι
173 1575 282 1621 α’ρετή
313 1578 408 1611 ἐστιν
441 1576 624 1611 ἀποτελεῖν
655 1576 735 1611 ταύ-

92 1635 150 1658 τας
173 1636 202 1656 κ.
229 1636 254 1656 τ.
278 1625 306 1656 λ.
357 1624 571 1657 Sententiam
596 1627 738 1667 apparet

91 1679 165 1701 esse
182 1669 292 1702 hanc:
315 1670 354 1702 si
378 1680 459 1702 non
485 1670 565 1703 hoe
589 1680 735 1702 verum

91 1718 172 1755 est,
225 1714 300 1747 sed
345 1714 482 1755 illud,
537 1714 646 1758 quod
693 1715 735 1747 in

91 1761 350 1801 posteriore
427 1760 735 1803 disputatione

94 1806 247 1837 coacti
316 1815 463 1838 sumus
529 1805 737 1838 concede—

92 1860 135 1882 re
174 1861 245 1883 eas
285 1850 534 1892 cupiditate
546 1862 581 1892 s,
625 1862 735 1893 quae

94 1906 218 1937 quum
251 1896 550 1938 explerentur
591 1895 736 1928 redde-

90 1945 192 1972 rent
234 1940 454 1973 hominem
496 1941 735 1982 meliorem,

93 1985 266 2027 expleri
319 1990 358 2018 et
403 1986 565 2018 satiari
618 1997 736 2029 opor-

95 2034 181 2062 tere
196 2042 204 2062 ε
245 2034 284 2062 ut
320 2031 379 2063 hic
408 2042 544 2074 quoque
574 2032 673 2064 locus
698 2032 734 2063 in

92 2075 136 2107 iis
167 2076 401 2108 numerandus
431 2077 495 2116 sit,
534 2077 570 2109 in
609 2076 735 2119 quibus

92 2121 308 2163 grammatici
352 2120 427 2154 δεῖν
472 2122 734 2165 intelligendum

91 2176 166 2198 esse
198 2166 449 2207 iudicaverunt.
486 2178 517 2199 V.
552 2168 595 2200 ad
625 2168 735 2200 Phae-

91 2210 170 2243 don.
193 2221 227 2253 p.
251 2210 304 2244 95.
329 2212 367 2244 Β.
424 2211 533 2246 ..104
556 2213 597 2245 Ε.
643 2212 735 2245 Illud

92 2267 175 2288 vero
199 2257 347 2289 multum
367 2256 473 2289 habet
496 2257 734 2299 dubitationis,

97 2301 267 2343 quomodo
324 2305 496 2335 structura
550 2304 733 2336 verborum

95 2344 218 2379 τούτου
244 2346 284 2379 δὲ
308 2346 405 2390 τέχνη
441 2359 489 2382 τις
512 2343 604 2381 εἶναι
633 2359 735 2391 expe-

93 2391 219 2424 dienda
242 2393 295 2424 sit.
337 2393 372 2424 H
383 2392 483 2424 eind
493 2394 577 2426 orfi
587 2404 636 2426 us
658 2404 735 2427 ver-

93 2436 176 2469 bum
208 2437 368 2492 aliquod
380 2437 550 2471 excidisse
582 2440 734 2493 suspica-

89 2481 192 2514 batur
202 2506 211 2523 ‚
248 2486 308 2515 ant
331 2494 362 2515 ει
370 2494 424 2515 ναι
454 2483 491 2514 in
515 2483 571 2526 εἴη
594 2481 639 2516 ἂν
661 2495 734 2517 mu-

90 2527 232 2559 tandum
255 2538 340 2560 esse.
389 2529 418 2559 A
431 2528 487 2559 st
478 2538 544 2560 ius
573 2530 735 2562 coniicie-

89 2571 150 2604 bat
186 2572 370 2627 legendum
414 2583 504 2606 esse:
554 2577 654 2606 τοῦτο
694 2574 733 2608 δὲ

94 2616 209 2659 τέχνης
227 2613 330 2656 εἶιῃαι
355 2618 446 2660 quod
464 2628 543 2650 cum
567 2619 734 2652 librorum

89 2662 259 2704 scriptura
287 2666 387 2695 τοῦτο
418 2674 479 2706 pro
522 2663 645 2696 τούτοι
676 2676 734 2697 ex-

89 2706 283 2740 hibentium
314 2709 384 2741 fere
416 2709 587 2751 congruit.
644 2710 734 2743 Mihi

89 2752 127 2784 in
150 2756 248 2786 tanta
270 2753 434 2787 librorum
459 2753 499 2786 de
524 2754 664 2797 vulgata
686 2755 733 2789 le-

806 1680 882 1702 esse
913 1669 1126 1712 accipienda.
1178 1670 1323 1703 Ponitur
1354 1671 1447 1702 enim

804 1716 1041 1748 nominativus
1058 1726 1134 1747 cum
1146 1715 1331 1756 infinitivo,
1347 1716 1448 1757 quasi

806 1765 908 1793 antea
943 1771 1003 1803 pro
1036 1773 1080 1804 ηπ
1082 1771 1205 1804 aymo
1196 1761 1311 1803 ιῘημει
1348 1758 1447 1804 ἡμεῖς

804 1804 990 1861 ὁμολογεῖν
1027 1806 1156 1838 dictum
1193 1810 1283 1839 esset
1315 1803 1445 1846 (ὁμολο-

805 1856 898 1895 γεῖτο
929 1848 1020 1893 ἡμῖν.
1084 1851 1204 1893 Itaque
1244 1851 1310 1884 hoc
1342 1852 1444 1884 dicit:

804 1898 883 1929 hoc
916 1901 1058 1930 autem
1097 1894 1146 1938 (τὸ
1186 1894 1244 1931 τὰς
1275 1896 1340 1935 μὲν
1378 1900 1447 1930 τῶν

805 1941 1002 1981 ἐπιθυμιῶν
1024 1939 1217 1980 ἀποτελεῖν,
1242 1940 1300 1976 τὰς
1325 1941 1365 1975 δὲ
1390 1940 1444 1983 οὔ)

805 1997 902 2019 esse
936 1987 1153 2029 quandam
1184 1991 1328 2020 artem.
1381 1989 1446 2020 Re-

804 2032 943 2065 ferenda
967 2036 1081 2065 autem
1104 2033 1191 2065 haec
1214 2036 1295 2065 sunt
1317 2033 1360 2065 ad
1384 2034 1447 2066 illa

805 2078 955 2110 Socratis
979 2087 1055 2121 cap.
1068 2078 1172 2119 LIV„
1194 2079 1255 2111 ubi
1278 2079 1447 2111 eiusmodi

803 2123 927 2164 virum,
951 2124 1011 2165 qui
1034 2124 1126 2156 bona
1150 2134 1171 2155 a
1194 2124 1355 2157 iucundis
1379 2124 1446 2157 dis-

804 2178 941 2201 cernere
987 2173 1090 2211 atque
1142 2169 1264 2202 docere
1317 2174 1444 2212 posset,

804 2225 972 2256 quaenam
991 2214 1186 2257 voluptates
1210 2215 1333 2256 malae,
1358 2226 1446 2258 quae

803 2260 912 2292 bonae
936 2259 1116 2293 habendae
1140 2264 1265 2301 essent,
1291 2259 1447 2303 τεχνικὸν

804 2305 1048 2348 appellaverat.

848 2350 932 2392 Cap.
967 2351 1060 2383 LIX.
1096 2351 1140 2382 D.
1185 2349 1353 2390 ἴδωμεν
1392 2349 1445 2394 δὴ

803 2393 968 2428 οὑτωσὶ
995 2393 1171 2439 ἀτρέμα]
1196 2363 1446 2430 consideran

801 2451 893 2472 mus
918 2441 1061 2484 igitur
1084 2441 1148 2473 sic
1177 2441 1378 2483 placide.
1409 2453 1445 2474 80

802 2485 870 2518 lass
893 2497 958 2518 uns
989 2486 1078 2518 demz
1103 2497 1145 2518 so
1171 2497 1282 2529 qauz
1315 2487 1445 2540 ruhiy

802 2530 910 2563 seben.
947 2531 1035 2564 Nam
1060 2529 1195 2564 οὑ’τωσι
1212 2543 1291 2565 cum
1315 2529 1445 2574 ἀτρέμα

802 2580 894 2608 arcte
926 2577 1205 2609 connectendum.
1253 2578 1363 2610 Usum
1395 2578 1445 2609 lo-

802 2621 930 2663 quendi
944 2621 1132 2654 illustravit
1142 2622 1225 2655 adh.
1236 2622 1259 2654 l.
1272 2622 1443 2663 Heind.;

803 2667 980 2708 attigimus
1018 2667 1100 2699 item
1143 2678 1207 2700 nos
1248 2667 1289 2699 ad
1326 2668 1442 2710 Symp.

801 2722 834 2754 p.
859 2710 934 2744 176.
958 2712 1004 2744 E:
1030 2711 1120 2745 οὕτω
1153 2710 1242 2754 πρὸς
1267 2709 1412 2755 ἡδονήν.

847 2757 887 2788 Ε.
935 2757 980 2788 οἱ
1026 2754 1145 2790 ἄλλοι
1194 2755 1280 2789 πάν
1289 2768 1358 2791 τες
1399 2776 1442 2781 -
