<?xml version="1.0" encoding="UTF-8"?>
<!DOCTYPE html PUBLIC "-//W3C//DTD XHTML 1.0 Transitional//EN"
    "http://www.w3.org/TR/xhtml1/DTD/xhtml1-transitional.dtd">
<html xmlns="http://www.w3.org/1999/xhtml" xml:lang="en" lang="en">
 <head>
  <title>
</title>
<meta http-equiv="Content-Type" content="text/html;charset=utf-8" />
  <meta name='ocr-system' content='tesseract 3.04.00' />
  <meta name='ocr-capabilities' content='ocr_page ocr_carea ocr_par ocr_line ocrx_word'/>
</head>
<body>
  <div class='ocr_page' id='page_1' title='image "./operaomniarecens02platuoft/operaomniarecens02platuoft_0239.png"; bbox 0 0 1716 2886; ppageno 0'>
   <div class='ocr_carea' id='block_1_1' title="bbox 483 173 1474 216">
    <p class='ocr_par' dir='ltr' id='par_1_1' title="bbox 483 173 1474 216">
     <span class='ocr_line' id='line_1_1' title="bbox 483 173 1474 216; baseline -0.007 -1"><span class='ocrx_word' id='word_1_1' title='bbox 483 175 726 216; x_wconf 83' lang='lat' dir='ltr'><strong>GORGIAS.</strong></span> <span class='ocrx_word' id='word_1_2' title='bbox 757 175 800 213; x_wconf 94' lang='lat' dir='ltr'><strong>P.</strong></span> <span class='ocrx_word' id='word_1_3' title='bbox 832 177 926 212; x_wconf 88' lang='lat'><strong>493.</strong></span> <span class='ocrx_word' id='word_1_4' title='bbox 958 174 1017 212; x_wconf 91' lang='lat' dir='ltr'><strong>ed.</strong></span> <span class='ocrx_word' id='word_1_5' title='bbox 1049 173 1104 212; x_wconf 89' lang='lat' dir='ltr'><strong>St.</strong></span> <span class='ocrx_word' id='word_1_6' title='bbox 1395 175 1474 208; x_wconf 84' lang='lat'><strong>233</strong></span> 
     </span>
    </p>
   </div>
   <div class='ocr_carea' id='block_1_2' title="bbox 123 278 1479 600">
    <p class='ocr_par' dir='ltr' id='par_1_2' title="bbox 123 278 1479 600">
     <span class='ocr_line' id='line_1_2' title="bbox 123 278 1477 340; baseline -0.005 -12"><span class='ocrx_word' id='word_1_7' title='bbox 123 286 347 340; x_wconf 78' lang='grc' dir='ltr'>ἐπιθυμίαι.</span> <span class='ocrx_word' id='word_1_8' title='bbox 375 286 476 336; x_wconf 73' lang='grc' dir='ltr'>εἰσί,</span> <span class='ocrx_word' id='word_1_9' title='bbox 516 285 714 339; x_wconf 74' lang='grc' dir='ltr'><em>τυγχάνει</em></span> <span class='ocrx_word' id='word_1_10' title='bbox 753 282 806 325; x_wconf 83' lang='grc' dir='ltr'><strong>ὂν</strong></span> <span class='ocrx_word' id='word_1_11' title='bbox 835 278 932 325; x_wconf 85' lang='grc' dir='ltr'><em>οἷον</em></span> <span class='ocrx_word' id='word_1_12' title='bbox 958 282 1274 324; x_wconf 78' lang='grc' dir='ltr'><em>ἅναπεῖθεσθαι</em></span> <span class='ocrx_word' id='word_1_13' title='bbox 1312 279 1383 323; x_wconf 82' lang='grc' dir='ltr'><strong>καὶ</strong></span> <span class='ocrx_word' id='word_1_14' title='bbox 1410 295 1477 334; x_wconf 81' lang='grc' dir='ltr'><strong>με·</strong></span> 
     </span>
     <span class='ocr_line' id='line_1_3' title="bbox 123 348 1479 401; baseline -0.004 -8"><span class='ocrx_word' id='word_1_15' title='bbox 123 352 343 393; x_wconf 80' lang='grc' dir='ltr'><em>ταπίπτειν</em></span> <span class='ocrx_word' id='word_1_16' title='bbox 382 354 472 393; x_wconf 81' lang='grc' dir='ltr'><strong>ἄνω</strong></span> <span class='ocrx_word' id='word_1_17' title='bbox 509 351 644 392; x_wconf 81' lang='grc' dir='ltr'><em>κάτω·</em></span> <span class='ocrx_word' id='word_1_18' title='bbox 695 348 766 391; x_wconf 81' lang='grc' dir='ltr'><strong>καὶ</strong></span> <span class='ocrx_word' id='word_1_19' title='bbox 802 351 931 390; x_wconf 84' lang='grc' dir='ltr'><em>τοῦτο</em></span> <span class='ocrx_word' id='word_1_20' title='bbox 974 350 1059 400; x_wconf 76' lang='grc' dir='ltr'><strong>ἄρα</strong></span> <span class='ocrx_word' id='word_1_21' title='bbox 1108 363 1170 397; x_wconf 83' lang='grc' dir='ltr'><strong>τις</strong></span> <span class='ocrx_word' id='word_1_22' title='bbox 1215 348 1479 401; x_wconf 78' lang='grc' dir='ltr'><em>μυθολογῶν</em></span> 
     </span>
     <span class='ocr_line' id='line_1_4' title="bbox 123 409 1477 471; baseline -0.006 -11"><span class='ocrx_word' id='word_1_23' title='bbox 123 418 290 471; x_wconf 82' lang='grc' dir='ltr'><strong>κομψὸς</strong></span> <span class='ocrx_word' id='word_1_24' title='bbox 326 417 461 471; x_wconf 70' lang='grc' dir='ltr'><em>α’νήρ,</em></span> <span class='ocrx_word' id='word_1_25' title='bbox 499 415 600 464; x_wconf 81' lang='grc' dir='ltr'><em>ἴσως</em></span> <span class='ocrx_word' id='word_1_26' title='bbox 629 415 807 463; x_wconf 78' lang='grc' dir='ltr'><strong><em>Σικελός</em></strong></span> <span class='ocrx_word' id='word_1_27' title='bbox 844 429 906 463; x_wconf 80' lang='grc' dir='ltr'><strong>τις</strong></span> <span class='ocrx_word' id='word_1_28' title='bbox 944 409 972 466; x_wconf 77' lang='grc' dir='ltr'><em>ἢ</em></span> <span class='ocrx_word' id='word_1_29' title='bbox 1008 413 1231 463; x_wconf 70' lang='grc' dir='ltr'><em>Ἰταλικάς,</em></span> <span class='ocrx_word' id='word_1_30' title='bbox 1269 413 1477 465; x_wconf 75' lang='grc' dir='ltr'><em>παράγων</em></span> 
     </span>
     <span class='ocr_line' id='line_1_5' title="bbox 124 476 1477 536; baseline -0.005 -11"><span class='ocrx_word' id='word_1_31' title='bbox 124 489 182 535; x_wconf 83' lang='grc' dir='ltr'><strong>τῷ</strong></span> <span class='ocrx_word' id='word_1_32' title='bbox 222 482 400 536; x_wconf 85' lang='grc' dir='ltr'><em>ὀνόματι</em></span> <span class='ocrx_word' id='word_1_33' title='bbox 438 480 508 523; x_wconf 83' lang='grc' dir='ltr'><strong>διὰ</strong></span> <span class='ocrx_word' id='word_1_34' title='bbox 543 481 591 522; x_wconf 88' lang='grc' dir='ltr'><strong>τὸ</strong></span> <span class='ocrx_word' id='word_1_35' title='bbox 627 480 819 522; x_wconf 85' lang='grc' dir='ltr'><em>πιθανόν</em></span> <span class='ocrx_word' id='word_1_36' title='bbox 856 493 899 520; x_wconf 80' lang='grc' dir='ltr'><strong>τε</strong></span> <span class='ocrx_word' id='word_1_37' title='bbox 935 477 1006 520; x_wconf 85' lang='grc' dir='ltr'><strong>καὶ</strong></span> <span class='ocrx_word' id='word_1_38' title='bbox 1044 478 1239 520; x_wconf 81' lang='grc' dir='ltr'><em>πιστικὸν</em></span> <span class='ocrx_word' id='word_1_39' title='bbox 1283 476 1477 531; x_wconf 81' lang='grc' dir='ltr'><em>ὠνόμασε</em></span> 
     </span>
     <span class='ocr_line' id='line_1_6' title="bbox 123 539 1478 600; baseline -0.004 -10"><span class='ocrx_word' id='word_1_40' title='bbox 123 549 282 596; x_wconf 79' lang='grc' dir='ltr'><em>πίθον,</em></span> <span class='ocrx_word' id='word_1_41' title='bbox 320 547 420 596; x_wconf 81' lang='grc' dir='ltr'><em>τοὺς</em></span> <span class='ocrx_word' id='word_1_42' title='bbox 459 546 503 588; x_wconf 80' lang='grc' dir='ltr'><strong>δὲ</strong></span> <span class='ocrx_word' id='word_1_43' title='bbox 529 546 742 600; x_wconf 73' lang='grc' dir='ltr'><strong><em>ἀνοήτους</em></strong></span> <span class='ocrx_word' id='word_1_44' title='bbox 789 544 1029 599; x_wconf 76' lang='grc' dir='ltr'><em>ἀμυήτους·</em></span> <span class='ocrx_word' id='word_1_45' title='bbox 1077 546 1163 585; x_wconf 78' lang='grc' dir='ltr'><strong>τῶν</strong></span> <span class='ocrx_word' id='word_1_46' title='bbox 1198 539 1236 586; x_wconf 85' lang='grc' dir='ltr'><strong>δ’</strong></span> <span class='ocrx_word' id='word_1_47' title='bbox 1274 544 1478 598; x_wconf 77' lang='grc' dir='ltr'><em>ἀμυήτων</em></span> 
     </span>
    </p>
   </div>
   <div class='ocr_carea' id='block_1_3' title="bbox 121 683 1477 768">
    <p class='ocr_par' dir='ltr' id='par_1_3' title="bbox 121 683 1477 768">
     <span class='ocr_line' id='line_1_7' title="bbox 122 683 1477 722; baseline -0.002 -1"><span class='ocrx_word' id='word_1_48' title='bbox 122 689 200 722; x_wconf 82' lang='lat' dir='ltr'><strong>aliis</strong></span> <span class='ocrx_word' id='word_1_49' title='bbox 224 690 302 721; x_wconf 83' lang='lat' dir='ltr'><strong>Par.</strong></span> <span class='ocrx_word' id='word_1_50' title='bbox 326 688 365 720; x_wconf 91' lang='lat' dir='ltr'><strong>E.</strong></span> <span class='ocrx_word' id='word_1_51' title='bbox 390 698 458 720; x_wconf 86' lang='lat' dir='ltr'><strong>rec.</strong></span> <span class='ocrx_word' id='word_1_52' title='bbox 504 687 596 719; x_wconf 90' lang='lat' dir='ltr'><strong>Dein</strong></span> <span class='ocrx_word' id='word_1_53' title='bbox 621 683 694 717; x_wconf 82' lang='grc' dir='ltr'><strong>ἄνω</strong></span> <span class='ocrx_word' id='word_1_54' title='bbox 720 683 809 718; x_wconf 82' lang='grc' dir='ltr'><em>κάτω</em></span> <span class='ocrx_word' id='word_1_55' title='bbox 835 684 952 717; x_wconf 83' lang='lat' dir='ltr'><strong>Clark.</strong></span> <span class='ocrx_word' id='word_1_56' title='bbox 978 685 1056 716; x_wconf 78' lang='lat' dir='ltr'><strong>Vat.</strong></span> <span class='ocrx_word' id='word_1_57' title='bbox 1081 685 1168 716; x_wconf 86' lang='lat' dir='ltr'><strong>Ven.</strong></span> <span class='ocrx_word' id='word_1_58' title='bbox 1196 684 1235 716; x_wconf 89' lang='grc' dir='ltr'><strong>Σ.</strong></span> <span class='ocrx_word' id='word_1_59' title='bbox 1262 683 1364 716; x_wconf 83' lang='lat' dir='ltr'><strong>vind.</strong></span> <span class='ocrx_word' id='word_1_60' title='bbox 1391 683 1420 717; x_wconf 82' lang='lat'><strong>1.</strong></span> <span class='ocrx_word' id='word_1_61' title='bbox 1445 684 1477 718; x_wconf 79' lang='lat'><strong>2.</strong></span> 
     </span>
     <span class='ocr_line' id='line_1_8' title="bbox 121 726 1377 768; baseline -0.005 -1"><span class='ocrx_word' id='word_1_62' title='bbox 121 734 153 768; x_wconf 88' lang='grc'><strong>6.</strong></span> <span class='ocrx_word' id='word_1_63' title='bbox 178 733 208 767; x_wconf 88' lang='grc'><strong>7.</strong></span> <span class='ocrx_word' id='word_1_64' title='bbox 233 735 309 766; x_wconf 83' lang='lat' dir='ltr'><strong>Par.</strong></span> <span class='ocrx_word' id='word_1_65' title='bbox 334 733 375 765; x_wconf 91' lang='lat' dir='ltr'><strong>V.</strong></span> <span class='ocrx_word' id='word_1_66' title='bbox 401 733 491 765; x_wconf 90' lang='lat' dir='ltr'><strong>Flor.</strong></span> <span class='ocrx_word' id='word_1_67' title='bbox 517 743 551 764; x_wconf 89' lang='lat' dir='ltr'><strong>x.</strong></span> <span class='ocrx_word' id='word_1_68' title='bbox 576 733 718 764; x_wconf 88' lang='lat' dir='ltr'><strong>Meerm.</strong></span> <span class='ocrx_word' id='word_1_69' title='bbox 743 729 838 763; x_wconf 88' lang='lat' dir='ltr'><strong>Stob.</strong></span> <span class='ocrx_word' id='word_1_70' title='bbox 862 730 953 763; x_wconf 88' lang='lat' dir='ltr'><strong>Vett.</strong></span> <span class='ocrx_word' id='word_1_71' title='bbox 978 729 1071 762; x_wconf 84' lang='lat' dir='ltr'><strong>editt.</strong></span> <span class='ocrx_word' id='word_1_72' title='bbox 1096 726 1170 762; x_wconf 76' lang='grc' dir='ltr'><strong>ἄνω</strong></span> <span class='ocrx_word' id='word_1_73' title='bbox 1195 729 1251 761; x_wconf 86' lang='grc' dir='ltr'><strong>καὶ</strong></span> <span class='ocrx_word' id='word_1_74' title='bbox 1277 729 1377 762; x_wconf 80' lang='grc' dir='ltr'>κάτω.</span> 
     </span>
    </p>
   </div>
   <div class='ocr_carea' id='block_1_4' title="bbox 191 795 1478 842">
    <p class='ocr_par' dir='ltr' id='par_1_4' title="bbox 191 795 1478 842">
     <span class='ocr_line' id='line_1_9' title="bbox 191 795 1478 842; baseline -0.002 -9"><span class='ocrx_word' id='word_1_75' title='bbox 191 802 298 836; x_wconf 72' lang='grc' dir='ltr'><em>ἴσως</em></span> <span class='ocrx_word' id='word_1_76' title='bbox 332 797 519 834; x_wconf 74' lang='grc' dir='ltr'><strong><em>Σικελός</em></strong></span> <span class='ocrx_word' id='word_1_77' title='bbox 552 798 626 842; x_wconf 75' lang='grc' dir='ltr'><strong>τις]</strong></span> <span class='ocrx_word' id='word_1_78' title='bbox 674 798 753 831; x_wconf 90' lang='lat' dir='ltr'><strong>Bas.</strong></span> <span class='ocrx_word' id='word_1_79' title='bbox 778 797 810 831; x_wconf 80' lang='lat'><strong>2.</strong></span> <span class='ocrx_word' id='word_1_80' title='bbox 836 801 869 831; x_wconf 84' lang='lat' dir='ltr'><strong>et</strong></span> <span class='ocrx_word' id='word_1_81' title='bbox 893 797 991 830; x_wconf 89' lang='lat' dir='ltr'><strong>codd.</strong></span> <span class='ocrx_word' id='word_1_82' title='bbox 1017 797 1152 839; x_wconf 78' lang='lat' dir='ltr'><strong>aliquot</strong></span> <span class='ocrx_word' id='word_1_83' title='bbox 1176 795 1351 832; x_wconf 77' lang='grc' dir='ltr'>σικελικός.</span> <span class='ocrx_word' id='word_1_84' title='bbox 1376 797 1478 830; x_wconf 84' lang='lat' dir='ltr'><strong>male.</strong></span> 
     </span>
    </p>
   </div>
   <div class='ocr_carea' id='block_1_5' title="bbox 119 863 1477 1003">
    <p class='ocr_par' dir='ltr' id='par_1_5' title="bbox 119 863 1477 1003">
     <span class='ocr_line' id='line_1_10' title="bbox 190 863 1477 943; baseline -0.004 -41"><span class='ocrx_word' id='word_1_85' title='bbox 190 870 258 902; x_wconf 84' lang='grc' dir='ltr'><strong>καὶ</strong></span> <span class='ocrx_word' id='word_1_86' title='bbox 285 867 488 902; x_wconf 63' lang='lat' dir='ltr'><strong>mannan·</strong></span> <span class='ocrx_word' id='word_1_87' title='bbox 512 864 593 910; x_wconf 68' lang='grc' dir='ltr'><strong>ὢν]</strong></span> <span class='ocrx_word' id='word_1_88' title='bbox 643 866 702 899; x_wconf 84' lang='lat' dir='ltr'><strong>Sic</strong></span> <span class='ocrx_word' id='word_1_89' title='bbox 734 865 852 943; x_wconf 52' lang='lat' dir='ltr'><strong>Clarlg.</strong></span> <span class='ocrx_word' id='word_1_90' title='bbox 875 866 953 943; x_wconf 46' lang='grc' dir='ltr'>ξπ.</span> <span class='ocrx_word' id='word_1_91' title='bbox 985 865 1072 943; x_wconf 58' lang='grc' dir='ltr'>Ῡῖῃ.</span> <span class='ocrx_word' id='word_1_92' title='bbox 1099 865 1179 898; x_wconf 90' lang='grc' dir='ltr'><strong>ΞΣ.</strong></span> <span class='ocrx_word' id='word_1_93' title='bbox 1204 865 1308 943; x_wconf 51' lang='grc'><strong>11711111.</strong></span> <span class='ocrx_word' id='word_1_94' title='bbox 1334 864 1364 899; x_wconf 93' lang='grc'><strong>1.</strong></span> <span class='ocrx_word' id='word_1_95' title='bbox 1389 863 1477 918; x_wconf 46' lang='grc'>2.,7.</span> 
     </span>
     <span class='ocr_line' id='line_1_11' title="bbox 119 911 1476 1003; baseline -0.004 -10"><span class='ocrx_word' id='word_1_96' title='bbox 119 916 211 1003; x_wconf 62' lang='lat'><strong>{3321</strong></span> <span class='ocrx_word' id='word_1_97' title='bbox 221 914 452 1002; x_wconf 40' lang='lat'><strong>3333&amp;</strong></span> <span class='ocrx_word' id='word_1_98' title='bbox 467 912 732 991; x_wconf 60' lang='grc' dir='ltr'><strong>ῗὲιῗὲὶιΜιῗὲἶΞῖ</strong></span> <span class='ocrx_word' id='word_1_99' title='bbox 756 911 1055 989; x_wconf 55' lang='grc' dir='ltr'><strong>ῗὲῗηὲωὲῗῗέιῖο·</strong></span> <span class='ocrx_word' id='word_1_100' title='bbox 1075 921 1264 989; x_wconf 56' lang='lat' dir='ltr'><strong>cpfssrssssff.</strong></span> <span class='ocrx_word' id='word_1_101' title='bbox 1288 921 1476 989; x_wconf 63' lang='grc' dir='ltr'><strong>ζξὲσῖξίἱῗέέ</strong></span> 
     </span>
    </p>
   </div>
   <div class='ocr_carea' id='block_1_6' title="bbox 121 1006 256 1039">
    <p class='ocr_par' dir='ltr' id='par_1_6' title="bbox 121 1006 256 1039">
     <span class='ocr_line' id='line_1_12' title="bbox 121 1006 256 1039; baseline 0.007 -2"><span class='ocrx_word' id='word_1_102' title='bbox 121 1006 256 1039; x_wconf 86' lang='lat' dir='ltr'><strong>dilecto.</strong></span> 
     </span>
    </p>
   </div>
   <div class='ocr_carea' id='block_1_7' title="bbox 121 1132 766 2751">
    <p class='ocr_par' dir='ltr' id='par_1_7' title="bbox 122 1132 766 1711">
     <span class='ocr_line' id='line_1_13' title="bbox 125 1132 766 1178; baseline -0.006 -10.975"><span class='ocrx_word' id='word_1_103' title='bbox 125 1132 324 1178; x_wconf 65' lang='grc' dir='ltr'>θυμηῑικόν.</span> <span class='ocrx_word' id='word_1_104' title='bbox 396 1134 449 1165; x_wconf 93' lang='lat' dir='ltr'><strong>De</strong></span> <span class='ocrx_word' id='word_1_105' title='bbox 493 1132 600 1165; x_wconf 87' lang='lat' dir='ltr'><strong>animi</strong></span> <span class='ocrx_word' id='word_1_106' title='bbox 641 1135 766 1164; x_wconf 85' lang='lat' dir='ltr'><strong>natura</strong></span> 
     </span>
     <span class='ocr_line' id='line_1_14' title="bbox 122 1176 766 1265; baseline -0.008 -52"><span class='ocrx_word' id='word_1_107' title='bbox 122 1181 264 1223; x_wconf 87' lang='lat' dir='ltr'><strong>eiusque</strong></span> <span class='ocrx_word' id='word_1_108' title='bbox 287 1179 442 1222; x_wconf 85' lang='lat' dir='ltr'><strong>partibus</strong></span> <span class='ocrx_word' id='word_1_109' title='bbox 473 1178 548 1220; x_wconf 85' lang='lat' dir='ltr'>disp</span> <span class='ocrx_word' id='word_1_110' title='bbox 550 1181 657 1265; x_wconf 76' lang='lat' dir='ltr'><strong>utatp</strong></span> <span class='ocrx_word' id='word_1_111' title='bbox 655 1176 766 1219; x_wconf 90' lang='lat' dir='ltr'><strong>philo-</strong></span> 
     </span>
     <span class='ocr_line' id='line_1_15' title="bbox 123 1189 766 1312; baseline -0.008 -53"><span class='ocrx_word' id='word_1_112' title='bbox 123 1227 251 1268; x_wconf 84' lang='lat' dir='ltr'><strong>sophus</strong></span> <span class='ocrx_word' id='word_1_113' title='bbox 283 1226 336 1257; x_wconf 90' lang='lat' dir='ltr'><strong>De</strong></span> <span class='ocrx_word' id='word_1_114' title='bbox 366 1223 512 1312; x_wconf 79' lang='lat' dir='ltr'><strong>Rpepubl</strong></span> <span class='ocrx_word' id='word_1_115' title='bbox 527 1189 603 1255; x_wconf 67' lang='grc' dir='ltr'><strong>ΡΝ</strong></span> <span class='ocrx_word' id='word_1_116' title='bbox 698 1220 766 1256; x_wconf 83' lang='grc'><strong>439</strong></span> 
     </span>
     <span class='ocr_line' id='line_1_16' title="bbox 124 1233 765 1312; baseline -0.008 -8"><span class='ocrx_word' id='word_1_117' title='bbox 124 1291 168 1295; x_wconf 95' lang='grc'>-</span> <span class='ocrx_word' id='word_1_118' title='bbox 191 1268 269 1303; x_wconf 89' lang='lat'><strong>441.</strong></span> <span class='ocrx_word' id='word_1_119' title='bbox 293 1271 353 1302; x_wconf 91' lang='lat' dir='ltr'><strong>IX.</strong></span> <span class='ocrx_word' id='word_1_120' title='bbox 385 1280 417 1312; x_wconf 93' lang='lat' dir='ltr'><strong>p.</strong></span> <span class='ocrx_word' id='word_1_121' title='bbox 442 1267 520 1302; x_wconf 77' lang='lat'><strong>580.</strong></span> <span class='ocrx_word' id='word_1_122' title='bbox 544 1269 587 1300; x_wconf 91' lang='lat' dir='ltr'><strong>D.</strong></span> <span class='ocrx_word' id='word_1_123' title='bbox 618 1233 708 1300; x_wconf 77' lang='lat' dir='ltr'><strong>Tpim:</strong></span> <span class='ocrx_word' id='word_1_124' title='bbox 732 1279 765 1310; x_wconf 89' lang='lat' dir='ltr'><strong>p.</strong></span> 
     </span>
     <span class='ocr_line' id='line_1_17' title="bbox 123 1314 765 1350; baseline -0.008 0"><span class='ocrx_word' id='word_1_125' title='bbox 123 1316 178 1350; x_wconf 82' lang='lat'><strong>69.</strong></span> <span class='ocrx_word' id='word_1_126' title='bbox 196 1314 249 1349; x_wconf 92' lang='lat'><strong>70.</strong></span> <span class='ocrx_word' id='word_1_127' title='bbox 273 1316 316 1348; x_wconf 88' lang='lat' dir='ltr'><strong>cf.</strong></span> <span class='ocrx_word' id='word_1_128' title='bbox 342 1315 557 1347; x_wconf 88' lang='lat' dir='ltr'><strong>Alcinous</strong></span> <span class='ocrx_word' id='word_1_129' title='bbox 579 1314 632 1345; x_wconf 92' lang='lat' dir='ltr'><strong>De</strong></span> <span class='ocrx_word' id='word_1_130' title='bbox 646 1314 765 1345; x_wconf 89' lang='lat' dir='ltr'><strong>Doctr.</strong></span> 
     </span>
     <span class='ocr_line' id='line_1_18' title="bbox 125 1358 765 1394; baseline -0.006 0"><span class='ocrx_word' id='word_1_131' title='bbox 125 1362 260 1394; x_wconf 84' lang='lat' dir='ltr'><strong>Platon.</strong></span> <span class='ocrx_word' id='word_1_132' title='bbox 289 1371 319 1393; x_wconf 86' lang='lat' dir='ltr'><strong>c.</strong></span> <span class='ocrx_word' id='word_1_133' title='bbox 349 1359 403 1393; x_wconf 72' lang='lat'><strong>23.</strong></span> <span class='ocrx_word' id='word_1_134' title='bbox 435 1358 489 1393; x_wconf 81' lang='lat'><strong>24.</strong></span> <span class='ocrx_word' id='word_1_135' title='bbox 521 1360 663 1392; x_wconf 85' lang='lat' dir='ltr'><strong>Laert.</strong></span> <span class='ocrx_word' id='word_1_136' title='bbox 682 1359 765 1390; x_wconf 87' lang='lat' dir='ltr'><strong>-Vit.</strong></span> 
     </span>
     <span class='ocr_line' id='line_1_19' title="bbox 123 1403 764 1445; baseline -0.006 -6"><span class='ocrx_word' id='word_1_137' title='bbox 123 1407 258 1440; x_wconf 86' lang='lat' dir='ltr'><strong>Platon.</strong></span> <span class='ocrx_word' id='word_1_138' title='bbox 290 1406 351 1438; x_wconf 89' lang='grc' dir='ltr'>ΙΙΙ.</span> <span class='ocrx_word' id='word_1_139' title='bbox 385 1407 415 1445; x_wconf 65' lang='lat'><strong>5.</strong></span> <span class='ocrx_word' id='word_1_140' title='bbox 447 1403 501 1438; x_wconf 85' lang='lat'><strong>67.</strong></span> <span class='ocrx_word' id='word_1_141' title='bbox 533 1404 680 1436; x_wconf 85' lang='lat' dir='ltr'><strong>Davis.</strong></span> <span class='ocrx_word' id='word_1_142' title='bbox 722 1403 764 1436; x_wconf 84' lang='lat' dir='ltr'><strong>ad</strong></span> 
     </span>
     <span class='ocr_line' id='line_1_20' title="bbox 122 1448 763 1490; baseline -0.005 -6"><span class='ocrx_word' id='word_1_143' title='bbox 122 1453 229 1485; x_wconf 81' lang='lat' dir='ltr'><strong>Cicer.</strong></span> <span class='ocrx_word' id='word_1_144' title='bbox 263 1451 452 1484; x_wconf 85' lang='lat' dir='ltr'><strong>Tusculan.</strong></span> <span class='ocrx_word' id='word_1_145' title='bbox 483 1450 527 1490; x_wconf 88' lang='grc' dir='ltr'><strong>ΙΙ,</strong></span> <span class='ocrx_word' id='word_1_146' title='bbox 558 1448 612 1483; x_wconf 55' lang='grc'><strong>20,</strong></span> <span class='ocrx_word' id='word_1_147' title='bbox 643 1449 702 1489; x_wconf 92' lang='lat' dir='ltr'><strong>IV,</strong></span> <span class='ocrx_word' id='word_1_148' title='bbox 732 1448 763 1481; x_wconf 85' lang='lat'><strong>5.</strong></span> 
     </span>
     <span class='ocr_line' id='line_1_21' title="bbox 123 1492 764 1538; baseline -0.006 -8"><span class='ocrx_word' id='word_1_149' title='bbox 123 1498 284 1530; x_wconf 81' lang='lat' dir='ltr'><strong>Proxima</strong></span> <span class='ocrx_word' id='word_1_150' title='bbox 308 1497 357 1529; x_wconf 89' lang='lat' dir='ltr'><strong>sic</strong></span> <span class='ocrx_word' id='word_1_151' title='bbox 380 1495 575 1538; x_wconf 78' lang='lat' dir='ltr'><strong>intelligas:</strong></span> <span class='ocrx_word' id='word_1_152' title='bbox 608 1492 764 1537; x_wconf 80' lang='grc' dir='ltr'><em>τυγχάνει</em></span> 
     </span>
     <span class='ocr_line' id='line_1_22' title="bbox 123 1538 765 1578; baseline -0.006 -3"><span class='ocrx_word' id='word_1_153' title='bbox 123 1541 167 1575; x_wconf 81' lang='grc' dir='ltr'><strong>ὂι</strong></span> <span class='ocrx_word' id='word_1_154' title='bbox 193 1545 369 1578; x_wconf 85' lang='grc' dir='ltr'><em>τοιοῦτον,</em></span> <span class='ocrx_word' id='word_1_155' title='bbox 394 1539 479 1575; x_wconf 64' lang='lat' dir='ltr'><strong>diste</strong></span> <span class='ocrx_word' id='word_1_156' title='bbox 502 1538 765 1574; x_wconf 74' lang='grc' dir='ltr'><em>ἆναπείθεσθαι</em></span> 
     </span>
     <span class='ocr_line' id='line_1_23' title="bbox 123 1585 764 1631; baseline -0.005 -11"><span class='ocrx_word' id='word_1_157' title='bbox 123 1589 169 1631; x_wconf 86' lang='grc'><strong>(11.</strong></span> <span class='ocrx_word' id='word_1_158' title='bbox 194 1599 223 1620; x_wconf 85' lang='grc'>8.</span> <span class='ocrx_word' id='word_1_159' title='bbox 254 1587 376 1620; x_wconf 89' lang='lat' dir='ltr'><strong>modo</strong></span> <span class='ocrx_word' id='word_1_160' title='bbox 408 1587 491 1626; x_wconf 81' lang='lat' dir='ltr'><strong>sic,</strong></span> <span class='ocrx_word' id='word_1_161' title='bbox 529 1585 653 1618; x_wconf 85' lang='lat' dir='ltr'><strong>modo</strong></span> <span class='ocrx_word' id='word_1_162' title='bbox 687 1585 764 1618; x_wconf 90' lang='lat' dir='ltr'><strong>ali-</strong></span> 
     </span>
     <span class='ocr_line' id='line_1_24' title="bbox 123 1631 762 1686; baseline -0.006 -20"><span class='ocrx_word' id='word_1_163' title='bbox 123 1641 187 1666; x_wconf 86' lang='lat' dir='ltr'><strong>ter</strong></span> <span class='ocrx_word' id='word_1_164' title='bbox 226 1631 497 1686; x_wconf 82' lang='lat' dir='ltr'><strong>persuaderi)</strong></span> <span class='ocrx_word' id='word_1_165' title='bbox 536 1631 592 1663; x_wconf 87' lang='grc' dir='ltr'><strong>καὶ</strong></span> <span class='ocrx_word' id='word_1_166' title='bbox 623 1642 762 1670; x_wconf 80' lang='grc' dir='ltr'><em>μεταπι-</em></span> 
     </span>
     <span class='ocr_line' id='line_1_25' title="bbox 125 1675 442 1711; baseline -0.007 0.007"><span class='ocrx_word' id='word_1_167' title='bbox 125 1689 219 1711; x_wconf 71' lang='grc' dir='ltr'><em>πτειν</em></span> <span class='ocrx_word' id='word_1_168' title='bbox 243 1676 317 1710; x_wconf 81' lang='grc' dir='ltr'><strong>ἄιω</strong></span> <span class='ocrx_word' id='word_1_169' title='bbox 343 1675 442 1709; x_wconf 79' lang='grc' dir='ltr'>κάτω.</span> 
     </span>
    </p>

    <p class='ocr_par' dir='ltr' id='par_1_8' title="bbox 121 1720 764 2751">
     <span class='ocr_line' id='line_1_26' title="bbox 168 1720 762 1763; baseline -0.003 -8"><span class='ocrx_word' id='word_1_170' title='bbox 168 1724 237 1755; x_wconf 86' lang='grc' dir='ltr'><strong>καὶ</strong></span> <span class='ocrx_word' id='word_1_171' title='bbox 265 1725 393 1755; x_wconf 80' lang='grc' dir='ltr'><em>τοῦτο</em></span> <span class='ocrx_word' id='word_1_172' title='bbox 423 1720 509 1763; x_wconf 80' lang='grc' dir='ltr'><strong>ἄρα</strong></span> <span class='ocrx_word' id='word_1_173' title='bbox 541 1733 604 1755; x_wconf 78' lang='grc' dir='ltr'><strong>τις</strong></span> <span class='ocrx_word' id='word_1_174' title='bbox 629 1722 762 1760; x_wconf 78' lang='grc' dir='ltr'>μυθο-</span> 
     </span>
     <span class='ocr_line' id='line_1_27' title="bbox 122 1766 763 1811; baseline -0.005 -10"><span class='ocrx_word' id='word_1_175' title='bbox 122 1771 259 1811; x_wconf 78' lang='grc' dir='ltr'><em>λογῶν</em></span> <span class='ocrx_word' id='word_1_176' title='bbox 284 1766 345 1811; x_wconf 86' lang='grc'><strong>-]</strong></span> <span class='ocrx_word' id='word_1_177' title='bbox 387 1768 464 1800; x_wconf 91' lang='lat' dir='ltr'><strong>Hoc</strong></span> <span class='ocrx_word' id='word_1_178' title='bbox 496 1767 598 1799; x_wconf 87' lang='lat' dir='ltr'><strong>dicit:</strong></span> <span class='ocrx_word' id='word_1_179' title='bbox 631 1770 763 1808; x_wconf 88' lang='lat' dir='ltr'><strong>atque</strong></span> 
     </span>
     <span class='ocr_line' id='line_1_28' title="bbox 122 1812 764 1856; baseline -0.005 -10"><span class='ocrx_word' id='word_1_180' title='bbox 122 1814 200 1846; x_wconf 86' lang='lat' dir='ltr'><strong>hoc</strong></span> <span class='ocrx_word' id='word_1_181' title='bbox 230 1813 443 1856; x_wconf 78' lang='lat' dir='ltr'><strong>placitum</strong></span> <span class='ocrx_word' id='word_1_182' title='bbox 476 1812 525 1844; x_wconf 89' lang='lat' dir='ltr'><strong>de</strong></span> <span class='ocrx_word' id='word_1_183' title='bbox 549 1812 764 1854; x_wconf 81' lang='lat' dir='ltr'><strong>cupidita-</strong></span> 
     </span>
     <span class='ocr_line' id='line_1_29' title="bbox 124 1859 764 1891; baseline -0.003 0"><span class='ocrx_word' id='word_1_184' title='bbox 124 1864 208 1891; x_wconf 88' lang='lat' dir='ltr'><strong>tum</strong></span> <span class='ocrx_word' id='word_1_185' title='bbox 233 1859 545 1890; x_wconf 72' lang='lat' dir='ltr'><strong>inconstantia</strong></span> <span class='ocrx_word' id='word_1_186' title='bbox 568 1867 616 1889; x_wconf 82' lang='lat' dir='ltr'><strong>ae</strong></span> <span class='ocrx_word' id='word_1_187' title='bbox 640 1862 764 1889; x_wconf 87' lang='lat' dir='ltr'><strong>teme-</strong></span> 
     </span>
     <span class='ocr_line' id='line_1_30' title="bbox 122 1901 764 1945; baseline -0.003 -9"><span class='ocrx_word' id='word_1_188' title='bbox 122 1906 257 1937; x_wconf 83' lang='lat' dir='ltr'><strong>ritate</strong></span> <span class='ocrx_word' id='word_1_189' title='bbox 287 1903 461 1945; x_wconf 81' lang='lat' dir='ltr'><strong>aliquis</strong></span> <span class='ocrx_word' id='word_1_190' title='bbox 492 1903 534 1934; x_wconf 92' lang='lat' dir='ltr'><strong>in</strong></span> <span class='ocrx_word' id='word_1_191' title='bbox 567 1901 764 1934; x_wconf 84' lang='lat' dir='ltr'><strong>fabulam</strong></span> 
     </span>
     <span class='ocr_line' id='line_1_31' title="bbox 122 1945 763 1990; baseline -0.003 -8"><span class='ocrx_word' id='word_1_192' title='bbox 122 1953 291 1982; x_wconf 84' lang='lat' dir='ltr'><strong>mutans</strong></span> <span class='ocrx_word' id='word_1_193' title='bbox 323 1948 357 1981; x_wconf 86' lang='grc' dir='ltr'><strong>τὸ</strong></span> <span class='ocrx_word' id='word_1_194' title='bbox 384 1945 635 1990; x_wconf 75' lang='grc' dir='ltr'><em>ἐπιθυμητικὸν</em></span> <span class='ocrx_word' id='word_1_195' title='bbox 658 1947 763 1988; x_wconf 76' lang='grc' dir='ltr'><em>μέρος</em></span> 
     </span>
     <span class='ocr_line' id='line_1_32' title="bbox 122 1993 764 2039; baseline -0.003 -13"><span class='ocrx_word' id='word_1_196' title='bbox 122 1999 179 2039; x_wconf 78' lang='grc' dir='ltr'><strong>τῆς</strong></span> <span class='ocrx_word' id='word_1_197' title='bbox 211 1997 320 2037; x_wconf 74' lang='grc' dir='ltr'><strong><em>ψιχῆς</em></strong></span> <span class='ocrx_word' id='word_1_198' title='bbox 350 1993 608 2036; x_wconf 78' lang='lat' dir='ltr'><strong>appellavit</strong></span> <span class='ocrx_word' id='word_1_199' title='bbox 651 1994 764 2025; x_wconf 75' lang='grc' dir='ltr'><em>πίθοι</em></span> 
     </span>
     <span class='ocr_line' id='line_1_33' title="bbox 122 2039 763 2093; baseline -0.006 -20"><span class='ocrx_word' id='word_1_200' title='bbox 122 2052 148 2073; x_wconf 89' lang='lat' dir='ltr'><strong>s.</strong></span> <span class='ocrx_word' id='word_1_201' title='bbox 183 2039 352 2080; x_wconf 82' lang='lat' dir='ltr'><strong>eadum,</strong></span> <span class='ocrx_word' id='word_1_202' title='bbox 386 2039 492 2093; x_wconf 81' lang='lat' dir='ltr'><strong>quia</strong></span> <span class='ocrx_word' id='word_1_203' title='bbox 523 2039 562 2070; x_wconf 90' lang='lat' dir='ltr'><strong>ei</strong></span> <span class='ocrx_word' id='word_1_204' title='bbox 593 2039 763 2081; x_wconf 86' lang='lat' dir='ltr'><strong>propri—</strong></span> 
     </span>
     <span class='ocr_line' id='line_1_34' title="bbox 121 2081 760 2117; baseline -0.003 0"><span class='ocrx_word' id='word_1_205' title='bbox 121 2096 186 2117; x_wconf 89' lang='lat' dir='ltr'><strong>um</strong></span> <span class='ocrx_word' id='word_1_206' title='bbox 226 2090 344 2117; x_wconf 87' lang='lat' dir='ltr'><strong>esset</strong></span> <span class='ocrx_word' id='word_1_207' title='bbox 377 2082 410 2116; x_wconf 82' lang='grc' dir='ltr'><strong>τὸ</strong></span> <span class='ocrx_word' id='word_1_208' title='bbox 450 2081 605 2115; x_wconf 67' lang='grc' dir='ltr'><strong>πιθανόν</strong></span> <span class='ocrx_word' id='word_1_209' title='bbox 640 2095 674 2115; x_wconf 76' lang='grc' dir='ltr'><strong>τε</strong></span> <span class='ocrx_word' id='word_1_210' title='bbox 706 2085 760 2116; x_wconf 81' lang='grc' dir='ltr'><strong>καὶ</strong></span> 
     </span>
     <span class='ocr_line' id='line_1_35' title="bbox 123 2128 763 2171; baseline -0.003 -9"><span class='ocrx_word' id='word_1_211' title='bbox 123 2128 297 2169; x_wconf 79' lang='grc' dir='ltr'><em>πιστικόν;</em></span> <span class='ocrx_word' id='word_1_212' title='bbox 344 2129 660 2171; x_wconf 86' lang='lat' dir='ltr'><strong>insipientium</strong></span> <span class='ocrx_word' id='word_1_213' title='bbox 698 2140 763 2161; x_wconf 85' lang='lat' dir='ltr'><strong>au-</strong></span> 
     </span>
     <span class='ocr_line' id='line_1_36' title="bbox 121 2174 763 2216; baseline -0.002 -9"><span class='ocrx_word' id='word_1_214' title='bbox 121 2184 203 2208; x_wconf 86' lang='lat' dir='ltr'><strong>tem</strong></span> <span class='ocrx_word' id='word_1_215' title='bbox 265 2179 306 2207; x_wconf 86' lang='lat' dir='ltr'><strong>et</strong></span> <span class='ocrx_word' id='word_1_216' title='bbox 369 2174 763 2216; x_wconf 82' lang='lat' dir='ltr'><strong>intemperantium</strong></span> 
     </span>
     <span class='ocr_line' id='line_1_37' title="bbox 123 2219 763 2262; baseline -0.002 -10"><span class='ocrx_word' id='word_1_217' title='bbox 123 2221 310 2252; x_wconf 85' lang='lat' dir='ltr'><strong>animum</strong></span> <span class='ocrx_word' id='word_1_218' title='bbox 344 2220 460 2252; x_wconf 85' lang='lat' dir='ltr'><strong>dixit</strong></span> <span class='ocrx_word' id='word_1_219' title='bbox 491 2219 643 2252; x_wconf 84' lang='lat' dir='ltr'><strong>cadum</strong></span> <span class='ocrx_word' id='word_1_220' title='bbox 675 2230 763 2262; x_wconf 90' lang='lat' dir='ltr'><strong>per·</strong></span> 
     </span>
     <span class='ocr_line' id='line_1_38' title="bbox 122 2265 763 2308; baseline -0.002 -10"><span class='ocrx_word' id='word_1_221' title='bbox 122 2266 328 2305; x_wconf 83' lang='lat' dir='ltr'><strong>foratum,</strong></span> <span class='ocrx_word' id='word_1_222' title='bbox 352 2265 456 2307; x_wconf 80' lang='lat' dir='ltr'><strong>quia</strong></span> <span class='ocrx_word' id='word_1_223' title='bbox 478 2265 624 2297; x_wconf 84' lang='lat' dir='ltr'><strong>horum</strong></span> <span class='ocrx_word' id='word_1_224' title='bbox 649 2266 763 2308; x_wconf 91' lang='lat' dir='ltr'><strong>cupi-</strong></span> 
     </span>
     <span class='ocr_line' id='line_1_39' title="bbox 123 2310 763 2352; baseline 0 -9"><span class='ocrx_word' id='word_1_225' title='bbox 123 2311 288 2343; x_wconf 88' lang='lat' dir='ltr'><strong>ditates</strong></span> <span class='ocrx_word' id='word_1_226' title='bbox 304 2320 519 2352; x_wconf 88' lang='lat' dir='ltr'><strong>nunquam</strong></span> <span class='ocrx_word' id='word_1_227' title='bbox 538 2310 763 2352; x_wconf 87' lang='lat' dir='ltr'><strong>expleren-</strong></span> 
     </span>
     <span class='ocr_line' id='line_1_40' title="bbox 124 2355 763 2388; baseline 0 0"><span class='ocrx_word' id='word_1_228' title='bbox 124 2361 203 2388; x_wconf 85' lang='lat' dir='ltr'><strong>tur.</strong></span> <span class='ocrx_word' id='word_1_229' title='bbox 239 2355 344 2387; x_wconf 90' lang='lat' dir='ltr'><strong>Vides</strong></span> <span class='ocrx_word' id='word_1_230' title='bbox 375 2356 580 2387; x_wconf 79' lang='lat' dir='ltr'><strong>sententiam</strong></span> <span class='ocrx_word' id='word_1_231' title='bbox 613 2366 688 2388; x_wconf 87' lang='lat' dir='ltr'><strong>esse</strong></span> <span class='ocrx_word' id='word_1_232' title='bbox 713 2367 763 2388; x_wconf 87' lang='lat' dir='ltr'><strong>sa-</strong></span> 
     </span>
     <span class='ocr_line' id='line_1_41' title="bbox 123 2399 763 2444; baseline 0.003 -12"><span class='ocrx_word' id='word_1_233' title='bbox 123 2402 167 2433; x_wconf 80' lang='lat' dir='ltr'><strong>tis</strong></span> <span class='ocrx_word' id='word_1_234' title='bbox 191 2401 418 2444; x_wconf 80' lang='lat' dir='ltr'><strong>perspicuam.</strong></span> <span class='ocrx_word' id='word_1_235' title='bbox 461 2399 527 2432; x_wconf 87' lang='lat' dir='ltr'><strong>Sed</strong></span> <span class='ocrx_word' id='word_1_236' title='bbox 551 2400 592 2433; x_wconf 90' lang='lat' dir='ltr'><strong>de</strong></span> <span class='ocrx_word' id='word_1_237' title='bbox 616 2401 763 2443; x_wconf 86' lang='lat' dir='ltr'><strong>singulis</strong></span> 
     </span>
     <span class='ocr_line' id='line_1_42' title="bbox 123 2445 762 2489; baseline 0.002 -11"><span class='ocrx_word' id='word_1_238' title='bbox 123 2447 196 2478; x_wconf 83' lang='lat' dir='ltr'><strong>eius</strong></span> <span class='ocrx_word' id='word_1_239' title='bbox 212 2445 368 2489; x_wconf 86' lang='lat' dir='ltr'><strong>partibus</strong></span> <span class='ocrx_word' id='word_1_240' title='bbox 387 2445 630 2488; x_wconf 82' lang='lat' dir='ltr'><strong>explicandum</strong></span> <span class='ocrx_word' id='word_1_241' title='bbox 644 2448 762 2488; x_wconf 89' lang='lat' dir='ltr'><strong>utique</strong></span> 
     </span>
     <span class='ocr_line' id='line_1_43' title="bbox 123 2491 763 2531; baseline 0 -7"><span class='ocrx_word' id='word_1_242' title='bbox 123 2497 174 2527; x_wconf 84' lang='lat' dir='ltr'><strong>est</strong></span> <span class='ocrx_word' id='word_1_243' title='bbox 198 2492 402 2524; x_wconf 76' lang='lat' dir='ltr'><strong>accuratius.</strong></span> <span class='ocrx_word' id='word_1_244' title='bbox 440 2491 625 2531; x_wconf 81' lang='lat' dir='ltr'><strong>Quaeritur</strong></span> <span class='ocrx_word' id='word_1_245' title='bbox 648 2496 763 2524; x_wconf 81' lang='lat' dir='ltr'><strong>autem</strong></span> 
     </span>
     <span class='ocr_line' id='line_1_44' title="bbox 124 2535 763 2578; baseline 0.003 -10"><span class='ocrx_word' id='word_1_246' title='bbox 124 2542 203 2569; x_wconf 90' lang='lat' dir='ltr'><strong>ante</strong></span> <span class='ocrx_word' id='word_1_247' title='bbox 227 2538 353 2574; x_wconf 78' lang='lat' dir='ltr'><strong>omnia,</strong></span> <span class='ocrx_word' id='word_1_248' title='bbox 378 2536 456 2578; x_wconf 91' lang='lat' dir='ltr'><strong>quis</strong></span> <span class='ocrx_word' id='word_1_249' title='bbox 480 2536 524 2567; x_wconf 87' lang='lat' dir='ltr'><strong>sit</strong></span> <span class='ocrx_word' id='word_1_250' title='bbox 547 2536 611 2568; x_wconf 89' lang='lat' dir='ltr'><strong>iste</strong></span> <span class='ocrx_word' id='word_1_251' title='bbox 631 2535 763 2577; x_wconf 75' lang='grc' dir='ltr'><strong><em>κομψὸς</em></strong></span> 
     </span>
     <span class='ocr_line' id='line_1_45' title="bbox 122 2579 762 2625; baseline 0 -11"><span class='ocrx_word' id='word_1_252' title='bbox 122 2579 225 2625; x_wconf 80' lang='grc' dir='ltr'><em>ἀνήρ,</em></span> <span class='ocrx_word' id='word_1_253' title='bbox 252 2582 310 2613; x_wconf 84' lang='lat' dir='ltr'><strong>eui</strong></span> <span class='ocrx_word' id='word_1_254' title='bbox 336 2582 423 2614; x_wconf 81' lang='lat' dir='ltr'><strong>haee</strong></span> <span class='ocrx_word' id='word_1_255' title='bbox 447 2580 567 2613; x_wconf 79' lang='lat' dir='ltr'><strong>fabula</strong></span> <span class='ocrx_word' id='word_1_256' title='bbox 590 2581 762 2614; x_wconf 81' lang='lat' dir='ltr'><strong>tribuitur.</strong></span> 
     </span>
     <span class='ocr_line' id='line_1_46' title="bbox 122 2625 763 2669; baseline 0.003 -10"><span class='ocrx_word' id='word_1_257' title='bbox 122 2626 405 2660; x_wconf 83' lang='lat' dir='ltr'><strong>EtBoeckhio</strong></span> <span class='ocrx_word' id='word_1_258' title='bbox 430 2626 567 2668; x_wconf 86' lang='lat' dir='ltr'><strong>quidem</strong></span> <span class='ocrx_word' id='word_1_259' title='bbox 582 2625 763 2669; x_wconf 80' lang='lat' dir='ltr'><strong>l.0.p.186</strong></span> 
     </span>
     <span class='ocr_line' id='line_1_47' title="bbox 125 2671 762 2714; baseline 0 -10"><span class='ocrx_word' id='word_1_260' title='bbox 125 2673 301 2714; x_wconf 86' lang='lat' dir='ltr'><strong>seqq.‚eui</strong></span> <span class='ocrx_word' id='word_1_261' title='bbox 315 2671 762 2714; x_wconf 82' lang='lat' dir='ltr'><strong>suffragaturSusemihl.</strong></span> 
     </span>
     <span class='ocr_line' id='line_1_48' title="bbox 126 2716 762 2751; baseline 0.002 -1"><span class='ocrx_word' id='word_1_262' title='bbox 126 2717 239 2750; x_wconf 71' lang='lat' dir='ltr'><strong>Genet.</strong></span> <span class='ocrx_word' id='word_1_263' title='bbox 264 2716 456 2750; x_wconf 74' lang='lat' dir='ltr'><strong>Enth&#39;ckel.</strong></span> <span class='ocrx_word' id='word_1_264' title='bbox 481 2716 542 2749; x_wconf 80' lang='lat' dir='ltr'><strong>der</strong></span> <span class='ocrx_word' id='word_1_265' title='bbox 565 2716 655 2749; x_wconf 82' lang='lat' dir='ltr'><strong>Plat.</strong></span> <span class='ocrx_word' id='word_1_266' title='bbox 682 2717 762 2751; x_wconf 71' lang='lat' dir='ltr'><strong><em>Phi-</em></strong></span> 
     </span>
    </p>
   </div>
   <div class='ocr_carea' id='block_1_8' title="bbox 831 1129 1493 2763">
    <p class='ocr_par' dir='ltr' id='par_1_9' title="bbox 833 1129 1479 1856">
     <span class='ocr_line' id='line_1_49' title="bbox 835 1129 1479 1174; baseline 0.002 -11"><span class='ocrx_word' id='word_1_267' title='bbox 835 1130 957 1172; x_wconf 71' lang='lat' dir='ltr'><strong>loeoph.</strong></span> <span class='ocrx_word' id='word_1_268' title='bbox 980 1131 1006 1163; x_wconf 91' lang='grc' dir='ltr'><strong>Ι.</strong></span> <span class='ocrx_word' id='word_1_269' title='bbox 1030 1142 1062 1174; x_wconf 90' lang='lat' dir='ltr'><strong>p.</strong></span> <span class='ocrx_word' id='word_1_270' title='bbox 1082 1129 1148 1165; x_wconf 88' lang='lat'><strong>108</strong></span> <span class='ocrx_word' id='word_1_271' title='bbox 1166 1142 1248 1174; x_wconf 67' lang='lat' dir='ltr'><strong>seq„</strong></span> <span class='ocrx_word' id='word_1_272' title='bbox 1277 1142 1318 1164; x_wconf 81' lang='lat' dir='ltr'><strong>ea</strong></span> <span class='ocrx_word' id='word_1_273' title='bbox 1341 1131 1479 1165; x_wconf 85' lang='lat' dir='ltr'><strong>videtur</strong></span> 
     </span>
     <span class='ocr_line' id='line_1_50' title="bbox 835 1176 1477 1210; baseline 0.003 -2"><span class='ocrx_word' id='word_1_274' title='bbox 835 1176 994 1209; x_wconf 84' lang='lat' dir='ltr'><strong>Philolao</strong></span> <span class='ocrx_word' id='word_1_275' title='bbox 1019 1177 1152 1209; x_wconf 86' lang='lat' dir='ltr'><strong>auctori</strong></span> <span class='ocrx_word' id='word_1_276' title='bbox 1183 1176 1368 1210; x_wconf 86' lang='lat' dir='ltr'><strong>tribuenda</strong></span> <span class='ocrx_word' id='word_1_277' title='bbox 1390 1188 1477 1210; x_wconf 84' lang='lat' dir='ltr'><strong>esse.</strong></span> 
     </span>
     <span class='ocr_line' id='line_1_51' title="bbox 836 1221 1478 1265; baseline 0.002 -11"><span class='ocrx_word' id='word_1_278' title='bbox 836 1221 936 1263; x_wconf 84' lang='lat' dir='ltr'><strong>Quod</strong></span> <span class='ocrx_word' id='word_1_279' title='bbox 968 1233 1032 1265; x_wconf 89' lang='lat' dir='ltr'><strong>ego</strong></span> <span class='ocrx_word' id='word_1_280' title='bbox 1063 1232 1183 1255; x_wconf 85' lang='lat' dir='ltr'><strong>vereor</strong></span> <span class='ocrx_word' id='word_1_281' title='bbox 1213 1227 1251 1255; x_wconf 89' lang='lat' dir='ltr'><strong>ut</strong></span> <span class='ocrx_word' id='word_1_282' title='bbox 1282 1227 1373 1256; x_wconf 85' lang='lat' dir='ltr'><strong>reete</strong></span> <span class='ocrx_word' id='word_1_283' title='bbox 1403 1223 1478 1255; x_wconf 91' lang='lat' dir='ltr'><strong>fieri</strong></span> 
     </span>
     <span class='ocr_line' id='line_1_52' title="bbox 835 1267 1478 1312; baseline 0.002 -12"><span class='ocrx_word' id='word_1_284' title='bbox 835 1271 950 1310; x_wconf 80' lang='lat' dir='ltr'><strong>queat,</strong></span> <span class='ocrx_word' id='word_1_285' title='bbox 973 1267 1250 1310; x_wconf 82' lang='lat' dir='ltr'><strong>quandoquidem</strong></span> <span class='ocrx_word' id='word_1_286' title='bbox 1285 1269 1334 1301; x_wconf 88' lang='lat' dir='ltr'><strong>ita</strong></span> <span class='ocrx_word' id='word_1_287' title='bbox 1357 1279 1478 1312; x_wconf 84' lang='lat' dir='ltr'><strong>pamm</strong></span> 
     </span>
     <span class='ocr_line' id='line_1_53' title="bbox 835 1313 1478 1348; baseline 0.003 -3"><span class='ocrx_word' id='word_1_288' title='bbox 835 1313 1012 1346; x_wconf 86' lang='lat' dir='ltr'><strong>commode</strong></span> <span class='ocrx_word' id='word_1_289' title='bbox 1036 1313 1242 1346; x_wconf 84' lang='lat' dir='ltr'><strong>adderentur</strong></span> <span class='ocrx_word' id='word_1_290' title='bbox 1261 1314 1367 1347; x_wconf 80' lang='lat' dir='ltr'><strong>verba</strong></span> <span class='ocrx_word' id='word_1_291' title='bbox 1391 1314 1478 1348; x_wconf 80' lang='grc' dir='ltr'><em>ἴσως</em></span> 
     </span>
     <span class='ocr_line' id='line_1_54' title="bbox 837 1356 1477 1401; baseline 0.003 -11"><span class='ocrx_word' id='word_1_292' title='bbox 837 1356 979 1392; x_wconf 74' lang='grc' dir='ltr'><strong><em>Σικελός</em></strong></span> <span class='ocrx_word' id='word_1_293' title='bbox 1018 1370 1064 1392; x_wconf 74' lang='grc' dir='ltr'><strong>τις</strong></span> <span class='ocrx_word' id='word_1_294' title='bbox 1106 1357 1126 1401; x_wconf 83' lang='grc' dir='ltr'><em>ἢ</em></span> <span class='ocrx_word' id='word_1_295' title='bbox 1164 1356 1332 1393; x_wconf 76' lang='grc' dir='ltr'>Ἰταλικάς.</span> <span class='ocrx_word' id='word_1_296' title='bbox 1401 1360 1477 1400; x_wconf 82' lang='lat' dir='ltr'><strong>Quo</strong></span> 
     </span>
     <span class='ocr_line' id='line_1_55' title="bbox 834 1403 1478 1446; baseline 0.003 -11"><span class='ocrx_word' id='word_1_297' title='bbox 834 1403 963 1436; x_wconf 87' lang='lat' dir='ltr'><strong>diutius</strong></span> <span class='ocrx_word' id='word_1_298' title='bbox 986 1403 1100 1436; x_wconf 87' lang='lat' dir='ltr'><strong>locum</strong></span> <span class='ocrx_word' id='word_1_299' title='bbox 1125 1404 1317 1446; x_wconf 87' lang='lat' dir='ltr'><strong>considero,</strong></span> <span class='ocrx_word' id='word_1_300' title='bbox 1342 1416 1382 1437; x_wconf 90' lang='lat' dir='ltr'><strong>eo</strong></span> <span class='ocrx_word' id='word_1_301' title='bbox 1406 1416 1478 1437; x_wconf 83' lang='lat' dir='ltr'><strong>ma-</strong></span> 
     </span>
     <span class='ocr_line' id='line_1_56' title="bbox 833 1449 1478 1492; baseline 0.003 -12"><span class='ocrx_word' id='word_1_302' title='bbox 833 1449 887 1492; x_wconf 87' lang='lat' dir='ltr'><strong>gis</strong></span> <span class='ocrx_word' id='word_1_303' title='bbox 924 1450 961 1481; x_wconf 87' lang='lat' dir='ltr'><strong>in</strong></span> <span class='ocrx_word' id='word_1_304' title='bbox 1000 1459 1041 1481; x_wconf 86' lang='lat' dir='ltr'><strong>ea</strong></span> <span class='ocrx_word' id='word_1_305' title='bbox 1078 1449 1302 1482; x_wconf 83' lang='lat' dir='ltr'><strong>confirmatur</strong></span> <span class='ocrx_word' id='word_1_306' title='bbox 1340 1451 1478 1483; x_wconf 87' lang='lat' dir='ltr'><strong>animus</strong></span> 
     </span>
     <span class='ocr_line' id='line_1_57' title="bbox 834 1495 1478 1539; baseline 0.003 -13"><span class='ocrx_word' id='word_1_307' title='bbox 834 1495 1023 1535; x_wconf 89' lang='lat' dir='ltr'><strong>sententia,</strong></span> <span class='ocrx_word' id='word_1_308' title='bbox 1052 1498 1091 1526; x_wconf 87' lang='lat' dir='ltr'><strong>ut</strong></span> <span class='ocrx_word' id='word_1_309' title='bbox 1114 1506 1185 1527; x_wconf 92' lang='lat' dir='ltr'><strong>non</strong></span> <span class='ocrx_word' id='word_1_310' title='bbox 1209 1500 1279 1528; x_wconf 87' lang='lat' dir='ltr'><strong>tam</strong></span> <span class='ocrx_word' id='word_1_311' title='bbox 1304 1496 1478 1539; x_wconf 85' lang='lat' dir='ltr'><strong>Pythago-</strong></span> 
     </span>
     <span class='ocr_line' id='line_1_58' title="bbox 833 1540 1477 1584; baseline 0.003 -12"><span class='ocrx_word' id='word_1_312' title='bbox 833 1550 966 1572; x_wconf 84' lang='lat' dir='ltr'><strong>reorum</strong></span> <span class='ocrx_word' id='word_1_313' title='bbox 1011 1544 1114 1582; x_wconf 85' lang='lat' dir='ltr'><strong>quam</strong></span> <span class='ocrx_word' id='word_1_314' title='bbox 1155 1540 1477 1584; x_wconf 68' lang='lat' dir='ltr'><strong>Pythagor-istarum</strong></span> 
     </span>
     <span class='ocr_line' id='line_1_59' title="bbox 834 1585 1477 1628; baseline 0.003 -11"><span class='ocrx_word' id='word_1_315' title='bbox 834 1589 936 1627; x_wconf 81' lang='lat' dir='ltr'><strong>atque</strong></span> <span class='ocrx_word' id='word_1_316' title='bbox 968 1585 1197 1628; x_wconf 89' lang='lat' dir='ltr'><strong>Orphicorum</strong></span> <span class='ocrx_word' id='word_1_317' title='bbox 1235 1586 1384 1619; x_wconf 89' lang='lat' dir='ltr'><strong>docendi</strong></span> <span class='ocrx_word' id='word_1_318' title='bbox 1425 1598 1477 1619; x_wconf 88' lang='lat' dir='ltr'><strong>ra-</strong></span> 
     </span>
     <span class='ocr_line' id='line_1_60' title="bbox 833 1631 1477 1674; baseline 0.003 -12"><span class='ocrx_word' id='word_1_319' title='bbox 833 1631 979 1671; x_wconf 88' lang='lat' dir='ltr'><strong>tionem,</strong></span> <span class='ocrx_word' id='word_1_320' title='bbox 1016 1636 1155 1674; x_wconf 88' lang='lat' dir='ltr'><strong>propter</strong></span> <span class='ocrx_word' id='word_1_321' title='bbox 1190 1632 1386 1674; x_wconf 89' lang='lat' dir='ltr'><strong>mythorum</strong></span> <span class='ocrx_word' id='word_1_322' title='bbox 1427 1633 1477 1664; x_wconf 91' lang='lat' dir='ltr'><strong>in-</strong></span> 
     </span>
     <span class='ocr_line' id='line_1_61' title="bbox 833 1676 1478 1721; baseline 0.003 -13"><span class='ocrx_word' id='word_1_323' title='bbox 833 1676 976 1709; x_wconf 85' lang='lat' dir='ltr'><strong>volucra</strong></span> <span class='ocrx_word' id='word_1_324' title='bbox 999 1676 1150 1709; x_wconf 88' lang='lat' dir='ltr'><strong>tenebris</strong></span> <span class='ocrx_word' id='word_1_325' title='bbox 1173 1677 1339 1719; x_wconf 83' lang='lat' dir='ltr'><strong>repletam</strong></span> <span class='ocrx_word' id='word_1_326' title='bbox 1355 1682 1390 1710; x_wconf 89' lang='lat' dir='ltr'><strong>et</strong></span> <span class='ocrx_word' id='word_1_327' title='bbox 1404 1689 1478 1721; x_wconf 90' lang='lat' dir='ltr'><strong>per-</strong></span> 
     </span>
     <span class='ocr_line' id='line_1_62' title="bbox 834 1723 1477 1762; baseline 0.002 -8"><span class='ocrx_word' id='word_1_328' title='bbox 834 1723 1035 1762; x_wconf 79' lang='lat' dir='ltr'><strong>obscuram,</strong></span> <span class='ocrx_word' id='word_1_329' title='bbox 1059 1723 1171 1755; x_wconf 84' lang='lat' dir='ltr'><strong>notari</strong></span> <span class='ocrx_word' id='word_1_330' title='bbox 1195 1723 1400 1756; x_wconf 84' lang='lat' dir='ltr'><strong>existimem.</strong></span> <span class='ocrx_word' id='word_1_331' title='bbox 1422 1724 1477 1755; x_wconf 92' lang='lat' dir='ltr'><strong>In-</strong></span> 
     </span>
     <span class='ocr_line' id='line_1_63' title="bbox 833 1770 1477 1819; baseline 0.003 -20"><span class='ocrx_word' id='word_1_332' title='bbox 833 1771 884 1799; x_wconf 88' lang='lat' dir='ltr'><strong>ter</strong></span> <span class='ocrx_word' id='word_1_333' title='bbox 915 1778 1000 1819; x_wconf 87' lang='lat' dir='ltr'><strong>quos</strong></span> <span class='ocrx_word' id='word_1_334' title='bbox 1031 1778 1134 1809; x_wconf 89' lang='lat' dir='ltr'><strong>quum</strong></span> <span class='ocrx_word' id='word_1_335' title='bbox 1168 1773 1386 1801; x_wconf 85' lang='lat' dir='ltr'><strong>recenseatur</strong></span> <span class='ocrx_word' id='word_1_336' title='bbox 1417 1770 1477 1800; x_wconf 89' lang='lat' dir='ltr'><strong>im-</strong></span> 
     </span>
     <span class='ocr_line' id='line_1_64' title="bbox 833 1813 1478 1856; baseline 0.005 -13"><span class='ocrx_word' id='word_1_337' title='bbox 833 1813 952 1854; x_wconf 87' lang='lat' dir='ltr'><strong>primis</strong></span> <span class='ocrx_word' id='word_1_338' title='bbox 975 1813 1219 1855; x_wconf 86' lang='lat' dir='ltr'><strong>Empedocles,</strong></span> <span class='ocrx_word' id='word_1_339' title='bbox 1244 1814 1280 1845; x_wconf 85' lang='lat' dir='ltr'><strong>id</strong></span> <span class='ocrx_word' id='word_1_340' title='bbox 1305 1814 1395 1856; x_wconf 89' lang='lat' dir='ltr'><strong>quod</strong></span> <span class='ocrx_word' id='word_1_341' title='bbox 1420 1813 1478 1846; x_wconf 89' lang='lat' dir='ltr'><strong>do-</strong></span> 
     </span>
    </p>

    <p class='ocr_par' dir='ltr' id='par_1_10' title="bbox 834 1857 1477 1902">
     <span class='ocr_line' id='line_1_65' title="bbox 834 1857 1477 1902; baseline 0.005 -13"><span class='ocrx_word' id='word_1_342' title='bbox 834 1859 907 1890; x_wconf 84' lang='lat' dir='ltr'><strong>cuit</strong></span> <span class='ocrx_word' id='word_1_343' title='bbox 931 1857 1137 1890; x_wconf 85' lang='lat' dir='ltr'><strong>Sturzius</strong></span> <span class='ocrx_word' id='word_1_344' title='bbox 1161 1860 1197 1890; x_wconf 91' lang='lat' dir='ltr'><strong>in</strong></span> <span class='ocrx_word' id='word_1_345' title='bbox 1213 1859 1422 1901; x_wconf 87' lang='lat' dir='ltr'><strong>Empedocle</strong></span> <span class='ocrx_word' id='word_1_346' title='bbox 1444 1871 1477 1902; x_wconf 93' lang='lat' dir='ltr'><strong>p.</strong></span> 
     </span>
    </p>

    <p class='ocr_par' dir='ltr' id='par_1_11' title="bbox 832 1901 1478 1992">
     <span class='ocr_line' id='line_1_66' title="bbox 835 1901 1478 1946; baseline 0.005 -12"><span class='ocrx_word' id='word_1_347' title='bbox 835 1901 878 1935; x_wconf 87' lang='lat'><strong>13</strong></span> <span class='ocrx_word' id='word_1_348' title='bbox 891 1913 983 1945; x_wconf 88' lang='lat' dir='ltr'><strong>seqq.</strong></span> <span class='ocrx_word' id='word_1_349' title='bbox 1010 1907 1043 1935; x_wconf 91' lang='lat' dir='ltr'><strong>et</strong></span> <span class='ocrx_word' id='word_1_350' title='bbox 1062 1914 1094 1945; x_wconf 91' lang='lat' dir='ltr'><strong>p.</strong></span> <span class='ocrx_word' id='word_1_351' title='bbox 1110 1902 1152 1936; x_wconf 91' lang='grc'><strong>19</strong></span> <span class='ocrx_word' id='word_1_352' title='bbox 1169 1915 1251 1946; x_wconf 63' lang='lat' dir='ltr'><strong>seq„</strong></span> <span class='ocrx_word' id='word_1_353' title='bbox 1276 1904 1369 1937; x_wconf 81' lang='lat' dir='ltr'><strong>haud</strong></span> <span class='ocrx_word' id='word_1_354' title='bbox 1393 1915 1478 1937; x_wconf 87' lang='lat' dir='ltr'><strong>sane</strong></span> 
     </span>
     <span class='ocr_line' id='line_1_67' title="bbox 832 1948 1477 1992; baseline 0.005 -13"><span class='ocrx_word' id='word_1_355' title='bbox 832 1951 958 1980; x_wconf 87' lang='lat' dir='ltr'><strong>temere</strong></span> <span class='ocrx_word' id='word_1_356' title='bbox 974 1948 1178 1982; x_wconf 82' lang='lat' dir='ltr'><strong>scholiastes</strong></span> <span class='ocrx_word' id='word_1_357' title='bbox 1200 1954 1233 1982; x_wconf 89' lang='lat' dir='ltr'><strong>et</strong></span> <span class='ocrx_word' id='word_1_358' title='bbox 1257 1950 1477 1992; x_wconf 86' lang='lat' dir='ltr'><strong>Olympio-</strong></span> 
     </span>
    </p>

    <p class='ocr_par' dir='ltr' id='par_1_12' title="bbox 832 1992 1477 2040">
     <span class='ocr_line' id='line_1_68' title="bbox 832 1992 1477 2040; baseline 0.005 -15"><span class='ocrx_word' id='word_1_359' title='bbox 832 1993 964 2026; x_wconf 87' lang='lat' dir='ltr'><strong>dorus</strong></span> <span class='ocrx_word' id='word_1_360' title='bbox 998 1994 1040 2026; x_wconf 81' lang='lat' dir='ltr'><strong>ad</strong></span> <span class='ocrx_word' id='word_1_361' title='bbox 1073 1992 1285 2028; x_wconf 76' lang='grc' dir='ltr'><strong>11.1.;οἶον</strong></span> <span class='ocrx_word' id='word_1_362' title='bbox 1309 1993 1477 2040; x_wconf 82' lang='grc' dir='ltr'><em>Εμπεδο-</em></span> 
     </span>
    </p>

    <p class='ocr_par' dir='ltr' id='par_1_13' title="bbox 833 2036 1476 2094">
     <span class='ocr_line' id='line_1_69' title="bbox 833 2036 1476 2094; baseline 0.003 -23"><span class='ocrx_word' id='word_1_363' title='bbox 833 2039 929 2082; x_wconf 70' lang='grc' dir='ltr'><em>κλῇε·</em></span> <span class='ocrx_word' id='word_1_364' title='bbox 962 2037 1215 2094; x_wconf 70' lang='grc' dir='ltr'><strong><em>Πυθαγόρειοε·</em></strong></span> <span class='ocrx_word' id='word_1_365' title='bbox 1246 2039 1312 2083; x_wconf 83' lang='grc' dir='ltr'><strong>γὰρ</strong></span> <span class='ocrx_word' id='word_1_366' title='bbox 1347 2041 1391 2083; x_wconf 85' lang='grc' dir='ltr'><strong>ήν</strong></span> <span class='ocrx_word' id='word_1_367' title='bbox 1416 2036 1476 2073; x_wconf 80' lang='grc' dir='ltr'><strong>οὖ-</strong></span> 
     </span>
    </p>

    <p class='ocr_par' dir='ltr' id='par_1_14' title="bbox 833 2081 1476 2129">
     <span class='ocr_line' id='line_1_70' title="bbox 833 2081 1476 2129; baseline 0.006 -14"><span class='ocrx_word' id='word_1_368' title='bbox 833 2095 900 2118; x_wconf 73' lang='grc' dir='ltr'>τος.</span> <span class='ocrx_word' id='word_1_369' title='bbox 952 2081 1082 2127; x_wconf 77' lang='grc' dir='ltr'><em>ὑπῆρχε</em></span> <span class='ocrx_word' id='word_1_370' title='bbox 1120 2084 1159 2118; x_wconf 83' lang='grc' dir='ltr'><strong>δὲ</strong></span> <span class='ocrx_word' id='word_1_371' title='bbox 1197 2083 1476 2129; x_wconf 73' lang='grc' dir='ltr'>Ἀκραγαντῖνος.</span> 
     </span>
    </p>

    <p class='ocr_par' dir='ltr' id='par_1_15' title="bbox 832 2129 1476 2175">
     <span class='ocr_line' id='line_1_71' title="bbox 832 2129 1476 2175; baseline 0.008 -15"><span class='ocrx_word' id='word_1_372' title='bbox 832 2129 962 2161; x_wconf 89' lang='lat' dir='ltr'><strong>Docuit</strong></span> <span class='ocrx_word' id='word_1_373' title='bbox 985 2130 1076 2162; x_wconf 91' lang='lat' dir='ltr'><strong>enim</strong></span> <span class='ocrx_word' id='word_1_374' title='bbox 1100 2130 1158 2162; x_wconf 90' lang='lat' dir='ltr'><strong>hic</strong></span> <span class='ocrx_word' id='word_1_375' title='bbox 1188 2135 1275 2164; x_wconf 89' lang='lat' dir='ltr'><strong>teste</strong></span> <span class='ocrx_word' id='word_1_376' title='bbox 1300 2132 1476 2175; x_wconf 86' lang='lat' dir='ltr'><strong>Simpli-</strong></span> 
     </span>
    </p>

    <p class='ocr_par' dir='ltr' id='par_1_16' title="bbox 832 2175 1477 2220">
     <span class='ocr_line' id='line_1_72' title="bbox 832 2175 1477 2220; baseline 0.006 -14"><span class='ocrx_word' id='word_1_377' title='bbox 832 2175 901 2207; x_wconf 86' lang='lat' dir='ltr'><strong>cio</strong></span> <span class='ocrx_word' id='word_1_378' title='bbox 927 2175 967 2206; x_wconf 85' lang='lat' dir='ltr'><strong>ad</strong></span> <span class='ocrx_word' id='word_1_379' title='bbox 992 2176 1132 2208; x_wconf 87' lang='lat' dir='ltr'><strong>Aristot.</strong></span> <span class='ocrx_word' id='word_1_380' title='bbox 1157 2177 1210 2209; x_wconf 89' lang='lat' dir='ltr'><strong>De</strong></span> <span class='ocrx_word' id='word_1_381' title='bbox 1227 2176 1332 2210; x_wconf 90' lang='lat' dir='ltr'><strong>Coelo</strong></span> <span class='ocrx_word' id='word_1_382' title='bbox 1350 2189 1382 2220; x_wconf 94' lang='lat' dir='ltr'><strong>p.</strong></span> <span class='ocrx_word' id='word_1_383' title='bbox 1400 2177 1477 2210; x_wconf 82' lang='lat'><strong>129.</strong></span> 
     </span>
    </p>

    <p class='ocr_par' dir='ltr' id='par_1_17' title="bbox 831 2218 1493 2763">
     <span class='ocr_line' id='line_1_73' title="bbox 832 2218 1478 2265; baseline 0.006 -14"><span class='ocrx_word' id='word_1_384' title='bbox 832 2218 1078 2262; x_wconf 70' lang='grc' dir='ltr'><em>μυθικώτεροτ</em></span> <span class='ocrx_word' id='word_1_385' title='bbox 1111 2219 1158 2256; x_wconf 75' lang='grc' dir='ltr'><strong>ὠς</strong></span> <span class='ocrx_word' id='word_1_386' title='bbox 1190 2221 1341 2265; x_wconf 75' lang='grc' dir='ltr'>ποιητής.</span> <span class='ocrx_word' id='word_1_387' title='bbox 1406 2223 1478 2255; x_wconf 88' lang='lat' dir='ltr'><strong>Nec</strong></span> 
     </span>
     <span class='ocr_line' id='line_1_74' title="bbox 832 2265 1477 2310; baseline 0.005 -13"><span class='ocrx_word' id='word_1_388' title='bbox 832 2265 907 2297; x_wconf 87' lang='lat' dir='ltr'><strong>sine</strong></span> <span class='ocrx_word' id='word_1_389' title='bbox 947 2276 1072 2298; x_wconf 84' lang='lat' dir='ltr'><strong>caussa</strong></span> <span class='ocrx_word' id='word_1_390' title='bbox 1120 2267 1213 2299; x_wconf 90' lang='lat' dir='ltr'><strong>hunc</strong></span> <span class='ocrx_word' id='word_1_391' title='bbox 1258 2268 1477 2310; x_wconf 88' lang='lat' dir='ltr'><strong>potissimum</strong></span> 
     </span>
     <span class='ocr_line' id='line_1_75' title="bbox 831 2311 1493 2353; baseline 0.006 -11"><span class='ocrx_word' id='word_1_392' title='bbox 831 2311 931 2344; x_wconf 83' lang='lat' dir='ltr'><strong>Plato</strong></span> <span class='ocrx_word' id='word_1_393' title='bbox 970 2312 1133 2353; x_wconf 86' lang='lat' dir='ltr'><strong>respexit.</strong></span> <span class='ocrx_word' id='word_1_394' title='bbox 1202 2312 1347 2345; x_wconf 79' lang='lat' dir='ltr'><strong>Constat</strong></span> <span class='ocrx_word' id='word_1_395' title='bbox 1383 2314 1493 2346; x_wconf 92' lang='lat' dir='ltr'><strong>enim·</strong></span> 
     </span>
     <span class='ocr_line' id='line_1_76' title="bbox 832 2357 1475 2401; baseline 0.005 -13"><span class='ocrx_word' id='word_1_396' title='bbox 832 2357 945 2398; x_wconf 90' lang='lat' dir='ltr'><strong>ipsum</strong></span> <span class='ocrx_word' id='word_1_397' title='bbox 971 2357 1133 2400; x_wconf 86' lang='lat' dir='ltr'><strong>Gorgiam</strong></span> <span class='ocrx_word' id='word_1_398' title='bbox 1165 2358 1240 2389; x_wconf 89' lang='lat' dir='ltr'><strong>eius</strong></span> <span class='ocrx_word' id='word_1_399' title='bbox 1271 2358 1475 2401; x_wconf 82' lang='lat' dir='ltr'><strong>disciplinae</strong></span> 
     </span>
     <span class='ocr_line' id='line_1_77' title="bbox 832 2401 1475 2440; baseline 0.006 -7"><span class='ocrx_word' id='word_1_400' title='bbox 832 2401 1004 2434; x_wconf 84' lang='lat' dir='ltr'><strong>addictum</strong></span> <span class='ocrx_word' id='word_1_401' title='bbox 1029 2403 1151 2440; x_wconf 86' lang='lat' dir='ltr'><strong>fuisse,</strong></span> <span class='ocrx_word' id='word_1_402' title='bbox 1178 2403 1269 2435; x_wconf 91' lang='lat' dir='ltr'><strong>unde</strong></span> <span class='ocrx_word' id='word_1_403' title='bbox 1295 2406 1400 2437; x_wconf 86' lang='lat' dir='ltr'><strong>etiam</strong></span> <span class='ocrx_word' id='word_1_404' title='bbox 1416 2405 1475 2437; x_wconf 85' lang='lat' dir='ltr'><strong>So-</strong></span> 
     </span>
     <span class='ocr_line' id='line_1_78' title="bbox 832 2447 1474 2492; baseline 0.005 -14"><span class='ocrx_word' id='word_1_405' title='bbox 832 2451 941 2479; x_wconf 81' lang='lat' dir='ltr'><strong>crates</strong></span> <span class='ocrx_word' id='word_1_406' title='bbox 966 2448 1001 2478; x_wconf 88' lang='lat' dir='ltr'><strong>in</strong></span> <span class='ocrx_word' id='word_1_407' title='bbox 1018 2448 1167 2480; x_wconf 88' lang='lat' dir='ltr'><strong>Menone</strong></span> <span class='ocrx_word' id='word_1_408' title='bbox 1191 2459 1222 2490; x_wconf 92' lang='lat' dir='ltr'><strong>p.</strong></span> <span class='ocrx_word' id='word_1_409' title='bbox 1243 2447 1296 2483; x_wconf 85' lang='lat'><strong>76.</strong></span> <span class='ocrx_word' id='word_1_410' title='bbox 1316 2450 1356 2481; x_wconf 84' lang='lat' dir='ltr'><strong>A.</strong></span> <span class='ocrx_word' id='word_1_411' title='bbox 1381 2460 1474 2492; x_wconf 90' lang='lat' dir='ltr'><strong>seqq.</strong></span> 
     </span>
     <span class='ocr_line' id='line_1_79' title="bbox 832 2492 1475 2537; baseline 0.006 -14"><span class='ocrx_word' id='word_1_412' title='bbox 832 2492 955 2524; x_wconf 83' lang='lat' dir='ltr'><strong>leniter</strong></span> <span class='ocrx_word' id='word_1_413' title='bbox 978 2492 1066 2524; x_wconf 88' lang='lat' dir='ltr'><strong>ridet</strong></span> <span class='ocrx_word' id='word_1_414' title='bbox 1091 2494 1240 2536; x_wconf 84' lang='lat' dir='ltr'><strong>Gorgiae</strong></span> <span class='ocrx_word' id='word_1_415' title='bbox 1267 2494 1475 2537; x_wconf 83' lang='lat' dir='ltr'><strong>discipulum</strong></span> 
     </span>
     <span class='ocr_line' id='line_1_80' title="bbox 831 2537 1476 2582; baseline 0.005 -13"><span class='ocrx_word' id='word_1_416' title='bbox 831 2537 1062 2579; x_wconf 88' lang='lat' dir='ltr'><strong>Empedoclea</strong></span> <span class='ocrx_word' id='word_1_417' title='bbox 1086 2539 1252 2580; x_wconf 82' lang='lat' dir='ltr'><strong>quaedam</strong></span> <span class='ocrx_word' id='word_1_418' title='bbox 1277 2540 1404 2582; x_wconf 82' lang='lat' dir='ltr'><strong>placita</strong></span> <span class='ocrx_word' id='word_1_419' title='bbox 1420 2551 1476 2572; x_wconf 88' lang='lat' dir='ltr'><strong>cu-</strong></span> 
     </span>
     <span class='ocr_line' id='line_1_81' title="bbox 832 2582 1475 2627; baseline 0.008 -14"><span class='ocrx_word' id='word_1_420' title='bbox 832 2582 911 2624; x_wconf 89' lang='lat' dir='ltr'><strong>pide</strong></span> <span class='ocrx_word' id='word_1_421' title='bbox 943 2583 1216 2625; x_wconf 81' lang='lat' dir='ltr'><strong>amplectentem.</strong></span> <span class='ocrx_word' id='word_1_422' title='bbox 1263 2585 1383 2627; x_wconf 84' lang='lat' dir='ltr'><strong>ltaque</strong></span> <span class='ocrx_word' id='word_1_423' title='bbox 1415 2597 1475 2618; x_wconf 86' lang='lat' dir='ltr'><strong>no-</strong></span> 
     </span>
     <span class='ocr_line' id='line_1_82' title="bbox 832 2627 1475 2672; baseline 0.005 -13"><span class='ocrx_word' id='word_1_424' title='bbox 832 2627 936 2660; x_wconf 82' lang='lat' dir='ltr'><strong>tando</strong></span> <span class='ocrx_word' id='word_1_425' title='bbox 984 2629 1192 2671; x_wconf 87' lang='lat' dir='ltr'><strong>Empedocle</strong></span> <span class='ocrx_word' id='word_1_426' title='bbox 1247 2631 1348 2662; x_wconf 87' lang='lat' dir='ltr'><strong>simul</strong></span> <span class='ocrx_word' id='word_1_427' title='bbox 1403 2631 1475 2672; x_wconf 87' lang='lat' dir='ltr'><strong>ipse</strong></span> 
     </span>
     <span class='ocr_line' id='line_1_83' title="bbox 833 2673 1476 2717; baseline 0.003 -12"><span class='ocrx_word' id='word_1_428' title='bbox 833 2673 980 2715; x_wconf 80' lang='lat' dir='ltr'><strong>Gorgias</strong></span> <span class='ocrx_word' id='word_1_429' title='bbox 1022 2674 1165 2716; x_wconf 85' lang='lat' dir='ltr'><strong>eiusque</strong></span> <span class='ocrx_word' id='word_1_430' title='bbox 1212 2675 1376 2717; x_wconf 83' lang='lat' dir='ltr'><strong>discipuli</strong></span> <span class='ocrx_word' id='word_1_431' title='bbox 1417 2686 1476 2707; x_wconf 90' lang='lat' dir='ltr'><strong>no-</strong></span> 
     </span>
     <span class='ocr_line' id='line_1_84' title="bbox 832 2720 1475 2763; baseline 0.006 -14"><span class='ocrx_word' id='word_1_432' title='bbox 832 2723 969 2759; x_wconf 82' lang='lat' dir='ltr'><strong>tantur,</strong></span> <span class='ocrx_word' id='word_1_433' title='bbox 1001 2722 1040 2750; x_wconf 89' lang='lat' dir='ltr'><strong>ut</strong></span> <span class='ocrx_word' id='word_1_434' title='bbox 1061 2723 1178 2762; x_wconf 83' lang='lat' dir='ltr'><strong>pateat</strong></span> <span class='ocrx_word' id='word_1_435' title='bbox 1201 2720 1294 2753; x_wconf 87' lang='lat' dir='ltr'><strong>hunc</strong></span> <span class='ocrx_word' id='word_1_436' title='bbox 1317 2720 1475 2763; x_wconf 86' lang='lat' dir='ltr'><strong>mythum</strong></span> 
     </span>
    </p>
   </div>
  </div>
 </body>
</html>
