1722 2964
1126 153 1153 187 S
1161 153 1207 188 T.
1484 149 1567 191 143

499 154 919 192 PROTAGORAS.
951 155 992 191 P.
1013 157 1093 193 347.

143 271 350 331 ἀλλήλοις
376 269 436 318 δι’
466 272 638 317 ἑαυτῶν
662 279 867 315 συνεῖναι
893 271 942 314 ἐν
971 270 1031 329 τῷ
1058 265 1200 329 πότῳ,
1236 265 1352 325 μηδὲ
1383 265 1457 311 διὰ
1487 269 1567 325 τῆς

145 342 319 387 ἑαυτῶν
343 341 498 399 φωνῆς
522 339 710 384 καὶτῶν
743 335 888 394 λόγων
918 339 1009 383 τῶν
1040 337 1212 381 ἑαυτῶν
1233 332 1321 380 ὑπὸ
1345 331 1564 380 ἀπαιδευ-

143 414 244 463 σίας
267 411 413 467 τιμίας
445 408 622 453 ποιοῦσι
656 404 732 458 τὰς
758 402 1043 463 αὐλητρίδας,
1079 405 1246 450 πολλοῦ
1268 400 1564 462 μισθούμενοι

143 476 381 536 ἀλλοτρίαν
405 472 574 534 ’φωνὴν
603 471 686 532 τὴν
714 475 804 518 τῶν
835 471 1009 530 αὐλῶν,
1058 473 1133 517 καὶ
1165 469 1239 516 διὰ
1271 474 1347 529 τῆς
1380 473 1566 516 ἐκείνων

144 547 298 603 φωνῆς
323 541 528 601 ἀλλήλοις
553 540 766 588 σύνεισιν.
811 539 924 587 ὅπου
950 541 999 586 δὲ
1023 540 1149 586 καλοὶ
1173 537 1367 597 κάγαθοὶ
1391 537 1565 598 συμπό-

141 631 210 658 ται
233 614 310 658 καὶ
332 611 679 669 πεπαιδευμένοι
703 613 834 667 εἰσίν,
860 607 941 655 οὐκ
965 606 1022 655 ἂν
1042 612 1152 661 ἴδοις
1171 605 1263 653 οὔτ’
1295 605 1565 666 αὐλητρίδας

141 678 243 726 οὔτε
267 678 559 739 ὀρχηστρίδας
583 676 684 724 οὔτε
708 682 939 735 ψαλτρίας,
965 674 1062 722 ἀλλ’
1092 674 1254 728 αὐτοὺς
1290 673 1440 729 αὐτοῖς
1467 678 1565 720 ἱκα-

141 746 246 801 νούς
270 746 400 802 ὄντας
426 757 628 793 συνεῖναι
652 743 762 791 ἄνευ
785 747 875 791 τῶν
899 744 1049 804 λήρων
1071 763 1118 790 τε
1143 746 1218 789 καὶ
1242 745 1436 789 παιδιῶν
1459 741 1564 789 τού-

139 835 231 862 των
256 813 329 861 διά
353 817 430 873 τῆς
455 815 603 861 αὐτῶν
626 815 801 872 φωνῆς,
828 812 1035 872 λέγοντας
1058 831 1106 859 τε
1137 813 1211 857 καὶ
1236 809 1480 864 ἀκούοντας
1515 813 1564 857 ἐν

138 885 262 943 μέρει
301 885 474 929 ἑαυτῶν
514 886 727 941 κοσμίως,
770 878 854 927 κᾶν
885 880 1005 927 πάνυ
1045 879 1190 926 πολὺν
1217 880 1346 926 ὀἶνον
1384 885 1560 925 πίωσιν.

139 949 254 998 οὕτω
280 951 330 996 δὲ
353 951 427 996 καὶ
458 953 509 995 αἱ
527 953 696 996 τοιαίδε
720 954 980 1006 συνουσίαι,
1016 948 1094 994 ἐὰν
1116 948 1200 1007 μὲν
1232 946 1456 1006 λάβωνται
1482 945 1564 992 ἀν-

138 1021 260 1078 δρῶν
283 1015 454 1078 οἷοίπερ
479 1016 605 1076 ἡμῶν
628 1021 674 1063 οἱ
702 1022 863 1063 πολλοί
892 1032 1033 1076 φασιν
1057 1016 1194 1074 εἶναι,
1219 1014 1354 1062 οὐδὲν
1387 1016 1564 1061 δέονται

137 1085 370 1146 ἀλλοτρίας
393 1088 564 1144 φωνῆς,
589 1084 694 1131 οὐδὲ
718 1087 936 1143 ποιητῶν,
971 1082 1048 1138 οὓς
1073 1082 1175 1130 οὔτε
1199 1082 1444 1143 ἀνερέσθαι
1466 1080 1566 1129 οἶόν

136 1153 174 1200 τ’
206 1156 298 1200 ἐστὶ
322 1155 424 1214 περὶ
449 1146 513 1199 οἷν
537 1155 769 1211 λέγουσιν,
796 1152 1065 1212 ἕπαγόμενοί
1083 1171 1130 1198 τε
1155 1150 1316 1205 αὐτοὺς
1341 1155 1387 1197 οἱ
1407 1151 1565 1197 πολλοὶ

139 1224 188 1268 ἐν
211 1233 303 1275 τοῖς
328 1220 474 1280 λόγοις
499 1224 545 1267 οἱ
564 1221 646 1279 μὲν
668 1219 806 1266 ταῦτα
829 1236 940 1280 φασι
971 1220 1049 1267 τὸν
1073 1219 1260 1279 ποιητὴν
1285 1230 1422 1276 νοεῖν,
1447 1222 1494 1265 οἱ
1515 1217 1558 1265 δ’

226 1377 272 1409 D.
291 1371 520 1420 συμπόται
537 1374 614 1409 καὶ
623 1374 1075 1433 nsnoet6.]Bod1.Vat
1092 1385 1121 1410 r.
1140 1386 1208 1409 om.
1227 1374 1298 1409 καί
1309 1375 1420 1409 male.
1450 1374 1567 1408 Athe·

136 1431 252 1455 naeus
270 1422 412 1454 invenit
429 1420 540 1455 καλοὶ
557 1420 635 1454 καὶ
653 1417 801 1465 ἀγαθοὶ
819 1417 1009 1466 ξυμπόται
1028 1424 1065 1454 et
1081 1422 1209 1454 statim
1226 1423 1313 1464 post
1331 1420 1516 1462 ξυνεῖναι.

180 1535 227 1567 D
244 1533 404 1578 τιμίας
420 1534 610 1568 ποιοῦσι
628 1529 708 1573 τὰς
731 1528 815 1568 ocv'-

136 1580 244 1623 λητρ
254 1577 382 1623 ίδας]
410 1580 667 1612 ‘tibicinarum
689 1580 812 1631 pretia

136 1625 379 1677 amplificant.
385 1627 396 1644 ’
411 1624 569 1667 Euthyd
578 1635 611 1676 p.
620 1625 742 1658 304Β.

135 1682 206 1723 ’γαρ
225 1679 386 1703 σπανιον
403 1669 547 1713 τίμιον,
571 1664 614 1702 τὰ
638 1666 681 1703 δὲ
705 1664 810 1712 υδωρ

136 1710 385 1748 εὐωνότατον.
447 1715 620 1747 Tibicina
658 1715 811 1747 dimitti-

133 1762 193 1792 tur
217 1761 327 1793 etiam
348 1760 389 1792 in
410 1759 617 1802 Agathonis
640 1761 810 1794 convivio

133 1815 169 1857 p.
194 1806 258 1837 176
275 1805 326 1837 E:
367 1801 613 1857 εἰσηγοῦμαι,
647 1800 719 1847 τὴν
740 1816 811 1847 μεν

136 1843 223 1893 ἄρτι
238 1847 493 1883 εἰσελθοῦσαν
504 1845 720 1903 αὐλητρίδα
728 1850 812 1902 χαί-

135 1905 218 1948 ρειν
235 1889 322 1938 ἐᾶν,
346 1889 577 1928 αὐλοῦσαν
558 1895 677 1939 εαυτῇ
693 1889 720 1938 ἥ
729 1921 738 1938 ,
762 1888 812 1928 ὂὶν

134 1921 340 1994 βούληται,
365 1942 451 1979 ταῖς
473 1938 627 1993 ’γυναιξὶ
649 1944 735 1979 ταῖς
753 1937 813 1974 «ζ’-ν

135 1984 224 2028 δον,
256 1981 357 2028 ἡμᾶς
381 1982 424 2018 δὲ
449 1981 517 2018 διὰ
547 1981 668 2037 λόγων
698 1981 813 2029 αλλή-

134 2032 214 2069 λοις
247 2033 419 2064 συνεῖναι
448 2026 489 2063 τὸ
518 2026 690 2074 τήμερον.
734 2032 814 2064 Iam

132 2076 284 2109 heroica
301 2078 429 2108 aetate
454 2075 632 2109 eiusmodi
649 2077 813 2110 obleeta-

133 2123 260 2154 menta
292 2121 471 2154 conviviis
504 2122 677 2163 quaesita
714 2125 811 2163 sunt,

134 2165 199 2199 sed
222 2166 379 2199 adhibiti
409 2166 612 2200 citharoedi
635 2170 672 2199 et
695 2167 812 2200 salta-

132 2214 244 2253 tores,
257 2221 330 2244 non
342 2210 555 2244 saltatrices
571 2214 608 2244 et
620 2213 811 2246 tibicinae.

132 2256 267 2292 Athen
288 2268 324 2299 p.
348 2257 391 2288 14
414 2257 464 2289 A.
505 2251 716 2300 ἐχρῶντο”
690 2268 810 2300 ηρωες

135 2295 177 2334 ἒν
199 2303 279 2340 τοῖς
303 2301 527 2353 συμποσίοις
548 2300 616 2335 καὶ
639 2303 760 2346 κιθαρ
763 2314 811 2347 φ-

134 2345 220 2384 δοῖς
235 2340 337 2379 καὶ’
319 2348 541 2389 ορχησταῖςς
564 2347 695 2381 deinde
713 2359 747 2390 p.
768 2338 810 2380 16

132 2391 181 2423 A:
212 2385 375 2434 εχρῶντο
402 2389 470 2424 καὶ
501 2386 634 2443 αὗλοις
655 2391 722 2445 2501),
746 2389 810 2426 σύ-

132 2435 235 2488 ριγξι
264 2461 274 2470 .
294 2462 302 2469 .
334 2432 387 2474 εἰς
411 2433 453 2469 δὲ
476 2447 523 2469 τα
547 2433 738 2490 συμπόσια
763 2449 809 2472 ου

131 2477 344 2534 παρήγαγε.
358 2476 459 2534 πλῂν
475 2475 517 2514 ἐν
528 2481 573 2536 τῇ
579 2477 810 2527 Οπλοποιία

133 2537 266 2579 γαμων
283 2523 498 2570 γενομένων
521 2526 650 2560 αυλῶν
664 2539 810 2581 μνημο-

133 2582 250 2606 νευει.
284 2573 363 2610 τοῖς
381 2567 424 2604 δὲ
442 2567 648 2623 βαρβάροις
671 2567 809 2607 ἀποδί-

134 2614 227 2650 δωσι
254 2611 345 2655 τούς
375 2610 531 2655 αυλούς.
581 2618 628 2651 cf.
653 2628 735 2653 ann.
762 2619 808 2652 ad

133 2671 169 2704 p.
185 2662 251 2696 318
269 2661 309 2696 (3

178 2705 209 2739 Ε
249 2718 335 2741 καν
358 2701 483 2740 πάνυ
508 2703 656 2742 πολὺν
680 2704 811 2743 οἶνον

134 2749 269 2785 πίωσι
326 2752 370 2785 In
402 2752 594 2796 Symposio
626 2752 810 2794 Socrates,

137 2805 247 2837 quum
258 2807 281 2840 p
298 2798 711 2838 urimumvinibibisset,
729 2810 811 2832 oum

133 2841 379 2885 Aristophane
410 2846 446 2875 et
466 2843 660 2886 Agathone
690 2844 736 2877 ad
758 2845 811 2877 lu-

137 2895 215 2919 cem
234 2895 353 2929 usque
370 2888 577 2922 collocutus
601 2898 683 2922 esse
705 2889 811 2933 fingi-

882 1537 954 1567 tur.
988 1535 1036 1567 Et
1048 1534 1158 1567 Plato
1176 1534 1285 1567 fortis
1304 1535 1417 1567 animi
1434 1534 1564 1566 existi-

881 1580 997 1612 mavit
1027 1589 1128 1621 esse,
1162 1580 1194 1611 si
1217 1580 1300 1621 quis
1329 1580 1409 1613 vini
1430 1579 1564 1622 plenus

879 1626 1015 1658 mentis
1039 1628 1137 1658 esset
1160 1635 1323 1667 compos,
1348 1635 1383 1659 v,
1408 1624 1452 1657 de
1468 1625 1562 1667 Leg.

880 1681 915 1713 p.
934 1671 1017 1711 649;
1041 1671 1234 1703 671—674.
1274 1669 1456 1712 !Eiusdem
1478 1680 1562 1703 sen-

881 1716 1025 1748 tentiae
1043 1714 1250 1757 fuitCyrus,
1271 1716 1335 1757 qui
1347 1716 1385 1747 in
1399 1715 1563 1758 epistola

882 1761 927 1792 ad
937 1760 1256 1793 Lacedaemonios
1274 1762 1413 1803 scripta
1430 1761 1470 1792 in
1484 1761 1563 1793 suis

879 1806 1077 1839 virtutibus
1090 1805 1127 1837 id
1140 1806 1361 1845 numeravit,
1376 1805 1471 1848 quod
1482 1805 1564 1838 vini

882 1853 981 1884 esset
1021 1851 1310 1893 capacissimus‚
1356 1850 1561 1885 v.P1ut-

883 1907 929 1928 ai
940 1895 1004 1928 ch.
1035 1895 1114 1928 Art.
1150 1907 1180 1929 c.
1213 1897 1253 1929 6:
1288 1895 1564 1953 μεγαληγορῶν

882 1938 926 1974 δὲ
948 1939 1036 1993 περὶ
1060 1936 1181 1975 αυτοῦ
1205 1939 1272 1974 καὶ
1295 1940 1462 1984 καρδίαν
1479 1952 1561 1995 εφη

882 1987 950 2019 τοῦ
981 1981 1155 2029 ἀδελφοῦ
1179 1989 1318 2030 φορεῖν
1347 1983 1564 2030 βαρυτέραν

882 2029 948 2065 καὶ
971 2033 1204 2085 φιλοσοφεῖν
1231 2031 1378 2087 μᾶλλον
1399 2030 1467 2065 καὶ
1489 2043 1562 2076 μα-

881 2087 1011 2120 γευειν
1028 2075 1196 2134 βέλτιον,
1216 2073 1323 2112 οἶνον
1339 2074 1383 2111 δὲ
1399 2077 1562 2112 πλείονα

880 2122 1008 2156 πίνειν
1024 2121 1091 2155 καὶ
1109 2120 1254 2166 φέρειν.

927 2195 1044 2218 ουτω
1077 2181 1127 2218 δε
1159 2183 1238 2218 καὶ
1271 2181 1321 2218 αἱ
1352 2197 1383 2219 τ
1419 2182 1469 2228 σ.]
1504 2185 1559 2217 Ne

881 2231 964 2272 quis
981 2223 1081 2263 οὕτω
1099 2226 1151 2274 δή
1168 2230 1425 2285 corrigendum
1441 2231 1559 2283 putet,

880 2276 977 2328 cqnf
1000 2286 1035 2328 p
1060 2277 1124 2309 351
1148 2276 1198 2307 Α·
1238 2272 1338 2309 ου’τω
1372 2271 1415 2309 δὲ
1447 2269 1568 2308 κάκεῖ

879 2331 925 2353 ου
949 2315 1092 2354 ταῦτὸν
1110 2317 1222 2354 εἶναι.
1248 2320 1387 2356 Phaed.
1404 2331 1441 2364 p.
1457 2319 1559 2353 720.

878 2366 1087 2421 Repub1.1.
1111 2376 1146 2407 p
1165 2367 1293 2398 345D.
1319 2366 1367 2399 al.
1476 2360 1561 2399 ἐὰν

878 2407 962 2454 μὲν
1000 2405 1251 2464 λάβωνται.
1276 2404 1477 2454 ανδρῶν,
1520 2411 1559 2444 si

878 2459 1042 2489 nactae
1084 2457 1179 2488 sint
1208 2456 1332 2489 viros
1373 2467 1403 2489 s
1439 2466 1559 2489 eom-

877 2504 1008 2544 potes
1040 2501 1238 2534 virorum
1266 2502 1424 2535 factae
1452 2502 1556 2534 sint.

877 2546 998 2579 Stallb.

922 2604 1108 2652 οἷοίπερ
1147 2603 1274 2652 ἡμῶν
1309 2605 1355 2642 οἵ
1390 2607 1563 2642 πολλοί

880 2651 1047 2697 φασιν]
1065 2656 1107 2686 ut
1122 2654 1283 2698 Hippias
1301 2665 1336 2697 p.
1355 2655 1421 2687 337
1436 2654 1484 2688 D.

926 2721 1004 2748 ους
1030 2720 1137 2744 ουτε
1166 2706 1431 2762 ανερέσθαι
1452 2704 1557 2744 οἷόν

865 2753 948 2834 vos]
974 2756 1155 2811 Hipp.11.
1179 2767 1213 2798 p.
1231 2757 1299 2789 365
1314 2756 1367 2788 D.
1394 2750 1462 2789 τὸν
1483 2751 1557 2798 μὲν

881 2800 966 2878 9373!-
943 2811 1037 2844 ηρον
1075 2795 1264 2856 ἐάσωμεν,
1313 2795 1448 2844 ἐπειδὴ
1487 2799 1557 2834 καὶ

878 2840 902 2878 a'
933 2856 1075 2880 υνατον
1105 2841 1363 2898 ἐπανερέσθαι
1395 2845 1436 2879 τί
1462 2856 1555 2879 ποτε

880 2890 979 2925 νοῶν
994 2891 1117 2925 ταῦτα
1135 2886 1290 2934 ἐποίησε
1307 2887 1353 2924 τὰ
1372 2887 1456 2934 ἐᾞπη

1588 417 1625 449 D

1588 893 1622 926 E
