1676 2938
449 191 695 231 GORGIAS.
725 191 768 229 P.
801 192 894 229 513.
925 190 984 229 ed.
1016 190 1073 228 St.
1359 191 1440 226 299

82 306 226 345 στατεῖ
262 314 355 356 μοι·
400 301 488 342 ἀλλ’
529 299 606 342 ἐὰν
632 299 835 348 πολλάκις
870 299 973 348 ἴσως
1012 298 1084 340 καὶ
1112 297 1282 351 βέλτιον
1307 294 1443 338 ταύτὰ
1483 299 1525 340 Ι)

82 375 215 410 ταῦτα
254 367 585 421 διασκοπῶμεθα
599 397 610 415 ,
655 365 891 419 πεισθήσει.
928 365 1230 419 ἀναμνήσθητι
1270 358 1307 405 δ’
1345 358 1441 410 οὗν,

81 431 146 476 ὅτι
183 428 250 474 δύ’
289 430 453 486 ἔφαμεν
490 427 599 473 εἶναι
639 429 714 479 τὰς
750 430 1026 484 παρασκευὰς
1066 428 1133 471 ἐπὶ
1175 430 1223 471 τὸ
1260 429 1442 471 ἕκαστον

82 499 351 551 θεραπεύειν,
378 496 450 540 καὶ
478 499 599 551 σῶμα
627 495 699 538 καὶ
727 496 885 550 ψυχήν,
913 496 1016 549 μίαν
1043 493 1123 549 μὲν
1149 496 1257 548 πρὸς
1277 493 1443 549 ἡδονὴν

84 565 260 619 ὁμιλεῖν,
290 563 369 618 τὴν
397 560 544 616 ἑτέραν
573 561 618 604 δὲ
645 562 754 614 πρὸς
780 562 829 603 τὸ
859 559 1104 614 βέλτιστον,
1133 560 1192 615 μὴ
1219 575 1441 614 καταχαρι-

82 632 282 685 ζόμενον,
325 628 433 670 ἀλλὰ
471 628 798 682 διαμαχόμενον.
842 622 896 669 οὐ
923 630 1060 668 ταῦτα
1087 621 1143 680 ἦν
1171 627 1198 667 ἃ
1225 627 1319 667 τότε
1347 624 1440 676 ὠρι-

79 697 263 748 ζόμεθα;
306 696 443 736 ΚΑΛ.
483 694 613 735 Πάνυ
651 707 710 746 γε.
767 694 871 735 ΣΩ.
914 692 1094 734 Ου’κοῦν
1131 692 1160 747 ἦ
1189 691 1268 746 μὲν
1307 689 1439 743 ἑτέρα,

78 762 106 816 ἦ
147 761 255 815 πρὸς
293 760 482 815 ἡδονήν,
534 758 717 813 ἀγεννὴς
755 757 827 801 καὶ
867 753 996 800 οὐδὲν
1035 760 1139 799 ἄλλο
1177 757 1205 811 ἢ
1242 757 1441 798 κολακεία

81 827 282 882 τυγχάνει
310 821 432 867 οὖσα.
462 821 488 879 ἦ
517 825 623 878 γάρς
655 825 796 866 ΚΑΛ.
816 820 970 876 ’Ἐστι-ο,
1000 824 1036 866 εἰ
1065 824 1232 877 βούλει,
1276 822 1343 864 σοὶ
1373 821 1442 865 οὔ·
1474 821 1512 862 Ε

80 908 174 942 τως.
232 893 335 933 ΣΩ.
377 892 427 932 Η
458 890 503 932 δέ
542 905 590 944 γε
629 888 776 944 ἑτέρα,
819 886 938 939 ὅπως
974 889 1032 939 ὡς
1070 888 1291 944 βέλτιστον
1329 886 1444 930 ἔσται

81 965 222 1006 τοῦτο,
250 957 331 999 εἴτε
360 959 482 1010 σῶμα
510 957 709 1010 τυγχάνει
738 952 790 998 ὂν
815 955 895 997 εἴτε
915 957 1043 1010 ψυχή,
1073 956 1096 997 ὃ
1119 955 1442 1012 θεραπεύομενς

86 1025 222 1065 ΚΑΛ.
266 1023 395 1064 Πάνυ
430 1037 489 1076 γε.
547 1023 651 1063 ΣΩι.
682 1013 765 1074 ’Ao'
806 1017 887 1063 οὖν
923 1021 1061 1071 οὕτως
1097 1021 1202 1076 ἡμῖν
1239 1019 1442 1075 ἐπιχειρη-

78 1087 177 1132 τέον
216 1087 302 1131 ἐστὶ
339 1095 390 1143 τῇ
429 1088 549 1130 πόλει
588 1087 658 1129 καὶ
698 1090 787 1136 τοῖς
826 1087 1018 1136 πολίταις
1056 1086 1338 1141 θεραπεύειν,
1385 1087 1442 1135 ὡς

79 1227 170 1256 mate
200 1228 279 1266 post
315 1221 540 1265 θεραπεύειν.
602 1222 694 1255 Dein
728 1221 834 1255 Coisl.
872 1220 935 1266 τὴν
967 1221 1007 1255 δὲ
1039 1220 1179 1263 ἑτέραν,
1219 1221 1311 1265 quod
1346 1221 1441 1255 dedit

79 1269 227 1302 Bekker.

146 1338 187 1370 E.
222 1336 263 1369 εἰ
290 1335 462 1379 βούλει,
498 1337 563 1369 σοὶ
600 1334 758 1391 oiintoes]
799 1336 857 1370 Sic
892 1336 1049 1379 plerique
1082 1335 1165 1369 libri
1207 1347 1284 1369 cum
1322 1336 1439 1370 Clark.

79 1383 157 1415 Vat.
182 1382 288 1415 Coisl.
313 1383 404 1416 Vett
429 1382 524 1415 editt.
552 1380 596 1414 σὺ
620 1381 741 1416 οὕτως.

148 1449 252 1494 ἡμῖν
298 1449 622 1493 ἐπιχειρητέον]
679 1450 737 1483 Sic
776 1454 860 1484 vett.
904 1449 998 1483 editt.
1040 1450 1157 1483 Clark.
1206 1450 1284 1482 Vat.
1332 1450 1438 1483 Coisl.

78 1497 164 1529 Vcn.
191 1496 271 1528 ΞΣ.
298 1496 355 1528 alii
383 1507 452 1529 non
477 1497 581 1539 pauci
605 1495 688 1538 ἐπιχ.
716 1493 808 1538 ἡμῖν.
856 1496 948 1528 Dein
973 1496 1170 1539 Stephanus
1194 1496 1315 1528 invitis
1338 1495 1438 1529 libris

82 1542 232 1575 correxit
256 1539 318 1585 τὴν
342 1539 444 1574 πόλιν
467 1542 523 1574 καὶ
550 1553 631 1576 τους
655 1543 805 1580 πολιᾞτας
831 1541 891 1574 sed
915 1552 947 1573 v.
972 1552 1053 1575 ann.

793 1674 836 1681 --
872 1653 924 1699 μὴ
964 1668 1113 1698 natal„
1144 1653 1249 1688 ἀλλὰ
1290 1655 1438 1696 διαμα-

792 1699 1001 1744 χόμενον,
1050 1712 1134 1734 non
1172 1701 1439 1745 gratifican-

792 1751 875 1780 tem
914 1750 955 1780 et
992 1746 1317 1787 blandientem,
1363 1747 1438 1779 sed

793 1797 1115 1836 repugnantem
1140 1796 1181 1825 et
1204 1792 1439 1825 adversan-

792 1843 883 1870 tem.
938 1839 1093 1871 Pertinet
1135 1838 1356 1870 accusativus
1396 1838 1439 1870 ad

793 1881 946 1923 ὁμιλεῖν,
978 1884 1015 1916 in
1047 1894 1115 1926 quo
1140 1884 1335 1916 continetur
1359 1882 1439 1916 sub-

793 1929 919 1961 iectum
944 1929 1173 1962 indefinitum.

78 1658 202 1688 iectam
246 1658 387 1699 putant3
444 1656 722 1689 Schaeferus

78 1706 192 1734 autem
223 1701 265 1734 ad
290 1701 451 1744 Apollon.
475 1701 585 1734 Rhod.
610 1702 651 1734 T.
676 1702 722 1734 ΙΙ.

78 1758 110 1790 p.
129 1746 206 1780 582.
231 1746 375 1780 eandem
399 1746 582 1779 delendam
607 1750 723 1780 censet

82 1796 198 1835 utpote
221 1797 338 1825 natam
371 1803 414 1824 ex
439 1792 722 1825 antecedentibus

79 1838 203 1870 litteris
229 1849 257 1872 cs·
276 1842 310 1870 et
333 1838 421 1870 male
440 1838 617 1871 intellecta
640 1842 724 1871 nota

80 1883 223 1926 copulae
249 1885 323 1921 καί,
356 1894 444 1926 quae
468 1884 504 1915 in
530 1883 628 1916 codd.
659 1884 724 1916 fre-

79 1932 223 1970 quenter
265 1938 344 1960 eum
388 1926 436 1962 ὥς
481 1928 722 1962 confundatur.

80 1975 174 2014 Quin
190 1974 319 2006 Astiu
331 1984 347 2006 s
363 1974 461 2006 illam
478 1978 557 2006 ante
574 1972 722 2016 πεισθή-

81 2029 132 2051 σει
168 2020 265 2051 iubet
301 2019 430 2053 inferri.
492 2019 560 2052 Sed
603 2019 724 2062 quidni

79 2065 166 2098 ἴσως
210 2068 303 2097 reete
345 2065 427 2097 item
472 2065 640 2098 referatur
677 2065 721 2097 ad

78 2110 243 2152 protasin,
267 2111 464 2152 praesertim
490 2121 596 2153 quum
620 2111 724 2143 sicuti

78 2155 242 2188 Latinum
291 2156 486 2189 fortasse
527 2166 604 2188 cum
650 2156 724 2189 leni

78 2200 226 2242 quadam
250 2201 408 2233 irrisione
443 2205 477 2233 et
501 2201 722 2234 cavillatione

78 2246 232 2278 dicatur?

124 2292 167 2323 D.
181 2289 323 2330 ἀναμν
333 2290 494 2347 η’σθητι
520 2290 547 2325 δ’
575 2287 721 2336 οὗν-]

79 2338 255 2378 Frequens
286 2340 337 2369 est
370 2335 398 2369 δ’
433 2338 512 2370 οὐν
536 2339 571 2370 in
597 2349 723 2380 epana-

79 2382 186 2424 lepsi:
211 2381 302 2414 unde
327 2386 477 2424 apparet,
503 2394 604 2425 quam
629 2388 722 2416 recte

78 2428 145 2460 hoo
168 2428 245 2460 loco
270 2427 420 2468 dicatur,
451 2427 512 2460 ubi
536 2428 722 2471 disputatio

79 2473 121 2505 ad
146 2473 321 2515 superiora
349 2473 539 2506 revertitur.
587 2474 722 2507 Deinde

81 2518 331 2560 Stephanus
368 2518 487 2550 invitis
525 2519 622 2551 codd.
654 2520 724 2552 edi·

79 2563 129 2595 dit
159 2562 215 2595 ἑπὶ
258 2563 292 2594 τὸ
326 2562 473 2596 ἑκάστου
506 2563 723 2605 θεραπεύειν

81 2620 108 2640 κ.
132 2620 156 2640 τ.
172 2610 197 2640 λ.
223 2609 301 2649 Qua
324 2609 514 2642 mutatione
539 2614 628 2643 certe
651 2621 721 2644 non

81 2663 167 2695 opus
200 2658 292 2693 erat,
327 2654 497 2697 siquidem
527 2654 634 2688 verba
663 2656 721 2688 καὶ

82 2701 178 2737 σῶμα
225 2699 280 2732 καὶ
327 2698 441 2743 ψυχήν
482 2699 722 2734 illustrationis

79 2754 160 2787 ergo
191 2744 309 2777 addita
346 2749 427 2778 sunt
456 2756 528 2778 voc.
566 2745 723 2779 ἕκαστον.

833 1971 986 2012 Ἔστω,
1011 1975 1053 2007 εί
1075 1972 1248 2017 βούλει,
1277 1975 1343 2006 σοὶ
1371 1973 1438 2006 οὔ·

796 2018 888 2063 τως]
920 2021 959 2052 Ρ.
983 2019 1061 2054 510.
1085 2020 1135 2053 A:
1169 2020 1256 2052 ἔστω
1283 2029 1336 2052 σοι
1362 2023 1438 2052 τοῦ·

794 2076 829 2097 ιο
855 2083 897 2088 -
923 2063 1043 2100 οὕτως.
1092 2067 1171 2099 Non
1203 2075 1290 2108 opus
1320 2065 1439 2109 igitur,

793 2115 832 2143 ut
855 2120 934 2143 cum
964 2111 1193 2166 Stephano
1228 2111 1437 2144 scribamus:

793 2155 828 2188 εἰ
850 2155 968 2198 βούλει
994 2168 1050 2196 συ,
1073 2155 1192 2191 οὕτως.

837 2202 878 2233 Ε.
913 2199 955 2233 Ἡ
975 2202 1019 2235 δέ
1044 2214 1088 2246 γε
1113 2201 1260 2244 ἑτέρα]
1309 2202 1437 2234 Hein-

792 2246 813 2278 d
821 2258 841 2301 ‚⁰
850 2258 867 2279 r
876 2247 908 2278 fi
916 2258 939 2279 u
948 2258 964 2280 s
1010 2247 1274 2290 intelligendum
1320 2252 1439 2280 censet

793 2290 904 2327 οὕτως
945 2293 1050 2326 ἐστιν
1122 2293 1244 2326 Malim
1285 2293 1438 2336 suppleri

792 2335 920 2377 ὁμιλεῖ,
958 2350 1039 2394 nam
1071 2343 1279 2372 structuram
1318 2339 1438 2372 verbo·

791 2393 868 2415 rum
892 2383 976 2416 κατὰ
997 2382 1032 2417 τὸ
1052 2395 1203 2424 ιοουμει
1206 2396 1248 2416 01
1263 2394 1339 2417 esse
1356 2395 1436 2417 con-

792 2429 970 2461 formatam
1011 2434 1163 2472 apparet.
1221 2430 1436 2463 Sententiam

792 2474 861 2507 loci
891 2474 1041 2507 reddidit
1069 2474 1299 2508 Aristides
1325 2475 1434 2510 Oratt.

791 2519 1125 2563 Plat.11.p.116.,
1159 2520 1251 2554 unde
1276 2521 1335 2563 qui
1358 2521 1437 2554 Pla-

791 2566 882 2597 tonis
906 2565 1013 2598 verba
1043 2566 1150 2599 vellet
1172 2567 1358 2610 corrigere,
1391 2570 1438 2600 te-

791 2611 958 2643 meralius
981 2612 1078 2644 foret.

834 2651 912 2697 Ἆρ’
939 2657 1025 2689 οὐν
1048 2655 1185 2691 οὕτως
1209 2656 1272 2700 —]
1305 2657 1438 2689 Iniuria

791 2701 1045 2744 Stephanus
1077 2702 1226 2736 correxit
1250 2701 1312 2746 τὴν
1337 2699 1438 2735 πόλιι

791 2748 846 2780 καὶ
875 2746 955 2782 τούς
980 2748 1136 2786 πολίτας,
1159 2748 1222 2791 qui
1246 2748 1437 2783 accusativi
