1722 2964
518 59 941 97 PROTAGORAS.
973 59 1016 98 P.
1044 61 1112 97 338
1141 59 1216 95 ST.

1502 55 1585 100 115

152 174 280 237 γόρᾳ,
305 173 405 222 ἀλλ’
434 177 612 234 ἐφεῖναι
636 174 710 220 καὶ
731 171 924 232 χαλάσαι
946 171 1024 227 τὰς
1047 171 1176 231 ἡνίας
1201 183 1294 227 τοῖς
1318 171 1480 231 λόγοις,
1506 178 1583 220 ἵνα

150 244 608 305 μεγαλοπρεπέστερα
646 242 721 288 καὶ
753 238 1148 300 εὐσχημονέστεροι
1179 238 1289 300 ἡμῖν
1311 246 1582 300 φαίνωνται,

149 310 249 371 μήτ’
296 305 354 358 αὖ
395 308 700 371 Πρωταγόραν
739 307 886 355 πάντα
934 308 1084 355 κάλων
1125 311 1405 366 ἐκτείναντα,
1449 307 1581 371 οὐρία

151 381 335 438 έφέντα,
367 378 554 438 φεύγειν
585 382 648 433 εἰς
680 375 728 423 τὸ
753 378 942 435 πέλαγος
965 380 1056 422 τῶν
1089 376 1235 436 λόγων
1258 375 1581 437 ἀποκρύψαντα

150 449 249 506 γῆν,
283 445 396 493 ἀλλὰ
420 448 558 506 μέσον
580 465 623 493 τι
651 442 928 505 ἀμφοτέρους
952 456 1114 504 τεμεῖν.
1167 442 1226 499 ὥς
1251 438 1334 492 οὖν
1357 444 1582 504 ποιήσετε,

238 602 279 635 Ρ.
303 604 380 636 338.
422 596 840 645 ευσχημονέστεροι
864 594 977 643 ἡμῖν
1003 598 1295 644 φαίνωνται]
1329 600 1442 633 Codd.
1466 600 1582 644 pleri-

148 658 218 689 que
236 642 342 691 ὑμῖν,
362 647 458 690 quod
475 649 696 690 receperunt
706 645 902 679 Bekkerus
921 649 959 678 et
972 648 1114 679 recent.
1133 644 1221 678 edit.
1225 646 1436 698 ‚uniceque
1453 646 1583 689 placet

147 693 458 726 Winckelmanno
475 692 522 725 ad
539 691 758 745 Euthydem.
782 701 817 734 p.
835 691 903 724 276
919 691 962 723 Ε.
995 691 1096 724 Dein
1111 671 1363 725 Βοᾱ1.ποέντα
1380 691 1511 725 κᾶλον.

239 732 353 771 αλλὰ

148 783 315 816 omnibus
334 783 580 818 emendatum

192 895 269 929 ἵνα
298 913 345 919 -
386 889 497 938 ἡμῖν
537 893 822 938 φαίνωνται]

143 941 305 984 Hippias
328 939 377 973 ad
397 950 510 973 unum
532 940 722 973 Socratem
740 951 825 973 con-

142 996 272 1020 versus
288 986 384 1018 haec
405 985 496 1018 dicit
521 995 677 1027 eumque
699 985 824 1018 horta-

142 1034 216 1073 tur,
229 1033 272 1063 ut
285 1030 622 1064 orationihabenas
635 1030 825 1072 immittat,

144 1087 214 1120 quo
243 1075 539 1119 magnificentior
568 1086 612 1107 ea
643 1078 681 1108 et
702 1075 826 1118 splen·

143 1121 261 1154 didior
279 1121 517 1154 audientibus
535 1124 728 1163 appareat.
752 1121 824 1153 Pro

146 1161 238 1210 ἡμῖν
267 1166 343 1198 dici
370 1166 493 1209 potuit
524 1165 604 1207 σοι’,
638 1165 702 1198 sed
730 1160 825 1208 ὑμῖν

144 1212 308 1253 ratione,
340 1211 487 1254 opinor,
518 1210 624 1243 nulla
642 1210 825 1254 explicari

169 1259 279 1290 otest.

143 1267 165 1300 p
188 1296 341 1335 πάντα
357 1295 506 1334 κοίλων
523 1295 820 1345 ἐκτείναντα]

142 1346 362 1389 Metaphora
370 1347 491 1388 petita
502 1348 559 1379 est
575 1357 598 1379 a
607 1357 646 1379 re
657 1347 823 1388 nautica,

143 1392 239 1434 quod
268 1392 399 1424 mirum
430 1391 567 1424 nemini
598 1391 738 1434 poterit
768 1392 823 1424 vi-

142 1437 238 1476 deri,
288 1437 350 1479 qui
388 1437 603 1469 immensam
643 1437 822 1469 orationis

141 1482 350 1515 ubertatem
389 1484 501 1524 atque
551 1482 696 1524 copiam
742 1492 822 1514 cum

140 1530 248 1560 vasto
286 1526 420 1569 pelago
462 1527 669 1568 comparari
702 1527 822 1559 solere

139 1572 358 1623 meminerit.
404 1571 615 1604 Parmenid.
613 1582 670 1623 Ρ.
689 1573 753 1605 137
771 1572 821 1604 A.

139 1616 219 1655 πῶς
255 1611 324 1660 χρὴ
367 1611 569 1668 τηλικόνδε
608 1609 702 1649 ὄντα
735 1615 821 1650 δια-

141 1661 274 1696 νεῦσαι
298 1656 475 1694 τοιοῦτόν
498 1671 537 1694 τε
554 1659 621 1694 καὶ
639 1661 820 1695 τοσοῦτον

140 1704 304 1750 πέλαγος
332 1701 473 1758 λόγων;
504 1707 562 1738 De
590 1706 746 1759 Republ.
775 1708 820 1741 V.

140 1763 176 1794 p.
191 1753 258 1803 453
270 1751 324 1783 D.
366 1745 509 1784 οὐκοῦν
531 1749 598 1783 καὶ
609 1746 713 1802 ἡμῖν
736 1763 822 1785 νευ-

139 1794 250 1830 στέον
266 1794 331 1828 καὶ
349 1793 551 1847 πειρατέον
567 1790 797 1836 σώζεσθαι’
780 1808 821 1830 εκ

140 1840 207 1875 τοῦ
237 1835 372 1884 λόγους
404 1841 453 1872 Ει
483 1851 632 1874 παντα
667 1837 822 1876 καλων

140 1882 398 1927 ἐκτείνειν,
417 1888 592 1929 κινεῖν,
618 1881 819 1930 ἐξιέναι,

140 1936 210 1965 est
240 1941 407 1964 omnem
439 1931 590 1964 funem
630 1935 821 1965 conten-

139 1977 262 2018 dere,
298 1986 450 2009 omnes
480 1976 705 2009 rudentes
730 1977 819 2010 sol-

138 2032 257 2055 vere.
276 2031 311 2054 v.
326 2020 546 2055 Valcken.
564 2022 686 2055 Diatr.
700 2023 819 2055 inEu-

138 2067 365 2109 rip.Fragm.
382 2076 418 2108 p.
437 2068 516 2099 334.
535 2065 656 2101 Stallb.
679 2067 820 2100 Eodem

139 2111 252 2144 simili
273 2121 361 2144 usus
389 2115 446 2143 est
463 2111 594 2146 Cicero
619 2112 729 2145 Tuse.
755 2113 817 2147 IV.

139 2159 172 2199 5,
182 2158 221 2190 9:
234 2157 479 2197 Quaerebam,
487 2159 609 2190 utrum
617 2158 819 2200 panderem

138 2201 224 2235 vela
232 2202 413 2234 orationis
423 2202 560 2244 statim,
576 2214 624 2235 an
634 2213 715 2235 eam
730 2206 817 2235 ante

138 2246 345 2290 paullulum
388 2245 668 2281 dialecticorum
706 2250 816 2281 remis

138 2291 394 2344 propellerem

184 2347 264 2378 ουρ
276 2335 322 2369 ια
356 2330 531 2378 ἔφέντα
561 2356 608 2362 —
638 2336 813 2382 τεμεῖν]

138 2382 182 2414 in
229 2384 419 2414 ventum
473 2382 723 2415 secundum
771 2394 816 2416 se

137 2427 458 2459 immittentem
476 2451 485 2468 ,
533 2427 570 2460 h.
611 2438 642 2461 e.
680 2432 817 2462 vento

138 2471 340 2505 secundo
373 2471 481 2504 vela
509 2472 714 2516 dantem,
749 2484 818 2506 ac-

140 2517 314 2560 cipient
326 2528 388 2550 em
419 2520 601 2550 ventum
633 2528 655 2550 a
677 2521 816 2561 tergo,

138 2563 180 2594 ut
209 2562 374 2605 loquitur
407 2561 815 2617 Ovid.Metamor13h.

138 2606 229 2649 XII,
261 2609 315 2640 37.
371 2607 532 2640 Verbum
567 2602 720 2650 ἐφιέναι
763 2609 817 2641 in-

138 2652 331 2685 transitivo
357 2652 570 2695 significatu
586 2654 744 2695 positum
762 2657 818 2686 at-

137 2695 287 2752 tigimns
304 2701 428 2730 annot.
455 2697 501 2730 ad
518 2709 553 2740 Ρ.
567 2700 632 2731 336
648 2697 692 2730 Α.
722 2698 819 2732 Ante

140 2740 254 2783 ουρίᾳ
276 2735 337 2784 ἔφ.
371 2753 417 2776 ne
452 2744 532 2785 quis
560 2742 631 2776 καί
658 2744 818 2787 interpo-

139 2785 298 2820 nendum
330 2797 410 2820 cum
437 2788 459 2821 S
469 2791 484 2820 t
496 2788 578 2831 eph
590 2798 643 2821 an
655 2799 675 2822 ο
699 2790 818 2832 suspi-

385 735 528 781 μέσον
557 748 601 771 τι
631 732 823 779 οἷμφοτ.]
857 737 901 770 V.
926 733 1044 780 μέσον
1067 746 1145 779 τοι,
1180 736 1274 779 quod
1305 748 1349 770 ex
1374 737 1477 770 codd.
1501 738 1582 769 fere

896 897 1018 936 cetur,
1035 905 1069 928 v.
1088 894 1292 937 Euthyphr.
1316 905 1352 937 p.
1368 895 1391 926 4
1410 894 1451 927 C.
1484 896 1580 938 Apo-

894 940 969 983 log.
976 919 1094 992 ,Socr
1118 951 1153 991 Ρ.
1173 941 1216 972 27
1239 940 1271 971 A
1302 939 1438 1004 ibique
1452 943 1580 973 annot.

894 1003 940 1008 —
963 979 1287 1027 αποκρύπτειν
1310 983 1397 1028 ’γῆν
1426 988 1467 1018 ‘e
1493 995 1578 1019 con-

896 1033 1027 1073 spectu
1055 1034 1177 1063 terrae
1209 1029 1388 1069 auferri'3
1429 1033 1471 1063 ut
1503 1031 1581 1063 ab·

896 1074 1121 1108 scondere
1138 1078 1308 1108 terram
1325 1075 1499 1108 dicuntur
1514 1086 1581 1108 na-

893 1121 1085 1163 vigantes,
1141 1121 1205 1163 qui
1251 1123 1327 1152 tam
1382 1120 1493 1163 longe
1540 1121 1580 1153 in

896 1166 1012 1198 altum
1038 1166 1207 1208 provecti
1232 1169 1337 1207 sunt,
1370 1169 1412 1198 ut
1442 1169 1580 1199 terram

893 1221 967 1244 non
992 1211 1151 1254 amplius
1175 1212 1322 1253 possint
1354 1211 1580 1254 conspicere.

893 1256 1061 1300 virgil
1086 1256 1176 1288 Aen.
1200 1256 1269 1296 111,
1288 1257 1373 1289 291·
1406 1256 1582 1290 Phaea-

895 1312 988 1334 cum
1044 1300 1378 1334 abscondimus
1433 1311 1578 1341 arces,

895 1347 993 1379 conf.
1010 1347 1129 1399 intpp.
1149 1347 1196 1379 ad
1212 1346 1378 1388 Thucyd.
1395 1347 1438 1388 V,
1456 1347 1512 1381 65.
1535 1364 1581 1370 -——

891 1389 995 1435 μέσο
1005 1403 1027 1425 ν
1043 1388 1122 1434 τέμ
1133 1402 1233 1425 νειν
1246 1391 1416 1424 dicuntur
1429 1394 1579 1430 nautae,

894 1438 958 1480 qui
988 1436 1151 1480 scopulis
1188 1436 1387 1470 interclusi
1418 1436 1578 1470 medium

891 1485 1022 1515 tenent
1046 1491 1189 1515 cursum
1203 1507 1211 1523 ,
1237 1492 1284 1515 ne
1302 1483 1341 1514 in
1358 1481 1579 1514 alterutrum

891 1528 1118 1570 impingant,
1143 1529 1184 1559 ut
1199 1528 1294 1560 bene
1311 1528 1581 1570 interpretatur

892 1572 1159 1616 Stephanus
1182 1573 1223 1605 in
1246 1572 1355 1607 Thes.
1372 1572 1415 1605 L.
1433 1572 1477 1607 G.
1506 1572 1579 1605 Po-

890 1617 984 1652 litic.
1021 1628 1056 1671 Ρ.
1081 1618 1147 1650 262
1172 1617 1223 1650 B:
1272 1612 1339 1650 διὰ
1375 1614 1499 1671 μέσων
1533 1613 1578 1650 δὲ

891 1657 1177 1705 ἀσφαλέστερον
1216 1659 1317 1696 ἰέναι
1356 1660 1576 1705 τέμνοντας.

890 1708 1010 1751 Epist.
1034 1708 1135 1741 VIII.
1169 1719 1204 1750 p.
1229 1709 1296 1740 355
1318 1707 1365 1741 D.
1412 1708 1578 1750 Hippias

891 1754 1006 1796 igitur
1023 1763 1085 1786 eos
1103 1752 1184 1785 vult
1205 1749 1319 1805 μέσον
1338 1750 1491 1795 τέμνειν
1508 1753 1576 1793 ita,

890 1802 931 1830 ut
968 1798 1140 1831 Socrates
1178 1798 1330 1830 nimiam
1371 1797 1578 1830 disserendi

890 1844 1134 1884 brevitatem,
1151 1842 1378 1886 Protagoras
1394 1842 1577 1886 prolixam

892 1892 930 1921 et
941 1889 1063 1921 fusam
1075 1888 1279 1921 orationem
1293 1888 1444 1921 evitent.
1453 1887 1575 1921 Stalzb.

889 1934 947 1966 De
993 1933 1197 1976 Hippiae
1245 1933 1435 1966 sententia
1476 1933 1575 1966 conf.

889 1978 1047 2011 Phaedr.
1080 1989 1115 2021 p.
1140 1979 1207 2011 267
1230 1978 1281 2011 Β.
1330 1972 1577 2032 Πρόδικος

890 2018 1044 2076 ἐγέλασε
1076 2021 1144 2056 καὶ
1174 2018 1290 2066 μόνος
1321 2018 1439 2062 αὐτὸς
1464 2018 1575 2077 εὑρη-

889 2066 999 2102 κέναι
1018 2065 1092 2112 ἔφη
1111 2059 1163 2102 ὧν
1188 2068 1253 2102 δεῖ
1268 2063 1406 2122 λόγων·
1426 2067 1512 2102 δεῖν
1530 2065 1574 2102 δὲ

889 2107 981 2147 οὔτε
997 2113 1153 2157 μακρῶν
1170 2107 1260 2147 οὔτε
1274 2111 1458 2159 βραχέων,
1478 2107 1575 2146 aua

887 2159 1075 2211 μετρίων.

934 2197 991 2243 (ὃς
1022 2194 1107 2237 οὖν
1137 2198 1376 2254 ποιήσετε
1377 2201 1462 2255 -]
1498 2202 1574 2235 Sic

887 2250 1030 2293 igitur
1053 2249 1269 2288 facietis3
1295 2249 1338 2282 de
1356 2241 1406 2286 ὡς
1422 2258 1457 2283 v.
1476 2249 1522 2280 ad
1538 2259 1574 2291 p.

886 2295 1015 2334 3261)·
1034 2295 1079 2327 de
1098 2294 1232 2327 ceteris
1247 2273 1462 2327 S'tallbaum.
1480 2293 1576 2326 haec

888 2340 1102 2372 annotavit.
1171 2339 1347 2371 Futurum
1394 2333 1574 2381 ποιήσετε

889 2396 996 2427 quum
1012 2385 1155 2417 leniore
1181 2383 1338 2426 quadam
1356 2383 1573 2417 cohortandi

886 2431 927 2463 vi
948 2430 1158 2472 praeditum
1182 2429 1248 2471 sit,
1270 2429 1475 2462 mirandum
1499 2439 1574 2460 non

889 2478 959 2516 est,
987 2474 1081 2516 quod
1106 2474 1235 2507 statim
1258 2475 1491 2517 subiungitur
1507 2474 1574 2505 im-

887 2485 1090 2563 peratqivus.
1156 2518 1297 2553 Eodem
1345 2519 1452 2552 modo
1501 2517 1572 2551 So—

887 2564 1037 2608 hoel
1090 2563 1264 2617 Antigon.
1320 2575 1355 2599 v.
1387 2564 1466 2597 876.
1515 2562 1571 2596 ed.

886 2610 1032 2644 Herm.
1087 2604 1159 2643 οὐκ
1192 2603 1304 2651 ἄξετε
1335 2607 1403 2643 καὶ
1435 2617 1570 2650 αφετε.

885 2655 944 2687 De
975 2655 1150 2697 proximis
1179 2654 1302 2687 Schol.
1323 2650 1568 2708 ραβδοῦζοι·

888 2693 1036 2755 ανδρες
1056 2699 1123 2743 τῆς
1152 2699 1228 2733 τῶν
1254 2694 1431 2742 θεάτρων
1460 2708 1570 2732 ευκο-

888 2744 1001 2788 σμιάς
1019 2739 1321 2788 ἒπιμελουμενοι.
1341 2744 1487 2777 Similia
1502 2744 1569 2776 ha-

886 2791 951 2823 bet
984 2790 1104 2824 Schol.
1139 2790 1184 2823 ad
1206 2790 1392 2833 Aristoph.
1425 2789 1515 2824 Pac.
1532 2800 1568 2823 v.

1237 2844 1294 2886 8*
