1722 2964
227 115 307 158 158
775 121 1075 156 PLATONIS

221 230 303 289 τὴν
326 229 492 289 λύπην,
524 232 597 276 καὶ
619 229 792 288 ἀγαθὸν
813 230 894 289 τὴν
917 229 1097 291 ἡδονήν,
1122 235 1216 278 ἐπεὶ
1239 235 1313 279 καὶ
1329 233 1433 281 αὐτὸ
1455 234 1503 281 τὸ
1526 240 1624 294 χαί-

222 316 319 358 ρειν
340 296 435 343 τότε
454 299 599 354 λέγετε
622 296 757 343 κακὸν
781 297 971 354 εἷναι,”
946 317 1052 346 οταν
1073 298 1283 358 μειζόνων
1312 299 1485 359 ἡδονῶν
1513 300 1622 349 ἄπο-

221 367 353 424 στερῇ
392 361 420 421 ἢ
449 362 552 416 οσας
591 362 696 410 αὐτὸ
727 369 836 422 ἔχει,
885 362 912 423 ἢ
941 364 1081 419 λύπας
1110 372 1280 424 μείζους
1319 367 1622 429 παρασκευαζῃ

164 441 198 475 D
221 434 312 478 τῶν
344 433 394 476 ἐν
424 428 541 491 αὐτῷ
571 428 769 487 ἡδονῶν
803 433 896 478 ἐπεὶ
930 436 972 478 εἰ
992 431 1085 477 κατ’
1114 431 1219 478 ἄλλο
1242 452 1282 478 τι
1313 432 1419 479 αὐτὸ
1447 433 1495 479 τὸ
1526 440 1623 493 χαί-

220 516 316 556 ρειν
346 496 482 542 κακὸν
511 503 681 544 καλεῖτε
720 499 794 543 καὶ
826 502 888 551 εἰς
918 496 1023 544 ἄλλο
1055 518 1095 544 τι
1129 501 1249 553 τέλος
1280 498 1623 558 ἀποβλέψαντες,

220 569 359 622 ἔχοιτε
381 582 437 608 αν
460 565 533 609 καὶ
556 562 663 621 ἡμῖν
686 568 838 610 εἰπεῖν.
887 563 981 610 ἀλλ’
1009 563 1089 623 οὐχ
1113 568 1238 619 ἕξετε.
1291 565 1399 613 Οὐδ’
1429 569 1523 624 ἐμοὶ
1547 571 1624 613 δο-

219 632 399 686 κοῦσιν,
430 635 515 687 ἔφη
545 628 568 674 ὁ
593 630 901 690 Πρωταγόρας.
947 630 1076 677 ’Άλλο
1099 651 1141 677 τι
1164 626 1245 678 οὖν
1267 632 1401 679 πάλιν
1423 635 1496 678 καὶ
1520 634 1621 690 περὶ

219 695 356 743 αὐτοῦ
385 699 463 742 τοῦ
494 702 734 743 λυπεῖσθαι
763 696 788 743 ὁ
818 697 946 751 αὐτὸς
969 697 1150 756 τρόπος;
1191 698 1286 745 τότε
1316 706 1487 745 καλεῖτε
1517 698 1622 746 αὐτὸ

218 762 267 809 τὸ
292 770 530 809 λυπεῖσθαι
555 761 750 821 ἀγαθόν,
782 761 888 810 ὅταν
911 762 938 822 ἢ
961 770 1134 822 μείζους
1157 764 1298 819 λύπας
1320 769 1410 812 τῶν
1432 768 1481 812 ἐν
1503 764 1622 827 αὐτῷ

217 828 367 877 οὐσῶν
406 828 656 888 ἀπαλλάττῃ
696 827 723 888 ἢ
762 835 933 888 μείζους
963 829 1126 888 ἡδονὰς
1166 835 1255 877 τῶν
1295 835 1449 878 λυπῶν
1478 850 1621 891 παρα-

217 894 427 955 σκευάζῃς
475 898 569 941 ἐπεὶ
608 901 649 942 εἰ
677 895 784 956 πρὸς
815 895 922 943 ἄλλο
954 917 995 943 τι
1023 899 1144 951 τέλος
1182 897 1470 955 ἀποβλέπετε,
1516 897 1622 944 ὅταν

217 966 377 1021 καλῆτε
407 960 513 1007 αὐτὸ
541 960 590 1007 τὸ
622 969 860 1009 λυπεῖσθαι
891 963 1084 1022 ἀγαθόν,
1126 962 1154 1022 ἢ
1184 964 1291 1022 πρὸς
1321 963 1346 1010 ὃ
1378 964 1462 1022 ἐγώ
1493 967 1621 1022 λέγω,

160 1039 191 1071 E
217 1035 335 1088 ἔχετε
357 1027 464 1086 ἡμῖν
495 1032 649 1075 εἰπεῖν.
695 1027 790 1075 ἀλλ’
818 1028 901 1087 οὐχ
925 1033 1051 1084 ἕξετε.
1101 1028 1288 1089 Ἀληθῆ,
1321 1036 1429 1089 ἔφη,
1466 1033 1620 1088 λέγεις,

216 1095 240 1141 ὁ
259 1094 565 1154 Πρωταγόρας.
609 1094 754 1141 Πάλιν
775 1101 943 1153 τοίνυν,
969 1101 1084 1154 ἔφην
1107 1096 1206 1154 ἐγώ,
1232 1105 1277 1143 εἴ
1292 1116 1347 1155 με
1369 1096 1618 1156 ἀνέροισθε,

217 1182 249 1207 ω
275 1161 528 1220 ανθρωποι,
574 1166 702 1215 Τίνος
725 1155 806 1207 οὖν
830 1161 991 1221 δήποτε
1021 1165 1151 1209 ἕνεκα
1173 1163 1313 1209 πολλὰ
1335 1165 1436 1220 περὶ
1465 1163 1620 1209 τούτου

216 1231 356 1287 λέγεις
381 1230 454 1273 καὶ
478 1231 693 1288 πολλαχῇ;
730 1228 1082 1287 συγγιγνώσκετέ
1102 1248 1196 1287 μοι,
1227 1236 1367 1288 φαίην
1389 1227 1446 1275 ἂν
1469 1234 1617 1287 ἔγωγε.

216 1298 392 1354 πρῶτον
414 1295 496 1352 μὲν
519 1293 602 1353 γὰρ
626 1294 679 1340 οὐ
703 1294 860 1355 ῥᾴδιον
883 1293 1131 1353 ἀποδεῖξαι,
1172 1302 1219 1342 τί
1238 1303 1328 1342 ἔστι
1351 1297 1454 1342 ποτὲ
1476 1299 1618 1353 τοῦτο,

214 1359 239 1407 ὃ
262 1358 387 1420 ὑμεῖς
410 1367 581 1407 καλεῖτε
603 1365 692 1407 τῶν
723 1360 950 1419 ἡδονων”
920 1381 1034 1420 ηττω
1059 1362 1191 1408 εἶναι·
1224 1367 1372 1409 ἔπειτα
1404 1365 1453 1408 ἐν
1480 1381 1620 1423 τουτφ

215 1430 302 1475 εἰσὶ
342 1431 478 1474 πᾶσαι
519 1432 569 1473 αἱ
604 1426 859 1482 ἀποδείξεις.
924 1427 1020 1474 ἀλλ
1059 1434 1123 1475 ἔτι
1153 1431 1226 1474 καὶ
1256 1431 1341 1476 νῦν
1369 1427 1620 1475 ἀναθέσθαι

137 1505 204 1537 355
217 1498 405 1551 ἔξεστιν,
455 1501 501 1540 εἴ
533 1511 594 1552 πῃ
626 1499 744 1552 ἔχετε
774 1493 879 1540 ἄλλο
912 1515 952 1540 τι
983 1514 1119 1552 φαναι
1160 1496 1274 1541 εἶναι
1302 1495 1351 1541 τὸ
1389 1494 1561 1553 ἀγαθὸν
1591 1492 1620 1552 ἢ

213 1559 295 1619 τὴν
325 1559 515 1619 ηδονήν,
561 1557 589 1617 ἢ
619 1560 667 1605 τὸ
703 1560 838 1606 κακὸν
867 1559 973 1607 αλλο
1003 1581 1044 1607 τι
1075 1559 1102 1619 ἢ
1132 1561 1214 1618 τὴν
1242 1560 1395 1616 ἀνίαν,
1436 1559 1464 1619 ἢ
1494 1560 1620 1619 ἀρκεῖ

212 1626 322 1687 ὑμῖν
350 1626 398 1673 τὸ
428 1625 569 1684 ἡδέως
601 1629 869 1684 καταβιωναι
898 1627 975 1673 τὸν
1005 1632 1106 1685 βίον
1135 1645 1244 1673 ανευ
1275 1630 1449 1683 λυπῶν;
1497 1631 1538 1673 εἰ
1569 1627 1619 1672 δὲ

213 1693 361 1754 ἀρκεῖ,
393 1695 466 1739 καὶ
488 1693 547 1751 μὴ
572 1698 689 1751 ἔχετε
712 1695 851 1752 μηδὲν
873 1692 979 1739 ἄλλο
1001 1693 1139 1751 φάναι
1164 1694 1276 1740 εἶναι
1299 1691 1518 1751 ἀγαθόν“
1491 1712 1520 1751 η
1543 1712 1617 1738 κα-

304 1842 407 1880 τότε
437 1843 592 1889 λέγετε
622 1841 764 1879 κακὸν
794 1842 937 1890 εἶναι]
971 1846 1015 1879 V.
1049 1843 1208 1889 λέγεται.
1255 1845 1352 1879 Illud
1377 1846 1618 1879 exhibuerunt

213 1891 372 1926 vindob.
390 1890 500 1924 Coisl.
518 1891 648 1923 Venet.
666 1890 753 1927 ΞΣ.
777 1891 860 1924 Vat.
878 1900 905 1924 t.

303 1959 349 1990 D.
389 1951 489 1990 ουδ’
523 1952 623 1999 ἐμοὶ
651 1955 904 2011 δοκοῦσιΜν]
935 1956 996 1988 Sic
1020 1956 1129 1989 Coisl.
1158 1958 1286 1989 Venet.
1311 1956 1399 1993 ΞΣ.
1454 1966 1492 1988 ro
1515 1954 1575 1989 vul

213 1997 306 2036 οὐδέ
322 2012 386 2045 μοι
404 2000 439 2034 δ.
471 2001 615 2034 Deinde
632 2011 697 2043 pro
715 1996 852 2044 ἔχετε
832 2003 925 2044 ημῖν
942 1998 1064 2034 εἰπεῖν
1078 2001 1255 2044 Hirschig
1271 2001 1416 2044 scripsit
1452 1995 1549 2043 κου’
1538 1966 1616 2033 ’vaf

212 2042 306 2091 ἡμῖν
325 2044 464 2087 εἰπεῖν,
492 2045 586 2087 quod
603 2056 674 2078 non
690 2046 814 2078 debuit
829 2046 983 2087 probare
1000 2045 1194 2078 Deusehle.

302 2114 344 2146 P.
362 2113 440 2146 355.

521 2106 567 2144 τὸ
590 2106 733 2144 κακὸν
756 2105 866 2144 ἄλλο
884 2122 925 2144 τι
948 2103 974 2154 ἢ
990 2106 1071 2154 τὴν
1092 2105 1181 2153 αν]
1207 2110 1361 2144 Codices
1378 2111 1457 2144 fere
1474 2120 1614 2144 omnes:

212 2150 239 2202 ἦ
255 2153 296 2191 τὸ
315 2151 435 2190 κακὸν
451 2148 476 2199 ἦ
472 2123 583 2189 ἠεἴῖλλο
600 2167 634 2188 τι
646 2148 700 2198 ,ἢ
716 2167 748 2189 τ.
767 2150 827 2189 οἶν.
845 2156 1043 2189 manifesto
1061 2166 1194 2189 errore.

213 2278 320 2322 qvam.
360 2267 456 2302 Men.
470 2277 528 2318 p.
522 2266 631 2299 ⁷912:
654 2259 795 2304 τίως’
772 2276 881 2304 οντος

212 2308 350 2390 ἄρεΒτῆς
368 2309 487 2355 λέγεις
504 2322 529 2344 α
547 2308 686 2354 λέγειςς
704 2310 752 2343 al.
762 2310 880 2342 Stallb.

344 2351 445 2389 ἐπεὶ
479 2353 521 2389 εἰ
551 2373 593 2378 -
623 2348 772 2388 κακὸν
802 2365 881 2387 κα-

213 2404 338 2436 λεῖτε
369 2419 411 2424 -
421 2397 618 2443 ,ἔχοιτε
649 2392 723 2442 αν]
761 2399 804 2431 V.
836 2399 882 2431 ad

210 2457 248 2489 p.
265 2444 388 2479 3360.

249 2484 371 2524 ’Άλλο
394 2500 435 2521 τι
459 2479 541 2522 οὖν
562 2483 699 2522 πόλιν
721 2505 762 2511 ·-
779 2482 881 2529 τρό-

211 2532 319 2578 πος]
358 2534 508 2566 Nonne
549 2533 690 2575 igitur
729 2531 878 2565 eadem

211 2581 332 2612 ratio
357 2581 424 2611 est
452 2578 587 2610 etiam
619 2578 733 2618 eius,
767 2575 878 2619 quod

213 2625 359 2658 dolere
380 2623 612 2656 vocamus?

257 2668 301 2700 Ε.
326 2666 432 2710 εἴμε
456 2661 780 2718 ἀνέροισθε-]
806 2665 876 2697 Ex-

211 2713 409 2755 spectabas
433 2709 472 2744 εἴ
481 2719 528 2754 με
549 2704 616 2743 «ivs
641 2720 744 2743 οιντο
760 2702 838 2743 οῐ“’
812 2720 877 2742 αν-

212 2757 381 2799 θρωποι,
413 2766 448 2791 v.
471 2765 506 2797 p.
529 2722 657 2788 3532.
676 2754 716 2795 O,
741 2753 805 2787 sed
825 2753 876 2786 le-

211 2802 297 2844 pide
320 2782 490 2834 Socrates
513 2799 758 2840 adversarios,
789 2807 878 2839 quos

949 2265 1052 2298 modo
1075 2265 1246 2303 finxerat,
1271 2275 1365 2299 nune
1381 2265 1530 2298 simulat
1551 2264 1615 2298 nd·

950 2319 1043 2343 esse.
1367 2325 1372 2331 ·

993 2349 1039 2387 ἐν
1069 2348 1213 2397 τούτῳ
1246 2350 1336 2387 εἰσὶ
1366 2353 1509 2386 πᾶσαι
1543 2349 1608 2395 -—]

948 2399 992 2431 in
1023 2399 1166 2431 haere
1198 2399 1334 2431 omnis
1363 2398 1512 2440 posita.
1543 2399 1611 2429 est

948 2443 1015 2476 vis
1046 2446 1298 2475 nostrorum
1330 2443 1610 2494 argumento-

949 2497 1053 2524 rum,
1085 2497 1114 2521 s.
1139 2487 1182 2519 in
1203 2487 1286 2519 hnc
1309 2497 1352 2519 re
1381 2485 1522 2519 totius
1544 2484 1609 2516 di—

949 2531 1231 2574 sputationis
1262 2533 1444 2564 nostrae
1477 2528 1610 2560 cardo

945 2578 1166 2617 manatura
1175 2569 1501 2608 -ἆναθέσθαι
1521 2570 1612 2614 ἔξε

946 2629 1066 2662 στιν,
1107 2620 1241 2652 etiam
1277 2628 1388 2652 nuno
1423 2620 1609 2650 senten-

945 2665 1053 2707 tiam
1085 2667 1279 2697 vestram
1315 2663 1425 2695 lieet
1462 2665 1605 2695 retra-

948 2697 1084 2743 (itare.
1115 2719 1151 2742 v.
1174 2708 1219 2741 ad
1242 2706 1424 2741 Phaedon.
1447 2717 1482 2748 p.
1504 2705 1605 2739 87A.

990 2798 1030 2831 Ρ.
1048 2799 1124 2831 35⁶.
1152 2797 1195 2829 A.
1218 2790 1367 2838 καὶμὴ
1387 2792 1510 2838 ἔχετε
1524 2804 1608 2836 μη
