1722 2964
527 127 942 164 PROTAGORAS.
973 127 1016 164 P.
1039 126 1118 161 336.
1151 123 1236 159 ST.
1512 116 1590 160 111

163 245 243 289 τοῦ
267 242 317 288 δὲ
342 243 631 300 διαλέγεσθαι
662 237 753 294 οἷός
776 238 813 285 τ’
846 239 963 286 εἶναι
994 240 1069 285 καὶ
1093 239 1362 283 ἐπίστασθαι
1386 234 1521 294 λόγον
1544 255 1592 282 τε

164 313 323 356 δοῦναι
347 311 422 355 καὶ
446 311 661 363 δέξασθαι
683 306 950 366 θαυμάζοιμ’
988 305 1046 353 ἂν
1073 313 1119 352 εἴ
1134 324 1198 368 τῳ
1221 302 1481 363 ἀνθρώπων
1504 323 1591 350 πα-

163 389 364 437 ραχωρεῖ.
394 381 436 423 εί
455 378 539 436 μὲν
562 370 644 423 οὖν
666 378 740 422 καὶ
764 374 1064 434 Πρωταγόρας
1087 371 1295 432 ὁμολογεῖ
1317 370 1590 431 φαυλότερος

163 446 278 492 εἶναι
321 444 590 502 Σωκράτους
622 446 936 502 διαλεχθῆναι,
978 445 1154 502 ἐξαρκεῖ
1184 439 1436 499 Σωκράτει·
1469 444 1512 486 εἰ
1540 440 1590 486 δὲ

162 512 474 570 ἀντιποιεῖται,
516 513 792 570 διαλεγέσθω
826 513 1006 569 ἐρωτῶν
1035 529 1084 557 τε
1116 510 1190 555 καὶ
1221 507 1589 569 ἀποκρινόμενος,

161 580 220 639 μὴ
237 580 309 639 ἐφ’
331 579 492 640 ἑκάστῃ
510 579 719 639 ἐρωτήσει
735 578 905 638 μακρὸν
922 578 1055 636 λόγον
1070 576 1335 633 ἀποτείνων,
1362 575 1590 635 ἐκκρούων

158 649 261 702 τοὺς
285 648 443 706 λόγους
475 650 549 694 καὶ
580 647 661 694 οὐκ
694 650 865 693 ἐθέλων
900 646 1076 692 διδόναι
1100 645 1255 703 λόγον,
1289 643 1385 690 ἀλλ’
1415 643 1589 703 ἀπομη-

1618 241 1647 274 C

159 717 324 773 κύνων,
350 719 432 770 ἕως
464 735 521 762 αν
546 714 847 762 ἐπιλάθωνται
881 717 983 772 περὶ
1008 713 1111 760 ὅτου
1135 713 1183 759 τὸ
1217 712 1420 772 ἐρωτημα
1452 706 1509 770 ἦν
1542 714 1589 758 οἰ
1608 721 1643 755 D

158 786 315 830 πολλοὶ
346 787 436 830 τῶν
466 782 748 830 ἀκουόντων·
783 784 879 829 ἐπεὶ
904 781 1124 840 Σωκράτη
1158 801 1208 839 γε
1243 780 1328 838 ἐγω
1363 783 1589 839 ἐγγυῶμαι

157 852 217 910 μὴ
242 851 550 910 ἐπιλήσεσθαι,
575 850 655 910 οὐχ
678 850 745 896 ὅτι
763 856 905 906 παίζει
924 855 1002 896 καί
1022 865 1163 908 φησιν
1182 847 1438 907 ἐπιλήσμων
1458 848 1586 894 εἶναι.

157 922 254 978 ἐμοὶ
283 939 365 978 μεν
397 913 481 966 οὖν
513 923 639 966 δοκεῖ
668 921 968 977 ἐπιεικέστερα
1006 916 1249 977 Σωκράτης
1286 918 1453 974 λέγειν·
1502 915 1587 975 χρὴ

157 987 240 1046 γὰρ
264 990 452 1034 ἕκαστον
474 985 556 1045 τὴν
580 989 742 1033 ἑαυτοῦ
766 986 950 1045 γνώμην
975 985 1324 1043 ἀποφαίνεσθαι.

259 1057 387 1102 Μετὰ
418 1055 468 1100 δὲ
500 1054 578 1100 τὸν
602 1054 912 1113 Ἀλκιβιάδην,
947 1074 1005 1108 ως
1038 1055 1228 1114 ἐγῷμαι,
1262 1056 1446 1111 Κριτίας
1480 1045 1537 1110 ἦν
1560 1050 1584 1097 ὁ

155 1122 316 1169 εἰπών
335 1117 388 1168 Ὦ
409 1121 605 1180 Πρόδικε
624 1125 699 1167 καὶ
710 1121 874 1180 Ἱππία,
898 1126 1098 1175 Καλλίας
1115 1140 1198 1180 μεν
1223 1125 1350 1167 δοκεῖ
1369 1139 1444 1178 μοι
1467 1118 1586 1178 μάλα

155 1190 264 1249 πρὸς
297 1189 602 1249 Πρωταγόρου
643 1190 783 1247 εἶναι,
826 1188 1107 1247 Ἀλκιβιάδης
1143 1189 1193 1234 δε
1230 1187 1300 1234 ἀεὶ
1331 1186 1585 1245 φιλόνεικός

156 1261 249 1304 ἐστι
272 1257 382 1316 πρὸς
406 1255 429 1303 ὃ
455 1255 511 1303 ἂν
535 1256 721 1318 ὁρμήσῃ.
756 1256 869 1316 ἡμᾶς
889 1257 940 1303 δὲ
964 1256 1099 1303 οὐδὲν
1124 1261 1197 1303 δεῖ
1219 1262 1587 1315 συμφιλονεικεῖν

154 1324 256 1372 ου”τε
281 1324 512 1384 Σωκράτει
543 1323 646 1371 οὔτε
672 1324 973 1386 Πρωταγόρᾳ,
1015 1323 1127 1371 ἀλλὰ
1160 1328 1287 1384 κοινῇ
1319 1322 1585 1383 ἀμφοτέρων

155 1397 334 1440 δεῖσθαι
358 1391 418 1452 μὴ
441 1392 604 1452 μεταξὺ
630 1396 838 1440 διαλῦσαι
862 1393 944 1451 τὴν
969 1396 1225 1447 ξυνουσίαν.

246 1503 333 1546 Cap
354 1503 490 1536 XXIII.
517 1503 557 1538 C.
590 1500 633 1536 εἰ
653 1500 735 1547 μεν
758 1493 842 1536 οὐν
864 1501 942 1536 καὶ
968 1500 1128 1545 Πρωτ.]
1155 1502 1199 1534 In
1225 1501 1313 1536 edit.
1337 1502 1500 1536 Bekker.
1517 1502 1589 1535 καί

155 1549 300 1587 excidit,
321 1559 442 1581 errore
462 1559 668 1601 operarum,
686 1552 728 1581 ut
742 1548 903 1581 videtur.

241 1594 287 1626 D.
315 1589 540 1636 Σωκράτη
566 1604 614 1637 γε
639 1588 724 1637 ἔγω
749 1588 769 1627 ε’
806 1591 858 1637 γ.]
886 1595 929 1626 V.
948 1587 1160 1635 Σωκράτει,
1180 1592 1275 1634 quod
1302 1603 1346 1624 ex
1371 1593 1520 1634 optimis
1547 1596 1584 1625 et

154 1639 324 1681 plurimis
348 1638 454 1671 libris
476 1642 671 1671 mutatum.
696 1605 812 1682 Degy
815 1638 990 1682 γυᾶσθαι
1014 1649 1048 1673 v.
1076 1638 1123 1671 ad
1146 1637 1335 1670 Phaedon.
1361 1649 1395 1680 p.
1424 1639 1488 1670 115
1511 1638 1558 1670 D.

242 1684 285 1718 Ε
318 1676 474 1725 πρὸς“
454 1694 474 1716 ο
500 1695 554 1717 αν
585 1651 812 1739 ὁρμήσῃ]γ
818 1685 879 1716 Sic
909 1684 1015 1718 Bodl.
1045 1685 1177 1717 Venet.
1210 1683 1254 1719 Ξ.
1283 1682 1397 1718 Coisl.
1421 1683 1580 1717 Vindob.

152 1729 235 1763 Vat.
263 1738 293 1763 t.
318 1738 382 1771 pro
405 1729 506 1771 vu1.g
530 1723 624 1770 πρὸς
650 1723 672 1762 ’ὅ
697 1741 733 1762 τι
757 1741 818 1763 αν.

199 1818 239 1851 C.
288 1817 367 1851 τοῦ
407 1814 456 1851 δε
495 1816 826 1870 διαλέγεσθαι]

150 1864 276 1896 Verba
314 1863 368 1896 sic
405 1863 624 1896 cohaerent:
672 1859 828 1906 θαυμά-

149 1908 250 1950 ζοιμι
267 1904 310 1942 δε
328 1900 389 1948 οἷν,
409 1907 448 1941 εἴ
458 1920 508 1951 τῳ
525 1902 741 1960 ἀνθρώπων
757 1920 829 1942 πα-

149 1956 317 1996 ραχωρεῖ
329 1952 396 1986 τοῦ
414 1944 494 1991 οἶός
518 1947 551 1985 τ’
578 1950 678 1987 εἶναι
702 1952 830 1987 διαλέ-

149 1998 290 2041 γεσθαι
308 1996 373 2031 καὶ
396 1993 629 2031 ἐπίστασθαι
653 1994 765 2052 λόγον
790 2009 829 2032 τε

150 2042 290 2076 δοῦναι
329 2041 395 2075 καὶ
434 2041 646 2084 δέξασθαιε
694 2047 830 2077 mirer

150 2092 316 2130 autem,
351 2089 389 2120 si
414 2089 484 2121 cui
508 2089 676 2122 homini
695 2090 828 2122 cedat

149 2133 380 2166 facultate
405 2133 663 2167 disserendi
682 2138 726 2167 et
742 2136 827 2167 sci-

151 2180 281 2210 entia
304 2179 499 2211 rationis
522 2182 610 2212 tam
642 2180 826 2212 redden-

150 2223 231 2256 dae
258 2234 386 2266 quam
411 2225 726 2267 accipiendae.
759 2226 826 2257 Et-

150 2269 246 2301 enim
274 2271 515 2311 παραχωρεῖν
541 2281 618 2303 τινι
647 2269 715 2303 τοῦ
744 2266 827 2309 οἶός

148 2308 184 2347 τ’
220 2308 318 2347 εἶναι
351 2313 488 2346 dictum
519 2317 561 2346 ut
586 2325 691 2358 παρα
717 2319 828 2358 ωρεῖν

148 2370 223 2391 τινι
248 2354 356 2391 ὁδοῦ.
404 2359 475 2391 Pro
501 2354 615 2403 λόγον
628 2371 668 2393 τε
712 2360 826 2394 οῦναι

146 2402 214 2436 καὶ
231 2402 424 2445 δέξασθαι
442 2414 486 2436 ne
504 2406 584 2446 quis
592 2405 698 2438 malit
715 2401 827 2449 λόγον

149 2447 293 2482 δοῦναί
305 2459 346 2482 τε
369 2460 404 2481 κ.
423 2447 459 2481 δ.
507 2449 601 2482 Nam
624 2451 748 2492 posita
771 2455 828 2483 est

147 2495 281 2527 vocula
312 2493 465 2536 perinde
491 2504 535 2526 ac
559 2495 591 2526 si
614 2494 746 2528 deinde
765 2496 825 2528 iti-

148 2538 229 2571 dem
260 2539 370 2582 plene
399 2538 584 2572 diceretur
614 2538 681 2573 καὶ
715 2535 826 2584 λόγον

148 2580 355 2624 δέξασθαι.
389 2584 532 2616 Similia
554 2586 760 2618 notavimus
759 2553 826 2618 yad

149 2626 287 2663 Criton.
320 2640 354 2672 p.
372 2631 415 2661 43
440 2630 471 2660 Α
505 2633 542 2661 et
569 2629 616 2661 ad
638 2630 825 2664 Phaedon.

148 2682 183 2714 p
201 2674 246 2706 94
265 2674 310 2706 D.
353 2674 472 2707 Stallb

195 2716 242 2750 εἴ
266 2729 322 2761 τῳ
354 2717 644 2763 παραχωρει]
686 2721 724 2753 si
754 2731 826 2755 re·

148 2772 257 2795 vera
270 2764 473 2807 cuiquam
488 2766 668 2799 ceditv.
679 2766 823 2809 adApo—

147 2806 221 2850 log.
255 2818 290 2850 p.
307 2809 351 2842 25
365 2809 408 2844 Β.
439 2810 580 2843 Eadem
599 2813 822 2845 constructio

147 2862 183 2894 p.
194 2851 316 2886 3120.
333 2847 357 2887 ’ὅ
373 2865 409 2888 τι
427 2853 471 2888 δέ
488 2865 580 2888 ποτε
597 2850 617 2888 ὁ
636 2851 822 2900 σοφιστής

900 1814 997 1860 ἐστι,
1031 1812 1273 1871 θαυμάζοιμ’
1298 1810 1346 1851 ἂν
1382 1815 1417 1851 εἰ
1448 1813 1579 1850 οἶσθα.

898 1865 938 1897 P.
958 1864 1083 1897 315Ε;
1113 1858 1182 1896 οὐκ
1201 1875 1249 1896 αν
1265 1858 1527 1915 θαυμάζοιμι,
1547 1860 1583 1896 εἰ

898 1904 1063 1942 παιδικα
1085 1926 1132 1932 ——
1135 1904 1333 1959 τυγχάνει
1357 1920 1422 1941 ων.
1454 1919 1490 1963 p.
1514 1910 1582 1941 354

898 1955 951 1986 D:
985 1951 1021 1987 εἰ
1051 1948 1171 1987 κακὸν
1202 1955 1355 1987 καλεῖτε
1389 1979 1396 1986 .
1418 1979 1425 1986 .
1460 1947 1580 1996 ἔχοιτ’

897 1993 946 2032 οἶν
966 1997 1102 2033 εἰπεῖν.

946 2039 1182 2096 ἐκκρούων
1237 2040 1343 2083 τοὺς
1393 2039 1532 2096 λόγου
1542 2042 1576 2087 ς]

896 2090 962 2122 int.
979 2089 1111 2134 μακρῷ
1129 2086 1243 2134 λόγω;
1278 2090 1391 2132 longa
1408 2089 1579 2122 oratione

896 2135 1137 2177 quodcunque
1173 2135 1437 2178 disputationis
1470 2145 1580 2177 argn-

895 2184 1056 2213 mentum
1087 2182 1313 2223 propositum
1345 2181 1579 2213 submovens.

896 2226 1050 2258 Theaet.
1110 2228 1205 2260 154
1220 2227 1273 2258 D·
1309 2222 1343 2258 εἰ
1365 2222 1490 2258 δεινοὶ
1510 2222 1578 2257 καὶ

896 2269 1012 2322 σοφοὶ
1029 2266 1100 2314 ἐγω
1118 2282 1157 2303 τε
1174 2269 1240 2303 καὶ
1258 2266 1303 2303 σύ
1320 2261 1450 2313 ἦμεν.
1462 2268 1578 2322 ,gvij-

898 2311 1078 2354 ελθόντες
1120 2314 1349 2367 σοφιστικῶς
1390 2312 1457 2353 εἰς
1493 2310 1577 2366 μά-

896 2372 948 2440 Ξέ
941 2355 1350 2450 zvz⁰23¹2²;‘⁷2⁷3401¹}²²
1368 2355 1577 2449 λῇᾭοῖιῖῗῗ

892 2451 1113 2494 Metaphora
1137 2463 1158 2483 a
1176 2452 1447 2494 gladiatoribus
1464 2451 1577 2483 ducta

893 2497 1006 2529 ictum
1047 2497 1342 2530 adversariorum
1383 2496 1575 2529 declinan-

894 2543 1090 2630 tlbssle.⁰⁶z
1121 2579 1194 2620 ὅτι
1222 2584 1398 2639 παίζει]
1434 2596 1576 2640 guam-

895 2642 1023 2674 qnam
1040 2632 1233 2665 iocatur.
1267 2633 1329 2665 Sic
1346 2642 1416 2674 ουχ
1432 2643 1493 2664 οτι
1510 2641 1574 2673 po—

892 2678 1002 2709 situm
1026 2676 1135 2720 Gorg.
1159 2689 1195 2721 p.
1212 2679 1280 2711 450
1295 2678 1339 2709 Ε.
1363 2677 1520 2710 Theaet.
1537 2687 1573 2718 p.

892 2724 957 2756 157
975 2722 1018 2754 Β.
1035 2721 1122 2765 Lys.
1138 2733 1174 2766 p.
1192 2724 1258 2756 219
1270 2723 1313 2755 E.

936 2762 1051 2810 πρὸς
1079 2762 1394 2811 Πρωταγόρου
1426 2762 1571 2810 εἶναι]

893 2823 916 2845 a
938 2812 1150 2856 partibus
1166 2814 1453 2855 Protagorae
1477 2815 1573 2844 sta-

890 2868 956 2899 re3
982 2858 1080 2893 conf.
1096 2858 1253 2902 Kriiger.
1272 2857 1336 2892 Gr.
1353 2858 1408 2893 68.
1426 2858 1483 2900 37,
1501 2861 1533 2890 1.

1610 1199 1641 1232 E
