1722 2964
475 71 893 110 PROTAGORAS.
924 71 966 109 P.
989 73 1070 109 345.
1100 71 1182 106 ST.
1434 81 1447 93 ”
1467 66 1550 110 137

124 188 259 237 οὐδὲν
281 191 372 236 τῶν
394 186 629 235 τοιούτων·
652 184 772 241 οστις
797 186 847 232 δὲ
869 184 930 245 μὴ
957 183 1103 246 ἰατρὸς
1127 203 1185 231 αν
1206 184 1378 242 γένοιτο
1403 186 1583 239 κακῶςΒ

123 256 308 317 πράξας,
335 254 515 316 δῆλον”
489 274 556 302 οτι
579 253 686 302 οὐδὲ
703 253 836 308 κακὸς
863 252 1020 314 ἰατρός.
1048 251 1163 299 οὕτω
1187 250 1309 298 καὶὸ
1326 252 1410 310 μὲν
1433 251 1544 310 ἀγα-

123 325 207 379 θὸς
230 324 344 385 ἀνὴρ
367 322 530 383 γένοιτ’
559 320 616 370 ἄν
645 340 751 370 ποτε
774 324 848 368 καὶ
873 321 1006 376 κακὸς
1036 318 1064 379 ἢ
1089 319 1177 367 ὑπὸ
1202 318 1367 380 χρόνου
1401 316 1431 378 ἢ
1455 317 1544 366 ὑπὸ

124 393 262 440 νόσου
286 390 313 451 ἢ
335 390 424 438 ὑπὸ
449 389 587 438 ἄλλου
609 389 729 445 τινὸς
753 388 1086 450 περιπττόματος
1105 415 1164 420 —-
1186 386 1298 447 αὕτη
1323 386 1407 447 γὰρ
1431 386 1548 447 μόνη

123 460 219 508 ἐστὶ
242 459 356 518 κακὴ
387 461 566 520 πρᾶξις,
599 457 841 518 ἐπιστήμης
873 460 1148 517 στερηθῆναι
1174 483 1260 514 -,
1292 454 1315 502 ὅ
1341 455 1391 502 δὲ
1415 455 1548 511 κακὸς

123 527 236 588 ἀνὴρ
269 526 351 574 οὐκ
384 526 441 573 ἅν
472 545 577 574 ποτε
600 529 771 586 γένοιτο
804 524 957 579 κακός·
1011 529 1103 571 ἔστι
1127 524 1212 584 γὰρ
1237 523 1312 570 ἀεί
1320 536 1329 544 '
1381 522 1479 569 ἀλλ’
1509 529 1555 570 εἰ

122 597 274 655 μέλλει
297 594 430 649 κακὸς
455 596 691 654 γενέσθαι,
726 598 798 640 δεῖ
820 592 958 640 αὐτὸν
982 591 1199 653 πρότερον
1222 590 1398 651 ἀγαθὸν
1422 594 1550 651 γενέ-

121 672 243 710 σθαι.
294 663 407 710 ὥστε
430 665 505 709 καὶ
527 666 656 710 τοῦτο
679 665 758 709 τοῦ
781 660 975 723 ᾅσματος
1007 660 1116 720 πρὸς
1139 663 1269 707 τοῦτο
1292 665 1450 718 τείνει,
1481 658 1548 706 ὅτι

121 731 241 778 εἶναι
264 732 347 791 μὲν
370 729 516 790 ἄνδρα
538 729 715 789 ἀγαθὸν
738 728 819 789 οὐχ
843 727 941 776 οἷόν
964 748 1011 775 τε
1037 731 1326 775 διατελοῦντα
1357 727 1548 786 ἀγαθόν,
1576 739 1607 772 C

120 802 335 857 γενέσθαι
360 799 410 845 δὲ
433 797 607 857 ἀγαθὸν
629 796 726 845 οἷόν
747 817 818 856 τε,
850 799 924 843 καὶ
948 795 1086 843 κακόν
1109 815 1160 854 γε
1183 794 1261 843 τὸν
1285 795 1422 842 αὐτὸν
1445 799 1552 842 τοῦ-

119 880 219 914 τον·
269 866 358 913 ἐπὶ
381 872 643 913 πλεῖστον
675 867 724 912 δὲ
748 867 823 912 καὶ
846 863 1068 926 ἄριστοί
1095 869 1236 910 εἰσιν
1267 861 1358 918 οὓς
1394 860 1461 910 ἂν
1499 868 1555 910 oc

118 936 243 981 θεοὶ
273 936 483 993 φιλῶσι.

221 1000 327 1061 Cap.
354 1001 514 1048 XXXI.
559 1001 706 1049 Ταῦτά
732 1021 780 1048 τε
811 994 896 1048 οὖν
919 999 1064 1047 πάντα
1088 999 1198 1059 πρὸς
1222 998 1301 1046 τὸν
1324 999 1551 1046 Πιττακὸν

119 1076 305 1129 εἴρηται,
331 1072 406 1116 καὶ
428 1069 481 1116 τὰ
507 1068 687 1116 ἐπιόντα
712 1089 763 1128 γε
787 1072 865 1115 τοῦ
890 1067 1080 1130 ᾅσματος
1116 1073 1180 1113 ἔτι
1202 1071 1372 1126 μᾶλλον
1405 1071 1548 1127 δηλοῖ.

116 1139 229 1196 φησὶ
251 1139 358 1197 γάρ·

195 1203 418 1252 Τοῦνεκεν
441 1203 496 1252 οὔ
519 1203 616 1251 ποτ’
647 1203 732 1263 ἐγώ
756 1203 804 1251 τὸ
829 1204 888 1264 μὴ
914 1206 1127 1263 γενέσθαι
1152 1201 1347 1249 δυνατὸν

189 1271 416 1332 διζήμενος
449 1272 607 1320 κενεὰν
640 1271 684 1326 ἐς
716 1271 943 1333 ἄπρακτον
982 1271 1143 1319 ἐλπίδα
1182 1282 1347 1332 μοῖραν
1386 1276 1548 1327 αἰῶνος

594 1342 757 1399 βαλέω,

184 1407 461 1468 πανᾶμωμον
492 1406 760 1468 ἄνθρωπον,
802 1406 1044 1467 εὐρυεδοῦς
1075 1407 1171 1456 ὅσοι
1203 1409 1378 1471 καρπὸν
1416 1408 1549 1457 αἰνύ-

595 1484 713 1535 μεθα
737 1475 921 1536 χθονός’
1201 1498 1205 1502 ’

182 1542 328 1590 ἔπειθ’
357 1542 466 1603 ὑμῖν
491 1542 636 1605 εὑρών
659 1539 943 1603 &zayyffle'oej

203 1675 245 1708 P.
269 1677 347 1709 345.
381 1675 423 1711 C.
457 1675 767 1711 διατελοῦντα
799 1671 1009 1732 ἀγαθὸν]
1047 1671 1204 1720 ἀγαθόν
1226 1677 1391 1722 SauppIo
1414 1689 1543 1722 suspe-

114 1722 213 1753 ctum
229 1720 392 1759 videtur,
418 1721 483 1754 sed
500 1721 638 1754 dictum
655 1725 713 1754 est
728 1733 793 1775 pro
810 1719 966 1766 ἀγαθὸν
985 1734 1098 1765 οντα,
1117 1734 1151 1756 v.
1170 1734 1254 1757 ann.

204 1764 294 1808 Cap.
317 1766 453 1800 XXXI.
485 1761 656 1800 κενεὰν
679 1762 724 1805 ἐς
746 1778 849 1809 απρ.
859 1765 873 1811 ]
908 1768 951 1800 V.
971 1765 1043 1821 εἰς,
1071 1768 1167 1810 quod
1191 1779 1235 1802 ex
1257 1769 1424 1812 plurimis
1446 1771 1545 1812 opti-

111 1811 253 1853 misque
259 1777 381 1843 plibris
400 1811 642 1846 emendatum.
690 1812 834 1845 Deinde
851 1812 951 1856 vulg.
972 1794 1178 1856 εὖρυὲδους
1201 1824 1219 1846 e
1237 1814 1543 1849 Bod1.Vat.mu-

114 1856 294 1896 tavimus,
316 1856 384 1888 ut
374 1866 447 1889 iam
466 1855 676 1908 Stephanus
692 1857 823 1892 voluit.

202 1897 256 1934 ἔπ
267 1880 360 1934 ειθ’
381 1895 437 1944 ὖμ
447 1903 466 1935 ῖ
471 1913 492 1934 ν
517 1896 564 1936 εὖ
574 1897 631 1945 ρώ
641 1899 685 1946 ν]
704 1903 775 1935 Vix
792 1902 885 1936 haee
903 1903 1049 1946 integra
1066 1907 1164 1946 sunt,
1181 1915 1246 1948 pro
1265 1898 1398 1938 ἔπειθ’
1415 1905 1543 1949 Bergk

107 1989 282 2024 Proxima
299 1991 355 2023 sic
377 1990 590 2034 intelligas·
615 1992 728 2034 quod
753 1994 792 2025 si

109 2044 217 2068 vero
235 2036 333 2078 quis
356 2046 440 2069 non
457 2039 612 2088 potest
632 2040 680 2070 ut
702 2048 791 2071 me-

109 2079 238 2113 dicus
284 2080 411 2120 κακῶς
455 2092 655 2124 πραττειν,
707 2093 790 2115 neo

110 2125 256 2158 malus
278 2126 482 2159 medicus
499 2127 610 2159 fieri
625 2131 790 2170 potest

110 2169 231 2204 Staub.

155 2214 199 2247 B.
231 2211 344 2258 πρὸς
369 2215 508 2249 τοῦτο
531 2215 702 2261 τείνει]
736 2217 789 2250 ad

107 2258 192 2292 hoc
231 2260 504 2302 probandum
538 2265 581 2294 et
611 2262 792 2296 demon-

46 2315 49 2319 ·
110 2304 346 2337 strandum
369 2306 589 2348 refertur-3
622 2318 669 2340 eo
694 2318 792 2351 spe-

113 2351 231 2390 ctat,
264 2352 313 2381 ut
345 2349 573 2385 doceatur.
621 2352 726 2386 Unde
750 2353 791 2385 fit

105 2397 150 2426 ut
177 2375 310 2427 deinde
340 2394 426 2427 addi
447 2396 564 2437 possit
585 2407 644 2430 οτι
661 2415 703 2420 ——
721 2392 791 2442 οὐχ

109 2433 198 2472 οἷόν
214 2449 254 2472 τε
271 2432 348 2472 κτὲ.
384 2438 503 2473 Stallb.

154 2483 194 2516 C.
229 2483 253 2517 δ
263 2484 547 2518 ιατελοῦντα
578 2480 787 2532 ἄγαθόν]

108 2528 227 2569 Quum
255 2539 368 2584 saepe
397 2530 616 2581 simplic-iter
643 2532 789 2565 dicatur

109 2571 284 2608 διατελεῖ
289 2570 470 2626 ἁγαθός
515 2586 579 2618 pro
620 2575 791 2612 διατελεῖ

107 2611 549 2707 ἕῖιὲῗῖξιωζῃῗᾱῖῒῖῗζ
558 2620 723 2700 ἶὲῗιξέἒ
725 2624 784 2701 {¹33

107 2707 283 2749 prehendi
296 2710 425 2752 possit
450 2710 675 2744 Referuntur
689 2713 784 2746 haec

108 2751 155 2784 ad
172 2754 361 2806 superiora
377 2765 411 2807 p.
431 2757 498 2788 344
510 2756 558 2788 B:
578 2751 785 2809 γενόμενον

110 2789 253 2840 (ἄνδρα
269 2792 439 2842 ἀγαθὸν)
465 2798 715 2844 διαμένειν
737 2798 784 2837 ἐν

860 1988 1007 2046 ταύτῃ
1037 1993 1086 2046 τῇ
1121 1991 1215 2047 ἕξει
1245 1993 1312 2028 καὶ
1342 1988 1497 2029 εἶναι’ν
1471 2007 1541 2030 αν-

861 2037 935 2081 δρα
952 2028 1135 2082 αγαθὸν.
1158 2034 1394 2074 .αδυ’νατον.

887 2051 982 2118 ρὲπὶ
1014 2083 1254 2129 πλειστον]
1290 2086 1356 2119 int.
1391 2079 1541 2139 αγαθοὶ

859 2129 1070 2184 γίγνονται.
1095 2130 1233 2182 Supra
1262 2130 1407 2163 dixerat
1435 2128 1542 2174 γενέ-

859 2174 955 2207 σθαι
985 2171 1055 2230 μὲν
1086 2168 1212 2228 ανδρα
1243 2170 1401 2230 αγαθὸν
1432 2177 1539 2228 χαλε-

858 2214 950 2263 πόν,
976 2215 1061 2253 οἶόν
1083 2231 1123 2254 τε
1147 2218 1277 2263 μέντοι
1302 2216 1369 2253 ἐπί
1387 2231 1430 2263 γε
1454 2216 1541 2274 χρο-

861 2275 929 2298 νον
951 2276 1050 2298 τινα.
1091 2265 1147 2297 Ad
1164 2269 1309 2308 tempus
1327 2267 1441 2308 igitur
1457 2268 1539 2309 qui-

859 2311 916 2342 vis
939 2310 1045 2343 homo
1069 2311 1188 2343 bonus
1205 2311 1284 2343 fieri
1308 2314 1448 2353 potest,
1473 2312 1539 2345 sed

860 2354 1066 2388 diutissime
1101 2354 1154 2397 (V.
1186 2366 1223 2398 p.
1252 2357 1318 2389 328
1348 2356 1400 2397 D)
1432 2356 1539 2398 fiunt,

860 2409 950 2441 quos
982 2400 1034 2432 dii
1066 2404 1204 2434 amant.
1253 2401 1385 2434 Facile
1415 2405 1539 2435 autem

859 2445 953 2477 illud
992 2439 1139 2488 ἀγαθοὶ
1171 2445 1368 2489 γίγνονται
1401 2448 1538 2480 subau-

859 2489 927 2522 diri
943 2494 1075 2532 potest,
1094 2491 1211 2532 quod*
1202 2502 1240 2523 m
1253 2493 1416 2548 proxime
1430 2502 1537 2535 prae-

857 2535 1073 2567 cedentibus
1091 2536 1205 2569 verba
1222 2534 1288 2570 καὶ
1305 2532 1427 2570 κακόν
1443 2547 1513 2580 γε.

855 2579 993 2613 τοῦτον
1010 2581 1129 2613 obiter
1142 2581 1269 2614 addita
1289 2587 1324 2614 et
1336 2583 1536 2614 interiecta

854 2629 951 2665 sunt,
969 2636 1001 2658 v.
1022 2625 1119 2669 adp.
1136 2627 1254 2660 331E.
1287 2627 1393 2659 Haec
1410 2630 1535 2659 autem

854 2670 1033 2711 quomodo
1065 2671 1162 2714 apud
1195 2671 1418 2704 Simonidem
1452 2682 1535 2704 cum

853 2716 987 2747 ceteris
1027 2726 1194 2750 connexa
1226 2718 1382 2759 fuerint,
1422 2716 1534 2750 hodie

852 2761 1029 2796 nescitur,

898 2804 990 2848 cap.
1022 2807 1156 2842 XXXI.
1215 2799 1450 2841 Τοῧνεκεν
1480 2800 1535 2840 οὔ
