1702 2924
227 209 303 245 100

760 209 967 250 PLATON
969 211 1019 250 IS

224 313 322 363 καί,
350 313 390 354 εἴ
412 327 452 355 τι
479 312 561 368 ἐγὼ
589 314 787 369 συνίημι,
814 315 969 370 λέγεις,
1007 317 1071 359 ὅτι
1098 321 1279 367 πειθοῦς
1304 318 1564 373 δημιουργός

226 377 339 419 ἐστιν
364 378 393 432 ἦ
420 378 646 433 ῥητορική,
685 378 755 421 καὶ
782 380 811 435 ἦ
845 382 1106 436 πραγματεία
1147 382 1275 436 αὐτῆς
1310 383 1453 425 ἅπασα
1494 382 1566 425 καὶ

226 442 274 484 τὸ
302 443 537 495 κεφάλαιον
574 444 632 492 εἰς
657 450 783 486 τοῦτο
822 449 1004 499 τελευτᾷ.
1046 446 1073 500 ἢ
1108 444 1211 500 ἔχεις
1247 462 1287 487 τι
1323 446 1463 501 λέγειν
1501 445 1568 489 ἐπὶ

227 505 357 548 πλέον
383 506 462 561 τὴν
503 506 732 563 ῥητορικὴν
758 508 973 551 δύνασθαι
1000 509 1026 563 ἢ
1056 509 1193 551 πειθὼ
1219 514 1308 560 τοῖς
1336 511 1570 554 ἀκούουσιν

230 571 276 612 ἐν
302 578 353 625 τῇ
383 577 498 625 ψυχῇ
528 575 686 622 nocem
730 575 771 614 Γ
771 574 855 614 ΟΡ.
883 574 1105 627 Οὐδαμῶς,
1137 569 1170 615 ὦ
1199 575 1436 627 Σώκρατες,
1465 576 1571 616 ἀλλά

228 651 299 689 μοι
327 635 464 684 δοκεῖς
501 635 656 685 ἱκανῶς
684 635 919 688 ὁρίζεσθαι·
959 636 1043 679 ἔστι
1080 638 1163 691 γὰρ
1199 643 1327 681 τοῦτο
1364 639 1413 681 τὸ
1442 640 1568 692 κεφά-

228 703 349 741 λαιον
377 700 518 754 αὐτῆς.
574 697 905 743 ΣΩ.’Ἀκουσον
931 702 995 756 δή,
1027 696 1060 743 ὦ
1088 705 1130 744 Γ
1125 703 1260 756 οργία.
1302 701 1384 756 ἐγὼ
1410 702 1491 757 γὰρ
1520 699 1567 745 εὖ

160 777 198 819 Β
228 759 313 805 ἴσθ’
342 764 418 815 ὅτι,
449 764 506 812 ὡς
534 763 717 817 ἐμαυτὸν
744 766 905 815 πείθω,
947 765 1062 818 εἴπερ
1089 781 1152 815 τις
1178 769 1304 815 ἄλλος
1338 769 1450 823 α”λλῳ
1477 768 1566 809 δια-

230 827 390 880 λέγεται
417 828 679 882 βουλόμενος
706 829 859 871 εἰδέναι
887 830 990 872 αὐτὸ
1018 834 1168 881 τοῦτο,
1196 829 1292 883 περὶ
1318 830 1421 874 ὅτου
1450 832 1474 873 ὁ
1501 833 1568 874 λό·

227 907 304 946 γος
343 890 450 941 ἐστί,
488 892 558 934 καὶ
596 891 665 946 ἐμὲ
704 889 815 935 εἶναι
852 894 1016 936 τούτων
1054 893 1151 936 ἕνα·
1191 895 1293 946 ἀξιῶ
1330 896 1376 937 δὲ
1411 896 1481 938 καὶ
1509 894 1567 937 σέ.

230 957 356 999 ΓΟΡ.
406 956 456 997 Τί
492 953 573 998 οὖν
608 957 682 1011 δή,
723 952 756 999 ὦ
784 958 1031 1010 Σώκρατεςς
1072 961 1173 1001 ΣΩ.
1204 955 1316 1013 Ἐγὼ
1353 958 1435 1013 ἐρῶ
1471 967 1565 1003 νῦν.

296 1088 335 1120 Ρ.
365 1086 442 1121 453.
488 1086 634 1130 λέγειν
663 1087 730 1120 ἐπὶ
763 1088 911 1133 πλέον]
943 1090 990 1122 ἔτι
1018 1090 1094 1123 Par.
1124 1090 1191 1123 IV.
1228 1090 1319 1124 Flor.
1342 1090 1376 1124 b.
1406 1101 1484 1124 cum
1515 1091 1567 1124 ed.

230 1133 309 1165 Bas.
331 1130 363 1165 2.
403 1133 468 1165 Pro
492 1129 513 1175 ἢ
537 1132 619 1174 ἔχεις
644 1133 759 1166 Clark.
791 1128 812 1177 ἦ
836 1134 929 1176 ἔχεις,
954 1139 988 1167 et
1010 1135 1132 1168 deinde
1157 1136 1279 1168 πειθοῖ,

298 1200 336 1231 Β.
382 1198 511 1241 εἴπερ
538 1210 600 1233 τις
622 1197 766 1244 ἄλλος]
791 1201 890 1242 εἴπερ
917 1213 963 1236 τις
987 1202 1042 1234 καὶ
1065 1199 1163 1236 ἄλλος
1186 1203 1264 1235 Par.
1287 1203 1314 1235 L

299 1265 397 1306 περὶ
429 1262 530 1297 ὅτου
563 1262 582 1297 ὁ
614 1264 740 1308 λόγος
764 1266 875 1310 ἐστί]
908 1264 927 1299 ό
953 1278 1017 1303 om.
1042 1268 1120 1303 Vat.
1145 1269 1190 1301 A.
1221 1269 1307 1301 Ven.
1333 1268 1372 1301 Σ.
1396 1273 1429 1302 et
1451 1281 1500 1313 pr.
1526 1269 1565 1302 Ξ.

232 1309 333 1342 Vind.
358 1309 389 1342 2.
415 1308 444 1342 7.
470 1310 550 1352 περὶ
576 1304 618 1343 οὖ
642 1307 660 1342 ὁ
686 1313 714 1344 λ.
745 1311 834 1355 Aug.
859 1313 999 1345 Meerm.
1022 1316 1056 1345 et
1078 1313 1218 1346 Routhii
1240 1313 1338 1346 Bodl.

278 1421 317 1452 P.
337 1418 414 1453 453.
438 1420 504 1455 εἰς
529 1424 654 1454 τοῦτο
679 1420 866 1464 τελευτᾶ]

233 1465 345 1497 Intell.
371 1464 423 1499 εἰς
446 1464 482 1497 τὸ
499 1466 645 1498 πείθειν.
690 1456 867 1499 Sententia

232 1509 319 1542 haee
347 1513 415 1542 est:
445 1510 562 1543 diois
597 1510 866 1543 rhetoricam

235 1565 330 1587 esse
353 1554 643 1597 persuadendi
662 1556 867 1598 opificem

235 1608 489 1641 omnemque
544 1600 644 1632 eius
694 1611 865 1642 operam

233 1648 361 1685 atque
380 1654 580 1676 summam
599 1644 651 1676 ad
672 1645 750 1677 hoc
770 1648 867 1678 tam-

235 1698 356 1730 quam
394 1688 445 1721 ad
477 1689 614 1721 finem
653 1699 772 1722 suum
809 1700 868 1721 re-

234 1734 358 1773 ferri,
388 1737 437 1765 ut
458 1733 568 1765 aliis
599 1734 866 1776 persuadere

234 1778 452 1821 possimus
475 1777 588 1820 quod
613 1777 867 1811 volumus.—

235 1821 305 1854 ἐπὶ
330 1821 526 1854 πλέον-
550 1820 790 1862 δύνασθαι,
815 1834 868 1856 an

235 1870 363 1908 potes
409 1866 556 1899 dicere
602 1866 651 1899 ad
696 1866 867 1910 aliquid

235 1910 334 1953 plus
379 1911 530 1944 valere
586 1911 866 1953 rhetoricam,

235 1965 358 1997 quam
404 1959 451 1987 ut
496 1956 653 1988 animis
690 1957 867 1989 audien-

234 1999 348 2032 tium
387 2000 721 2042 persuadeatur?
780 2002 867 2035 Nam

236 2043 306 2076 ἐπὶ
334 2042 535 2076 πλέονοει
551 2044 869 2086 plus.v.Schae-

235 2088 314 2121 fer.
355 2088 398 2120 ad
442 2087 564 2121 Lamb.
601 2090 679 2122 Bos.
720 2100 752 2132 p.
790 2089 866 2123 552.

233 2131 420 2166 Lobeok.
452 2133 495 2165 ad
525 2133 683 2176 Sophoel.
706 2134 803 2166 Aiae.
834 2145 867 2167 v.

234 2176 333 2210 1255.
362 2177 586 2210 Heindorf.
611 2178 654 2210 ad
676 2178 710 2211 h.
733 2178 755 2210 l.
775 2182 809 2211 et
824 2178 867 2211 ad

233 2221 407 2254 Phaedon.
443 2232 477 2265 p.
506 2220 560 2255 93.
591 2223 628 2255 Β.
690 2223 868 2265 Loquendi

232 2276 342 2309 genus
365 2277 469 2309 quum
493 2266 588 2306 alibi,
611 2271 683 2299 tum
700 2268 766 2300 hoe
790 2268 866 2301 loeo

233 2312 325 2344 viros
348 2310 463 2344 doctos
492 2311 632 2351 fefellit,
663 2322 806 2354 quorum
829 2313 865 2345 in

233 2365 374 2388 numero
403 2356 541 2389 fuerunt
570 2356 629 2398 qui
665 2357 867 2399 scripturam

235 2401 280 2433 ἔτι
319 2399 422 2432 πλέον
459 2400 649 2443 probarent.
708 2400 799 2434 Illud
838 2413 866 2434 u

234 2445 381 2488 pertinet
412 2443 456 2477 ad
487 2444 571 2486 ἔχεις
600 2444 729 2488 λέγειν,
769 2456 865 2478 ιιιιιιι

236 2499 316 2532 qua
338 2489 471 2522 habes
495 2490 666 2522 dicere?

280 2530 363 2577 ἐγώ
423 2531 443 2565 ὰ
515 2526 563 2566 εὖ
601 2531 688 2566 ἴσθ’
721 2532 786 2567 ὅτι
818 2552 862 2558 -

235 2579 304 2610 καὶ
330 2576 379 2617 ἐμ
429 2589 467 2610 ει
484 2589 549 2610 ναι
580 2576 749 2611 τούτων
771 2578 851 2611 ἕνα

232 2622 395 2666 Vulgaris
425 2622 511 2655 ratio
535 2623 695 2666 exigebat
718 2623 773 2655 καὶ
797 2622 863 2666 ἐγω

231 2666 300 2706 εἰμι
330 2664 462 2699 τούτων
492 2661 554 2701 εἷς.
601 2667 667 2700 Sed
698 2668 864 2700 accusati-

229 2721 311 2744 vum
333 2721 412 2744 oum
433 2711 603 2744 infinitivo
620 2715 697 2755 post
719 2710 769 2745 ὅτι
792 2723 861 2746 ιιοιι

933 1432 1010 1455 raro
1033 1422 1151 1455 inferri
1179 1422 1282 1456 hodie
1310 1423 1394 1456 satis
1423 1427 1568 1457 constat.

934 1478 967 1499 V.
990 1471 1104 1499 annot.
1128 1467 1172 1500 ad
1194 1467 1368 1501 Phaedon.
1392 1479 1424 1511 p.
1449 1467 1503 1502 63.
1527 1468 1567 1502 C.

934 1512 1083 1544 Matth.
1100 1512 1158 1545 Gr.
1175 1511 1290 1552 §.538
1306 1513 1426 1550 ‚Rost-
1451 1514 1481 1552 §-
1492 1512 1566 1546 122.

934 1561 1002 1589 not.
1031 1554 1063 1589 3.
1124 1557 1200 1589 Nisi
1237 1557 1322 1590 forte
1358 1557 1565 1590 infinitivum

934 1605 1053 1643 putare
1081 1600 1243 1634 malueris
1274 1612 1316 1635 ex
1348 1599 1394 1636 ὥς
1418 1600 1568 1642 ἐμαυτὸν

935 1646 1048 1678 πείθω
1078 1656 1153 1678 esee
1182 1656 1401 1689 suspensum,
1435 1646 1476 1679 de
1500 1657 1568 1688 qua

935 1691 1183 1723 constructione
1220 1701 1254 1723 ν.
1296 1690 1338 1724 ad
1375 1691 1566 1724 Phaedrum

933 1744 966 1776 p.
990 1733 1067 1767 272.
1085 1736 1128 1767 D.
1175 1735 1362 1777 Utrumque
1378 1740 1477 1769 recte.
1499 1737 1566 1768 De-

933 1779 1013 1811 inde
1043 1779 1131 1818 vide,
1163 1789 1208 1812 an
1240 1790 1358 1813 verum
1389 1781 1434 1813 sit
1465 1781 1564 1822 εἴπερ

935 1834 982 1857 τις
1005 1824 1075 1856 καὶ
1100 1821 1199 1858 ἄλλος
1222 1821 1310 1856 ἄλλω
1338 1824 1367 1856 δ.
1393 1825 1564 1858 Phaedon.

934 1878 967 1910 p.
1001 1867 1056 1901 66.
1079 1869 1127 1901 A:
1161 1861 1214 1910 ἆρ’
1249 1857 1311 1910 οὔχ
1340 1863 1440 1903 οὗτός
1473 1868 1565 1902 ἐστιν

933 1915 978 1936 -”-
1000 1913 1100 1954 εἴπερ
1126 1924 1173 1947 τις
1197 1914 1252 1945 καὶ
1274 1911 1384 1953 ἄλλος,
1409 1911 1428 1946 0'
1450 1912 1565 1955 τευξό-

934 1968 1038 1996 μενος
1070 1961 1130 1990 τοῦ
1159 1955 1274 1998 ὄντος,·
1304 1957 1365 1990 ubi
1394 1969 1426 1990 v.
1450 1963 1565 1991 annot.

934 2001 1013 2035 coll.
1057 2002 1318 2035 Valckenar.
1363 2002 1406 2035 ad
1449 2004 1565 2046 Eurip.

934 2046 1110 2081 Phoeniss.
1135 2057 1166 2082 v,
1190 2045 1279 2080 1589
1301 2056 1370 2088 seq.

979 2090 1108 2123 ατοῦ
1132 2085 1213 2123 οὖν
1236 2087 1563 2125 ἕνεκα-αὐτὸς

934 2136 951 2167 λ
961 2133 977 2166 έ
984 2146 1004 2176 γ
1014 2146 1040 2166 ω
1052 2134 1075 2178 ,·]
1088 2136 1140 2167 De
1155 2136 1418 2178 interrogatione
1434 2145 1465 2167 v.
1477 2136 1566 2168 infra

933 2189 967 2221 p.
990 2177 1067 2212 457.
1090 2180 1140 2212 E:
1173 2182 1233 2211 τοῦ
1266 2178 1306 2212 δ’
1348 2180 1449 2212 ἕνεκα
1479 2178 1565 2223 λέγω

934 2226 1054 2261 rafim:
1077 2222 1127 2256 ὅτι
1153 2227 1219 2256 νῦν
1233 2222 1294 2263 ἑμο
1329 2223 1443 2258 δοκεῖς
1461 2236 1489 2256 κ.
1503 2225 1566 2256 ιλ.

933 2267 1091 2309 Lysias
1116 2268 1191 2301 adv.
1215 2270 1355 2312 Agorat.
1378 2280 1410 2312 p.
1434 2267 1488 2301 99.
1511 2268 1564 2301 ed.

932 2312 1065 2344 Bremi:
1095 2316 1156 2345 τοῦ
1178 2310 1207 2345 δ’
1232 2314 1334 2346 ἕνεκα
1356 2317 1457 2346 ταῦτα
1479 2312 1564 2356 λέγω

934 2352 1037 2396 ὖμῖν,·
1070 2355 1113 2389 ἵν’
1145 2356 1260 2401 εἰδῆτε
1289 2370 1317 2390 κ.
1354 2370 1378 2390 τ.
1410 2359 1436 2390 λ.
1484 2357 1564 2389 Pro—

932 2404 1038 2444 tagor.
1070 2412 1101 2444 p.
1124 2400 1201 2435 343.
1225 2403 1264 2435 Β.
1287 2404 1425 2436 Menon.
1456 2412 1487 2444 p.
1510 2400 1565 2434 97.

931 2446 971 2478 E.
994 2446 1098 2489 Legg.
1122 2446 1182 2479 1v.
1204 2457 1237 2489 p.
1261 2445 1336 2480 722.
1358 2447 1402 2479 D.
1431 2445 1563 2478 Politic.

931 2500 964 2532 p.
993 2488 1070 2523 264.
1109 2490 1147 2523 C.
1210 2491 1343 2532 Quibus
1375 2490 1496 2531 addae,
1534 2490 1564 2522 si

931 2533 1062 2577 placet,
1104 2545 1191 2577 quae
1223 2534 1266 2568 ab
1299 2534 1564 2568 Heindorfio

932 2577 975 2611 ad
990 2578 1133 2612 Phaedr.
1156 2590 1188 2622 p.
1205 2578 1282 2613 237.
1297 2580 1341 2612 D.
1364 2582 1398 2612 et
1419 2589 1440 2612 a
1462 2578 1563 2612 nobis

930 2622 974 2655 ad
997 2623 1153 2666 Sympoe.
1183 2634 1216 2666 p.
1238 2622 1312 2657 178.
1343 2624 1387 2656 D.
1419 2623 1562 2656 eolleota

931 2671 1019 2700 sunt.
1038 2685 1082 2692 -
1105 2666 1160 2702 ὥς
1183 2665 1348 2708 μάλιστ’
1373 2665 1423 2700 ἂν
1446 2665 1506 2710 ἡμ.
1532 2679 1560 2700 κ.

932 2716 1075 2751 ποιοῖ,
1115 2712 1177 2745 uti
1216 2711 1344 2748 nobie
1377 2712 1561 2745 maxime
