<?xml version="1.0" encoding="UTF-8"?>
<!DOCTYPE html PUBLIC "-//W3C//DTD XHTML 1.0 Transitional//EN"
    "http://www.w3.org/TR/xhtml1/DTD/xhtml1-transitional.dtd">
<html xmlns="http://www.w3.org/1999/xhtml" xml:lang="en" lang="en">
 <head>
  <title>
</title>
<meta http-equiv="Content-Type" content="text/html;charset=utf-8" />
  <meta name='ocr-system' content='tesseract 3.04.00' />
  <meta name='ocr-capabilities' content='ocr_page ocr_carea ocr_par ocr_line ocrx_word'/>
</head>
<body>
  <div class='ocr_page' id='page_1' title='image "./operaomniarecens02platuoft_0134.png"; bbox 0 0 1702 2924; ppageno 0'>
   <div class='ocr_carea' id='block_1_1' title="bbox 1646 0 1702 244">
    <p class='ocr_par' dir='ltr' id='par_1_1' title="bbox 1646 0 1702 285">
     <span class='ocr_line' id='line_1_1' title="bbox 1646 0 1702 244; baseline 0 5"><span class='ocrx_word' id='word_1_1' title='bbox 1646 0 1702 244; x_wconf 71' lang='lat' dir='ltr'><strong>l</strong></span> 
     </span>
    </p>
   </div>
   <div class='ocr_carea' id='block_1_2' title="bbox 258 227 1054 269">
    <p class='ocr_par' dir='ltr' id='par_1_2' title="bbox 258 227 1054 269">
     <span class='ocr_line' id='line_1_2' title="bbox 258 227 1054 269; baseline 0.008 -6"><span class='ocrx_word' id='word_1_2' title='bbox 258 227 334 263; x_wconf 86' lang='lat'><strong>128</strong></span> <span class='ocrx_word' id='word_1_3' title='bbox 797 227 1054 269; x_wconf 75' lang='lat' dir='ltr'><strong>PLATONIS</strong></span> 
     </span>
    </p>
   </div>
   <div class='ocr_carea' id='block_1_3' title="bbox 183 331 1585 967">
    <p class='ocr_par' dir='ltr' id='par_1_3' title="bbox 183 331 1585 967">
     <span class='ocr_line' id='line_1_3' title="bbox 253 331 1583 393; baseline 0.008 -21"><span class='ocrx_word' id='word_1_4' title='bbox 253 331 347 384; x_wconf 82' lang='grc' dir='ltr'><strong><em>γίας</em></strong></span> <span class='ocrx_word' id='word_1_5' title='bbox 375 331 422 373; x_wconf 81' lang='grc' dir='ltr'><strong>ἐν</strong></span> <span class='ocrx_word' id='word_1_6' title='bbox 448 335 537 380; x_wconf 86' lang='grc' dir='ltr'><strong><em>τοῖς</em></strong></span> <span class='ocrx_word' id='word_1_7' title='bbox 563 332 705 385; x_wconf 79' lang='grc' dir='ltr'><strong><em>λόγοις</em></strong></span> <span class='ocrx_word' id='word_1_8' title='bbox 734 335 1023 388; x_wconf 79' lang='grc' dir='ltr'><em>σφαλλόμεθα,</em></span> <span class='ocrx_word' id='word_1_9' title='bbox 1060 334 1114 377; x_wconf 76' lang='grc' dir='ltr'><strong>σὺ</strong></span> <span class='ocrx_word' id='word_1_10' title='bbox 1139 337 1289 389; x_wconf 80' lang='grc' dir='ltr'><strong><em>παρὼν</em></strong></span> <span class='ocrx_word' id='word_1_11' title='bbox 1315 337 1583 393; x_wconf 75' lang='grc' dir='ltr'><strong><em>ἐπανόρθου·</em></strong></span> 
     </span>
     <span class='ocr_line' id='line_1_4' title="bbox 252 392 1585 456; baseline 0.007 -19"><span class='ocrx_word' id='word_1_12' title='bbox 252 396 414 444; x_wconf 79' lang='grc' dir='ltr'><strong><em>δίκαιος</em></strong></span> <span class='ocrx_word' id='word_1_13' title='bbox 440 392 480 437; x_wconf 84' lang='grc' dir='ltr'><strong>δ’</strong></span> <span class='ocrx_word' id='word_1_14' title='bbox 511 392 557 437; x_wconf 83' lang='grc' dir='ltr'><strong>εἷ.</strong></span> <span class='ocrx_word' id='word_1_15' title='bbox 597 396 667 438; x_wconf 84' lang='grc' dir='ltr'><strong>καὶ</strong></span> <span class='ocrx_word' id='word_1_16' title='bbox 706 396 787 452; x_wconf 74' lang='grc' dir='ltr'><strong>ἐγὼ</strong></span> <span class='ocrx_word' id='word_1_17' title='bbox 816 396 971 449; x_wconf 80' lang='grc' dir='ltr'><strong><em>ἐθέλω,</em></strong></span> <span class='ocrx_word' id='word_1_18' title='bbox 1008 402 1093 441; x_wconf 77' lang='grc' dir='ltr'><strong>τῶν</strong></span> <span class='ocrx_word' id='word_1_19' title='bbox 1121 400 1458 456; x_wconf 78' lang='grc' dir='ltr'><strong><em>ὡμολογημένων</em></strong></span> <span class='ocrx_word' id='word_1_20' title='bbox 1485 404 1525 446; x_wconf 82' lang='grc' dir='ltr'><strong>εἴ</strong></span> <span class='ocrx_word' id='word_1_21' title='bbox 1545 405 1585 446; x_wconf 90' lang='grc' dir='ltr'><strong>τί</strong></span> 
     </span>
     <span class='ocr_line' id='line_1_5' title="bbox 252 460 1583 518; baseline 0.008 -17"><span class='ocrx_word' id='word_1_22' title='bbox 252 469 319 501; x_wconf 90' lang='grc' dir='ltr'><strong>σοι</strong></span> <span class='ocrx_word' id='word_1_23' title='bbox 339 461 457 502; x_wconf 85' lang='grc' dir='ltr'><strong><em>δοκεῖ</em></strong></span> <span class='ocrx_word' id='word_1_24' title='bbox 473 460 530 514; x_wconf 86' lang='grc' dir='ltr'><strong>μὴ</strong></span> <span class='ocrx_word' id='word_1_25' title='bbox 558 464 694 510; x_wconf 77' lang='grc' dir='ltr'><strong><em>καλῶς</em></strong></span> <span class='ocrx_word' id='word_1_26' title='bbox 723 462 1036 518; x_wconf 79' lang='grc' dir='ltr'><strong><em>ὠμολογῆσθαι,</em></strong></span> <span class='ocrx_word' id='word_1_27' title='bbox 1064 465 1304 508; x_wconf 83' lang='grc' dir='ltr'><strong><em>α’ναθέσθαι</em></strong></span> <span class='ocrx_word' id='word_1_28' title='bbox 1331 463 1356 509; x_wconf 81' lang='grc' dir='ltr'>ὅ</span> <span class='ocrx_word' id='word_1_29' title='bbox 1383 483 1422 509; x_wconf 87' lang='grc' dir='ltr'><strong>τι</strong></span> <span class='ocrx_word' id='word_1_30' title='bbox 1449 467 1502 510; x_wconf 79' lang='grc' dir='ltr'><strong>ἂν</strong></span> <span class='ocrx_word' id='word_1_31' title='bbox 1529 469 1583 510; x_wconf 82' lang='grc' dir='ltr'><strong>σὺ</strong></span> 
     </span>
     <span class='ocr_line' id='line_1_6' title="bbox 253 523 1583 582; baseline 0.008 -18"><span class='ocrx_word' id='word_1_32' title='bbox 253 524 410 577; x_wconf 82' lang='grc' dir='ltr'><strong><em>βούλῃ,</em></strong></span> <span class='ocrx_word' id='word_1_33' title='bbox 451 523 525 566; x_wconf 78' lang='grc' dir='ltr'><strong>ἑοὶν</strong></span> <span class='ocrx_word' id='word_1_34' title='bbox 565 540 638 579; x_wconf 88' lang='grc' dir='ltr'><strong>μοι</strong></span> <span class='ocrx_word' id='word_1_35' title='bbox 662 525 710 568; x_wconf 77' lang='grc' dir='ltr'><strong>ἓν</strong></span> <span class='ocrx_word' id='word_1_36' title='bbox 736 527 872 580; x_wconf 88' lang='grc' dir='ltr'><strong><em>μόνον</em></strong></span> <span class='ocrx_word' id='word_1_37' title='bbox 899 528 1124 582; x_wconf 78' lang='grc' dir='ltr'><strong><em>φυλάττῃς.</em></strong></span> <span class='ocrx_word' id='word_1_38' title='bbox 1181 531 1327 571; x_wconf 72' lang='lat' dir='ltr'><strong>Ima,</strong></span> <span class='ocrx_word' id='word_1_39' title='bbox 1381 532 1431 572; x_wconf 80' lang='lat' dir='ltr'><strong>Tc</strong></span> <span class='ocrx_word' id='word_1_40' title='bbox 1456 538 1583 574; x_wconf 86' lang='grc' dir='ltr'><strong><em>τοῦτο</em></strong></span> 
     </span>
     <span class='ocr_line' id='line_1_7' title="bbox 251 585 1582 651; baseline 0.008 -23"><span class='ocrx_word' id='word_1_41' title='bbox 251 587 403 640; x_wconf 73' lang='grc' dir='ltr'><strong><em>λέγειςς</em></strong></span> <span class='ocrx_word' id='word_1_42' title='bbox 454 591 555 635; x_wconf 78' lang='grc' dir='ltr'><strong>ΣΩ.</strong></span> <span class='ocrx_word' id='word_1_43' title='bbox 603 589 692 644; x_wconf 79' lang='grc' dir='ltr'><strong>Τὴν</strong></span> <span class='ocrx_word' id='word_1_44' title='bbox 717 593 1016 645; x_wconf 80' lang='grc' dir='ltr'><strong><em>μακρολογίαν,</em></strong></span> <span class='ocrx_word' id='word_1_45' title='bbox 1045 585 1080 634; x_wconf 75' lang='grc' dir='ltr'><em>ὦ</em></span> <span class='ocrx_word' id='word_1_46' title='bbox 1110 595 1245 643; x_wconf 64' lang='lat' dir='ltr'><strong>Ham,</strong></span> <span class='ocrx_word' id='word_1_47' title='bbox 1283 594 1338 648; x_wconf 82' lang='grc' dir='ltr'><strong>ἢν</strong></span> <span class='ocrx_word' id='word_1_48' title='bbox 1364 595 1582 651; x_wconf 76' lang='grc' dir='ltr'><strong><em>καθέρξῃς,</em></strong></span> 
     </span>
     <span class='ocr_line' id='line_1_8' title="bbox 252 646 1584 710; baseline 0.008 -18"><span class='ocrx_word' id='word_1_49' title='bbox 252 646 279 704; x_wconf 72' lang='grc' dir='ltr'><strong>ἶ]</strong></span> <span class='ocrx_word' id='word_1_50' title='bbox 306 652 354 693; x_wconf 89' lang='grc' dir='ltr'><strong>τὸ</strong></span> <span class='ocrx_word' id='word_1_51' title='bbox 383 656 553 705; x_wconf 76' lang='grc' dir='ltr'><strong><em>πρῶτον</em></strong></span> <span class='ocrx_word' id='word_1_52' title='bbox 580 652 845 709; x_wconf 77' lang='grc' dir='ltr'><strong><em>ἐπεχείρησας</em></strong></span> <span class='ocrx_word' id='word_1_53' title='bbox 870 660 1064 710; x_wconf 81' lang='grc' dir='ltr'><strong><em>χρῆσθαι.</em></strong></span> <span class='ocrx_word' id='word_1_54' title='bbox 1120 659 1265 699; x_wconf 77' lang='grc' dir='ltr'><strong>ΠΩΛ.</strong></span> <span class='ocrx_word' id='word_1_55' title='bbox 1310 660 1360 700; x_wconf 92' lang='grc' dir='ltr'><strong>Τί</strong></span> <span class='ocrx_word' id='word_1_56' title='bbox 1385 660 1476 710; x_wconf 71' lang='grc' dir='ltr'><strong><em>δαίς</em></strong></span> <span class='ocrx_word' id='word_1_57' title='bbox 1503 659 1584 702; x_wconf 83' lang='grc' dir='ltr'><strong>οὐκ</strong></span> 
     </span>
     <span class='ocr_line' id='line_1_9' title="bbox 183 713 1583 778; baseline 0.007 -22"><span class='ocrx_word' id='word_1_58' title='bbox 183 720 220 762; x_wconf 88' lang='grc' dir='ltr'>Ε</span> <span class='ocrx_word' id='word_1_59' title='bbox 253 713 410 765; x_wconf 79' lang='grc' dir='ltr'><strong><em>ἐξέσται</em></strong></span> <span class='ocrx_word' id='word_1_60' title='bbox 429 732 502 770; x_wconf 89' lang='grc' dir='ltr'><strong>μοι</strong></span> <span class='ocrx_word' id='word_1_61' title='bbox 520 717 654 772; x_wconf 79' lang='grc' dir='ltr'><strong><em>λέγειν</em></strong></span> <span class='ocrx_word' id='word_1_62' title='bbox 673 718 809 761; x_wconf 87' lang='grc' dir='ltr'><strong><em>ὁπόσα</em></strong></span> <span class='ocrx_word' id='word_1_63' title='bbox 831 719 885 761; x_wconf 82' lang='grc' dir='ltr'><strong>ἂν</strong></span> <span class='ocrx_word' id='word_1_64' title='bbox 905 721 1143 774; x_wconf 73' lang='grc' dir='ltr'><strong><em>βούλωμαις</em></strong></span> <span class='ocrx_word' id='word_1_65' title='bbox 1180 724 1280 764; x_wconf 78' lang='grc' dir='ltr'><strong>ΣΩ.</strong></span> <span class='ocrx_word' id='word_1_66' title='bbox 1313 723 1447 765; x_wconf 82' lang='grc' dir='ltr'><strong><em>Δεινὰ</em></strong></span> <span class='ocrx_word' id='word_1_67' title='bbox 1473 723 1583 778; x_wconf 80' lang='grc' dir='ltr'><strong><em>μέντ’</em></strong></span> 
     </span>
     <span class='ocr_line' id='line_1_10' title="bbox 251 777 1582 843; baseline 0.008 -23"><span class='ocrx_word' id='word_1_68' title='bbox 251 779 304 821; x_wconf 79' lang='grc' dir='ltr'><strong>ἂν</strong></span> <span class='ocrx_word' id='word_1_69' title='bbox 333 782 499 831; x_wconf 81' lang='grc' dir='ltr'><em>πάθοις,</em></span> <span class='ocrx_word' id='word_1_70' title='bbox 540 777 574 824; x_wconf 83' lang='grc' dir='ltr'><strong>ὦ</strong></span> <span class='ocrx_word' id='word_1_71' title='bbox 602 780 797 836; x_wconf 82' lang='grc' dir='ltr'><strong><em>βέλτιστε,</em></strong></span> <span class='ocrx_word' id='word_1_72' title='bbox 837 784 872 825; x_wconf 83' lang='grc' dir='ltr'><strong>εί</strong></span> <span class='ocrx_word' id='word_1_73' title='bbox 893 780 1096 839; x_wconf 83' lang='grc' dir='ltr'><strong><em>Ἀθήναζε</em></strong></span> <span class='ocrx_word' id='word_1_74' title='bbox 1124 785 1392 840; x_wconf 78' lang='grc' dir='ltr'><strong><em>ἀφικόμενος,</em></strong></span> <span class='ocrx_word' id='word_1_75' title='bbox 1429 782 1483 830; x_wconf 88' lang='grc' dir='ltr'><strong>οὗ</strong></span> <span class='ocrx_word' id='word_1_76' title='bbox 1509 795 1582 843; x_wconf 85' lang='grc' dir='ltr'><strong>τῆς</strong></span> 
     </span>
     <span class='ocr_line' id='line_1_11' title="bbox 243 839 1581 903; baseline 0.007 -19"><span class='ocrx_word' id='word_1_77' title='bbox 243 839 452 894; x_wconf 56' lang='grc' dir='ltr'><strong>ῗΕλλοὶδος</strong></span> <span class='ocrx_word' id='word_1_78' title='bbox 489 846 657 900; x_wconf 83' lang='grc' dir='ltr'><strong><em>πλείστη</em></strong></span> <span class='ocrx_word' id='word_1_79' title='bbox 697 845 808 889; x_wconf 83' lang='grc' dir='ltr'><strong><em>ἐστὶν</em></strong></span> <span class='ocrx_word' id='word_1_80' title='bbox 845 846 1013 899; x_wconf 77' lang='grc' dir='ltr'><strong><em>ἐξουσία</em></strong></span> <span class='ocrx_word' id='word_1_81' title='bbox 1049 856 1126 891; x_wconf 88' lang='grc' dir='ltr'><strong>τοῦ</strong></span> <span class='ocrx_word' id='word_1_82' title='bbox 1164 848 1320 903; x_wconf 76' lang='grc' dir='ltr'><strong><em>λέγειν,</em></strong></span> <span class='ocrx_word' id='word_1_83' title='bbox 1362 850 1501 894; x_wconf 82' lang='grc' dir='ltr'><strong><em>ἔπειτα</em></strong></span> <span class='ocrx_word' id='word_1_84' title='bbox 1527 853 1581 894; x_wconf 82' lang='grc' dir='ltr'><strong>σὺ</strong></span> 
     </span>
     <span class='ocr_line' id='line_1_12' title="bbox 250 907 1579 967; baseline 0.008 -18"><span class='ocrx_word' id='word_1_85' title='bbox 250 907 439 950; x_wconf 77' lang='grc' dir='ltr'><strong><em>ἐνταῦθα</em></strong></span> <span class='ocrx_word' id='word_1_86' title='bbox 483 911 641 952; x_wconf 88' lang='grc' dir='ltr'><strong><em>τούτου</em></strong></span> <span class='ocrx_word' id='word_1_87' title='bbox 690 912 822 965; x_wconf 83' lang='grc' dir='ltr'><strong><em>μόνος</em></strong></span> <span class='ocrx_word' id='word_1_88' title='bbox 871 913 1107 967; x_wconf 72' lang='grc' dir='ltr'><strong><em>ἄτυχήσαις.</em></strong></span> <span class='ocrx_word' id='word_1_89' title='bbox 1149 914 1254 956; x_wconf 77' lang='grc' dir='ltr'><strong><em>ἀλλὰ</em></strong></span> <span class='ocrx_word' id='word_1_90' title='bbox 1292 915 1462 966; x_wconf 78' lang='grc' dir='ltr'><strong><em>ἀντίθες</em></strong></span> <span class='ocrx_word' id='word_1_91' title='bbox 1496 931 1579 959; x_wconf 90' lang='grc' dir='ltr'><strong><em>τοι·</em></strong></span> 
     </span>
    </p>
   </div>
   <div class='ocr_carea' id='block_1_4' title="bbox 243 1027 1581 1478">
    <p class='ocr_par' dir='ltr' id='par_1_4' title="bbox 248 1027 1581 1111">
     <span class='ocr_line' id='line_1_13' title="bbox 315 1027 1581 1078; baseline 0.007 -17"><span class='ocrx_word' id='word_1_92' title='bbox 315 1030 383 1061; x_wconf 86' lang='grc' dir='ltr'><strong>καὶ</strong></span> <span class='ocrx_word' id='word_1_93' title='bbox 415 1027 494 1072; x_wconf 76' lang='grc' dir='ltr'><strong>ἐγώ</strong></span> <span class='ocrx_word' id='word_1_94' title='bbox 527 1029 679 1074; x_wconf 74' lang='grc' dir='ltr'><strong><em>ἐθέλω]</em></strong></span> <span class='ocrx_word' id='word_1_95' title='bbox 712 1031 751 1063; x_wconf 93' lang='lat' dir='ltr'><strong>V.</strong></span> <span class='ocrx_word' id='word_1_96' title='bbox 776 1036 853 1074; x_wconf 91' lang='lat' dir='ltr'><strong>post</strong></span> <span class='ocrx_word' id='word_1_97' title='bbox 875 1030 941 1076; x_wconf 76' lang='grc' dir='ltr'><strong>ἐγώ</strong></span> <span class='ocrx_word' id='word_1_98' title='bbox 965 1033 1126 1067; x_wconf 83' lang='lat' dir='ltr'><strong>inseritur</strong></span> <span class='ocrx_word' id='word_1_99' title='bbox 1150 1045 1221 1073; x_wconf 83' lang='grc' dir='ltr'><strong><em>σοι,</em></strong></span> <span class='ocrx_word' id='word_1_100' title='bbox 1252 1035 1342 1078; x_wconf 89' lang='lat' dir='ltr'><strong>quod</strong></span> <span class='ocrx_word' id='word_1_101' title='bbox 1365 1036 1431 1069; x_wconf 79' lang='lat' dir='ltr'><strong>soli</strong></span> <span class='ocrx_word' id='word_1_102' title='bbox 1452 1036 1581 1070; x_wconf 86' lang='lat' dir='ltr'><strong>habent</strong></span> 
     </span>
     <span class='ocr_line' id='line_1_14' title="bbox 248 1074 1138 1111; baseline 0.007 -6"><span class='ocrx_word' id='word_1_103' title='bbox 248 1074 322 1106; x_wconf 81' lang='lat' dir='ltr'><strong>Par.</strong></span> <span class='ocrx_word' id='word_1_104' title='bbox 347 1075 372 1106; x_wconf 92' lang='lat'><strong>1.</strong></span> <span class='ocrx_word' id='word_1_105' title='bbox 397 1074 497 1107; x_wconf 86' lang='lat' dir='ltr'><strong>Vind.</strong></span> <span class='ocrx_word' id='word_1_106' title='bbox 523 1074 553 1108; x_wconf 88' lang='lat'><strong>1.</strong></span> <span class='ocrx_word' id='word_1_107' title='bbox 575 1074 606 1108; x_wconf 98' lang='grc'><strong>2.</strong></span> <span class='ocrx_word' id='word_1_108' title='bbox 631 1076 720 1108; x_wconf 89' lang='lat' dir='ltr'><strong>Flor.</strong></span> <span class='ocrx_word' id='word_1_109' title='bbox 745 1086 787 1108; x_wconf 92' lang='lat' dir='ltr'><strong>m.</strong></span> <span class='ocrx_word' id='word_1_110' title='bbox 812 1088 845 1109; x_wconf 89' lang='lat' dir='ltr'><strong>x.</strong></span> <span class='ocrx_word' id='word_1_111' title='bbox 869 1077 967 1110; x_wconf 84' lang='lat' dir='ltr'><strong>Bodl.</strong></span> <span class='ocrx_word' id='word_1_112' title='bbox 990 1078 1138 1111; x_wconf 87' lang='lat' dir='ltr'><strong>Routhii.</strong></span> 
     </span>
    </p>

    <p class='ocr_par' dir='ltr' id='par_1_5' title="bbox 246 1116 1577 1206">
     <span class='ocr_line' id='line_1_15' title="bbox 313 1116 1577 1164; baseline 0.008 -14"><span class='ocrx_word' id='word_1_113' title='bbox 313 1118 359 1150; x_wconf 76' lang='grc' dir='ltr'><strong>ἓν</strong></span> <span class='ocrx_word' id='word_1_114' title='bbox 389 1116 522 1157; x_wconf 83' lang='grc' dir='ltr'><strong><em>μόνον</em></strong></span> <span class='ocrx_word' id='word_1_115' title='bbox 553 1118 792 1164; x_wconf 75' lang='grc' dir='ltr'><strong><em>φυλάττῃς]</em></strong></span> <span class='ocrx_word' id='word_1_116' title='bbox 823 1119 932 1161; x_wconf 78' lang='grc' dir='ltr'><strong><em>μόνον</em></strong></span> <span class='ocrx_word' id='word_1_117' title='bbox 963 1123 1004 1154; x_wconf 78' lang='grc' dir='ltr'><strong>ἓν</strong></span> <span class='ocrx_word' id='word_1_118' title='bbox 1038 1134 1074 1164; x_wconf 82' lang='grc' dir='ltr'><strong>φ.</strong></span> <span class='ocrx_word' id='word_1_119' title='bbox 1106 1123 1206 1157; x_wconf 86' lang='lat' dir='ltr'><strong>vind.</strong></span> <span class='ocrx_word' id='word_1_120' title='bbox 1230 1122 1259 1157; x_wconf 85' lang='lat'><strong>7.</strong></span> <span class='ocrx_word' id='word_1_121' title='bbox 1293 1125 1380 1158; x_wconf 83' lang='lat' dir='ltr'><strong>conf.</strong></span> <span class='ocrx_word' id='word_1_122' title='bbox 1405 1125 1577 1160; x_wconf 77' lang='lat' dir='ltr'><strong>Schaefer.</strong></span> 
     </span>
     <span class='ocr_line' id='line_1_16' title="bbox 246 1163 606 1206; baseline 0.006 -11"><span class='ocrx_word' id='word_1_123' title='bbox 246 1163 361 1195; x_wconf 85' lang='lat' dir='ltr'><strong>Melet.</strong></span> <span class='ocrx_word' id='word_1_124' title='bbox 385 1164 472 1195; x_wconf 79' lang='lat' dir='ltr'><strong>critt.</strong></span> <span class='ocrx_word' id='word_1_125' title='bbox 495 1174 527 1206; x_wconf 86' lang='lat' dir='ltr'><strong>p.</strong></span> <span class='ocrx_word' id='word_1_126' title='bbox 553 1163 606 1197; x_wconf 91' lang='lat'><strong>10.</strong></span> 
     </span>
    </p>

    <p class='ocr_par' dir='ltr' id='par_1_6' title="bbox 243 1205 1577 1478">
     <span class='ocr_line' id='line_1_17' title="bbox 291 1205 1576 1251; baseline 0.007 -12"><span class='ocrx_word' id='word_1_127' title='bbox 291 1205 342 1250; x_wconf 80' lang='grc' dir='ltr'><strong>ἢν</strong></span> <span class='ocrx_word' id='word_1_128' title='bbox 365 1207 531 1249; x_wconf 80' lang='grc' dir='ltr'><strong><em>καθέρξ</em></strong></span> <span class='ocrx_word' id='word_1_129' title='bbox 539 1221 558 1251; x_wconf 84' lang='grc' dir='ltr'>ῃ</span> <span class='ocrx_word' id='word_1_130' title='bbox 569 1207 604 1251; x_wconf 72' lang='lat' dir='ltr'><strong>s]</strong></span> <span class='ocrx_word' id='word_1_131' title='bbox 630 1210 787 1251; x_wconf 79' lang='grc' dir='ltr'><strong><em>καθ-είρξ.</em></strong></span> <span class='ocrx_word' id='word_1_132' title='bbox 810 1210 887 1242; x_wconf 81' lang='lat' dir='ltr'><strong>Vat.</strong></span> <span class='ocrx_word' id='word_1_133' title='bbox 909 1211 994 1243; x_wconf 90' lang='lat' dir='ltr'><strong>Ven.</strong></span> <span class='ocrx_word' id='word_1_134' title='bbox 1011 1211 1048 1244; x_wconf 90' lang='grc' dir='ltr'><strong>Ξ.</strong></span> <span class='ocrx_word' id='word_1_135' title='bbox 1080 1211 1182 1245; x_wconf 85' lang='lat' dir='ltr'><strong>vind.</strong></span> <span class='ocrx_word' id='word_1_136' title='bbox 1204 1211 1236 1246; x_wconf 88' lang='grc'><strong>2.</strong></span> <span class='ocrx_word' id='word_1_137' title='bbox 1260 1212 1292 1247; x_wconf 89' lang='grc'><strong>6.</strong></span> <span class='ocrx_word' id='word_1_138' title='bbox 1314 1218 1348 1246; x_wconf 84' lang='lat' dir='ltr'><strong>et</strong></span> <span class='ocrx_word' id='word_1_139' title='bbox 1370 1225 1454 1247; x_wconf 86' lang='lat' dir='ltr'><strong>corr.</strong></span> <span class='ocrx_word' id='word_1_140' title='bbox 1471 1215 1576 1248; x_wconf 88' lang='lat' dir='ltr'><strong>Coisl.</strong></span> 
     </span>
     <span class='ocr_line' id='line_1_18' title="bbox 245 1251 1577 1299; baseline 0.007 -15"><span class='ocrx_word' id='word_1_141' title='bbox 245 1252 358 1294; x_wconf 86' lang='lat' dir='ltr'>Vulgo</span> <span class='ocrx_word' id='word_1_142' title='bbox 383 1251 426 1295; x_wconf 84' lang='grc' dir='ltr'><strong>ἢν</strong></span> <span class='ocrx_word' id='word_1_143' title='bbox 450 1251 618 1295; x_wconf 76' lang='grc' dir='ltr'><strong><em>καθέξῃς,</em></strong></span> <span class='ocrx_word' id='word_1_144' title='bbox 649 1254 782 1297; x_wconf 84' lang='lat' dir='ltr'><strong>ingenti</strong></span> <span class='ocrx_word' id='word_1_145' title='bbox 811 1255 905 1287; x_wconf 87' lang='lat' dir='ltr'><strong>vitio.</strong></span> <span class='ocrx_word' id='word_1_146' title='bbox 955 1256 1137 1299; x_wconf 87' lang='lat' dir='ltr'><strong>Receptam</strong></span> <span class='ocrx_word' id='word_1_147' title='bbox 1167 1257 1348 1291; x_wconf 87' lang='lat' dir='ltr'><strong>lectionem</strong></span> <span class='ocrx_word' id='word_1_148' title='bbox 1378 1259 1577 1293; x_wconf 81' lang='lat' dir='ltr'><strong>confirmant</strong></span> 
     </span>
     <span class='ocr_line' id='line_1_19' title="bbox 245 1295 1576 1344; baseline 0.007 -16"><span class='ocrx_word' id='word_1_149' title='bbox 245 1295 360 1329; x_wconf 83' lang='lat' dir='ltr'><strong>Clark.</strong></span> <span class='ocrx_word' id='word_1_150' title='bbox 392 1297 475 1330; x_wconf 90' lang='lat' dir='ltr'><strong>Ven.</strong></span> <span class='ocrx_word' id='word_1_151' title='bbox 495 1297 533 1330; x_wconf 91' lang='grc' dir='ltr'><strong>Ξ.</strong></span> <span class='ocrx_word' id='word_1_152' title='bbox 565 1298 640 1330; x_wconf 81' lang='lat' dir='ltr'><strong>Par.</strong></span> <span class='ocrx_word' id='word_1_153' title='bbox 665 1298 878 1340; x_wconf 67' lang='lat' dir='ltr'><strong>BCEFW„</strong></span> <span class='ocrx_word' id='word_1_154' title='bbox 901 1300 960 1342; x_wconf 88' lang='lat' dir='ltr'><strong>qui</strong></span> <span class='ocrx_word' id='word_1_155' title='bbox 975 1299 1104 1333; x_wconf 87' lang='lat' dir='ltr'><strong>habent</strong></span> <span class='ocrx_word' id='word_1_156' title='bbox 1117 1301 1290 1344; x_wconf 78' lang='grc' dir='ltr'><strong><em>καθέρξῃς</em></strong></span> <span class='ocrx_word' id='word_1_157' title='bbox 1313 1308 1403 1335; x_wconf 80' lang='lat' dir='ltr'><strong>recte</strong></span> <span class='ocrx_word' id='word_1_158' title='bbox 1425 1305 1468 1337; x_wconf 84' lang='lat' dir='ltr'><strong>ab</strong></span> <span class='ocrx_word' id='word_1_159' title='bbox 1491 1305 1576 1338; x_wconf 88' lang='lat' dir='ltr'><strong>Her-</strong></span> 
     </span>
     <span class='ocr_line' id='line_1_20' title="bbox 244 1342 1575 1391; baseline 0.006 -18"><span class='ocrx_word' id='word_1_160' title='bbox 244 1351 368 1374; x_wconf 84' lang='lat' dir='ltr'><strong>manno</strong></span> <span class='ocrx_word' id='word_1_161' title='bbox 392 1352 500 1384; x_wconf 81' lang='lat' dir='ltr'><strong>nuper</strong></span> <span class='ocrx_word' id='word_1_162' title='bbox 523 1342 658 1375; x_wconf 84' lang='lat' dir='ltr'><strong>Platoni</strong></span> <span class='ocrx_word' id='word_1_163' title='bbox 681 1344 897 1386; x_wconf 79' lang='lat' dir='ltr'><strong>impertitum.</strong></span> <span class='ocrx_word' id='word_1_164' title='bbox 930 1345 1019 1388; x_wconf 78' lang='lat' dir='ltr'><strong>Aug.</strong></span> <span class='ocrx_word' id='word_1_165' title='bbox 1037 1346 1176 1379; x_wconf 83' lang='lat' dir='ltr'><strong>Meerm.</strong></span> <span class='ocrx_word' id='word_1_166' title='bbox 1200 1346 1297 1379; x_wconf 88' lang='lat' dir='ltr'><strong>Bodl.</strong></span> <span class='ocrx_word' id='word_1_167' title='bbox 1320 1347 1356 1380; x_wconf 78' lang='grc' dir='ltr'><strong>εἰ</strong></span> <span class='ocrx_word' id='word_1_168' title='bbox 1368 1349 1575 1391; x_wconf 66' lang='grc' dir='ltr'><strong><em>καθείρξας.</em></strong></span> 
     </span>
     <span class='ocr_line' id='line_1_21' title="bbox 243 1386 1576 1432; baseline 0.008 -15"><span class='ocrx_word' id='word_1_169' title='bbox 243 1386 333 1418; x_wconf 83' lang='lat' dir='ltr'>Dein</span> <span class='ocrx_word' id='word_1_170' title='bbox 365 1387 407 1419; x_wconf 82' lang='grc' dir='ltr'><strong>Τι’</strong></span> <span class='ocrx_word' id='word_1_171' title='bbox 428 1386 505 1425; x_wconf 81' lang='grc' dir='ltr'><strong><em>δαι’;</em></strong></span> <span class='ocrx_word' id='word_1_172' title='bbox 530 1397 589 1429; x_wconf 87' lang='lat' dir='ltr'><strong>pro</strong></span> <span class='ocrx_word' id='word_1_173' title='bbox 615 1387 707 1430; x_wconf 84' lang='lat' dir='ltr'><strong>vulg.</strong></span> <span class='ocrx_word' id='word_1_174' title='bbox 740 1389 781 1420; x_wconf 84' lang='grc' dir='ltr'><strong>Τί</strong></span> <span class='ocrx_word' id='word_1_175' title='bbox 801 1387 855 1427; x_wconf 68' lang='lat'>23⁶¹,-</span> <span class='ocrx_word' id='word_1_176' title='bbox 879 1390 1001 1432; x_wconf 80' lang='lat' dir='ltr'>scripsi</span> <span class='ocrx_word' id='word_1_177' title='bbox 1024 1400 1066 1422; x_wconf 87' lang='lat' dir='ltr'><strong>ex</strong></span> <span class='ocrx_word' id='word_1_178' title='bbox 1090 1401 1172 1424; x_wconf 88' lang='lat' dir='ltr'><strong>corr.</strong></span> <span class='ocrx_word' id='word_1_179' title='bbox 1197 1391 1312 1424; x_wconf 80' lang='lat' dir='ltr'><strong>Clark.</strong></span> <span class='ocrx_word' id='word_1_180' title='bbox 1349 1392 1388 1425; x_wconf 93' lang='lat' dir='ltr'><strong>Id</strong></span> <span class='ocrx_word' id='word_1_181' title='bbox 1411 1394 1502 1426; x_wconf 87' lang='lat' dir='ltr'><strong>enim</strong></span> <span class='ocrx_word' id='word_1_182' title='bbox 1526 1395 1576 1427; x_wconf 90' lang='lat' dir='ltr'><strong>in-</strong></span> 
     </span>
     <span class='ocr_line' id='line_1_22' title="bbox 243 1429 1320 1478; baseline 0.007 -17"><span class='ocrx_word' id='word_1_183' title='bbox 243 1429 433 1474; x_wconf 81' lang='lat' dir='ltr'><strong>dignationi</strong></span> <span class='ocrx_word' id='word_1_184' title='bbox 456 1430 626 1473; x_wconf 90' lang='lat' dir='ltr'><strong>loquentis</strong></span> <span class='ocrx_word' id='word_1_185' title='bbox 649 1433 917 1466; x_wconf 87' lang='lat' dir='ltr'><strong>convenientius.</strong></span> <span class='ocrx_word' id='word_1_186' title='bbox 949 1434 1038 1468; x_wconf 81' lang='lat' dir='ltr'><strong>cons.</strong></span> <span class='ocrx_word' id='word_1_187' title='bbox 1061 1434 1103 1468; x_wconf 85' lang='lat' dir='ltr'><strong>ad</strong></span> <span class='ocrx_word' id='word_1_188' title='bbox 1126 1446 1159 1478; x_wconf 89' lang='lat' dir='ltr'><strong>p.</strong></span> <span class='ocrx_word' id='word_1_189' title='bbox 1183 1434 1258 1469; x_wconf 87' lang='grc'><strong>461.</strong></span> <span class='ocrx_word' id='word_1_190' title='bbox 1282 1437 1320 1469; x_wconf 90' lang='grc' dir='ltr'><strong>Β.</strong></span> 
     </span>
    </p>
   </div>
   <div class='ocr_carea' id='block_1_5' title="bbox 229 1540 876 2741">
    <p class='ocr_par' dir='ltr' id='par_1_7' title="bbox 229 1540 876 2741">
     <span class='ocr_line' id='line_1_23' title="bbox 242 1540 876 1585; baseline 0.005 -12"><span class='ocrx_word' id='word_1_191' title='bbox 242 1540 335 1574; x_wconf 90' lang='lat' dir='ltr'><strong>modi</strong></span> <span class='ocrx_word' id='word_1_192' title='bbox 350 1542 536 1575; x_wconf 79' lang='lat' dir='ltr'><strong>enuntiatis</strong></span> <span class='ocrx_word' id='word_1_193' title='bbox 554 1546 746 1585; x_wconf 78' lang='lat' dir='ltr'><strong>usurpatur,</strong></span> <span class='ocrx_word' id='word_1_194' title='bbox 769 1544 798 1575; x_wconf 88' lang='lat' dir='ltr'><strong>si</strong></span> <span class='ocrx_word' id='word_1_195' title='bbox 821 1544 876 1576; x_wconf 82' lang='lat' dir='ltr'><strong>vel</strong></span> 
     </span>
     <span class='ocr_line' id='line_1_24' title="bbox 242 1586 876 1630; baseline 0.006 -13"><span class='ocrx_word' id='word_1_196' title='bbox 242 1595 285 1618; x_wconf 86' lang='lat' dir='ltr'><strong>ex</strong></span> <span class='ocrx_word' id='word_1_197' title='bbox 319 1586 434 1618; x_wconf 86' lang='lat' dir='ltr'><strong>aliena</strong></span> <span class='ocrx_word' id='word_1_198' title='bbox 466 1591 578 1620; x_wconf 88' lang='lat' dir='ltr'><strong>mente</strong></span> <span class='ocrx_word' id='word_1_199' title='bbox 607 1590 641 1620; x_wconf 87' lang='lat' dir='ltr'><strong>et</strong></span> <span class='ocrx_word' id='word_1_200' title='bbox 670 1588 876 1630; x_wconf 72' lang='lat' dir='ltr'><strong>cogitatione</strong></span> 
     </span>
     <span class='ocr_line' id='line_1_25' title="bbox 241 1630 876 1672; baseline 0.006 -10"><span class='ocrx_word' id='word_1_201' title='bbox 241 1630 412 1672; x_wconf 77' lang='lat' dir='ltr'><strong>loquimur</strong></span> <span class='ocrx_word' id='word_1_202' title='bbox 434 1631 490 1663; x_wconf 86' lang='lat' dir='ltr'><strong>vel</strong></span> <span class='ocrx_word' id='word_1_203' title='bbox 516 1631 604 1663; x_wconf 85' lang='lat' dir='ltr'><strong>nihil</strong></span> <span class='ocrx_word' id='word_1_204' title='bbox 627 1632 694 1664; x_wconf 91' lang='lat' dir='ltr'><strong>nisi</strong></span> <span class='ocrx_word' id='word_1_205' title='bbox 716 1632 817 1665; x_wconf 84' lang='lat' dir='ltr'><strong>finem</strong></span> <span class='ocrx_word' id='word_1_206' title='bbox 841 1637 876 1666; x_wconf 90' lang='lat' dir='ltr'><strong>et</strong></span> 
     </span>
     <span class='ocr_line' id='line_1_26' title="bbox 242 1675 875 1719; baseline 0.005 -12"><span class='ocrx_word' id='word_1_207' title='bbox 242 1675 420 1707; x_wconf 88' lang='lat' dir='ltr'><strong>consilium</strong></span> <span class='ocrx_word' id='word_1_208' title='bbox 444 1676 686 1719; x_wconf 85' lang='lat' dir='ltr'><strong>significamus,</strong></span> <span class='ocrx_word' id='word_1_209' title='bbox 716 1677 875 1710; x_wconf 84' lang='lat' dir='ltr'><strong>adiuncta</strong></span> 
     </span>
     <span class='ocr_line' id='line_1_27' title="bbox 241 1719 871 1765; baseline 0.005 -14"><span class='ocrx_word' id='word_1_210' title='bbox 241 1719 380 1752; x_wconf 85' lang='lat' dir='ltr'><strong>notione</strong></span> <span class='ocrx_word' id='word_1_211' title='bbox 412 1720 561 1762; x_wconf 80' lang='lat' dir='ltr'><strong>optandi.</strong></span> <span class='ocrx_word' id='word_1_212' title='bbox 596 1721 682 1753; x_wconf 87' lang='lat' dir='ltr'><strong>conf.</strong></span> <span class='ocrx_word' id='word_1_213' title='bbox 712 1722 871 1765; x_wconf 77' lang='lat' dir='ltr'><strong>Reisig.</strong></span> 
     </span>
     <span class='ocr_line' id='line_1_28' title="bbox 241 1763 872 1808; baseline 0.005 -12"><span class='ocrx_word' id='word_1_214' title='bbox 241 1763 390 1797; x_wconf 89' lang='lat' dir='ltr'><strong>Coniect.</strong></span> <span class='ocrx_word' id='word_1_215' title='bbox 414 1765 449 1796; x_wconf 88' lang='lat' dir='ltr'><strong>in</strong></span> <span class='ocrx_word' id='word_1_216' title='bbox 474 1765 645 1807; x_wconf 81' lang='lat' dir='ltr'><strong>Aristoph.</strong></span> <span class='ocrx_word' id='word_1_217' title='bbox 675 1776 707 1808; x_wconf 90' lang='lat' dir='ltr'><strong>p.</strong></span> <span class='ocrx_word' id='word_1_218' title='bbox 730 1764 806 1799; x_wconf 86' lang='grc'><strong>212.</strong></span> <span class='ocrx_word' id='word_1_219' title='bbox 829 1766 872 1799; x_wconf 89' lang='lat' dir='ltr'><strong>ad</strong></span> 
     </span>
     <span class='ocr_line' id='line_1_29' title="bbox 240 1808 468 1851; baseline 0 -11"><span class='ocrx_word' id='word_1_220' title='bbox 240 1808 359 1851; x_wconf 90' lang='lat' dir='ltr'><strong>Oedip.</strong></span> <span class='ocrx_word' id='word_1_221' title='bbox 396 1808 468 1842; x_wconf 87' lang='lat' dir='ltr'><strong>Col.</strong></span> 
     </span>
     <span class='ocr_line' id='line_1_30' title="bbox 239 1852 872 1896; baseline 0.005 -11"><span class='ocrx_word' id='word_1_222' title='bbox 239 1852 416 1896; x_wconf 86' lang='lat' dir='ltr'><strong>Rempubl.</strong></span> <span class='ocrx_word' id='word_1_223' title='bbox 440 1853 502 1887; x_wconf 89' lang='lat'><strong>111.</strong></span> <span class='ocrx_word' id='word_1_224' title='bbox 525 1865 558 1896; x_wconf 87' lang='lat' dir='ltr'><strong>p.</strong></span> <span class='ocrx_word' id='word_1_225' title='bbox 580 1852 657 1888; x_wconf 82' lang='lat'><strong>410.</strong></span> <span class='ocrx_word' id='word_1_226' title='bbox 678 1855 716 1887; x_wconf 87' lang='lat' dir='ltr'><strong>C.</strong></span> <span class='ocrx_word' id='word_1_227' title='bbox 739 1854 815 1889; x_wconf 83' lang='grc'><strong>237.</strong></span> <span class='ocrx_word' id='word_1_228' title='bbox 831 1857 872 1888; x_wconf 78' lang='lat' dir='ltr'><strong>A.</strong></span> 
     </span>
     <span class='ocr_line' id='line_1_31' title="bbox 239 1898 871 1938; baseline 0.003 -8"><span class='ocrx_word' id='word_1_229' title='bbox 239 1898 470 1931; x_wconf 76' lang='lat' dir='ltr'><strong>Matthiae.</strong></span> <span class='ocrx_word' id='word_1_230' title='bbox 495 1899 553 1931; x_wconf 86' lang='lat' dir='ltr'><strong>Gr.</strong></span> <span class='ocrx_word' id='word_1_231' title='bbox 578 1900 608 1938; x_wconf 65' lang='grc' dir='ltr'><strong>ἓ.</strong></span> <span class='ocrx_word' id='word_1_232' title='bbox 622 1898 745 1933; x_wconf 77' lang='lat'><strong>518.1.</strong></span> <span class='ocrx_word' id='word_1_233' title='bbox 760 1898 791 1932; x_wconf 83' lang='lat'><strong>4.</strong></span> <span class='ocrx_word' id='word_1_234' title='bbox 812 1900 871 1932; x_wconf 85' lang='lat' dir='ltr'><strong>im-</strong></span> 
     </span>
     <span class='ocr_line' id='line_1_32' title="bbox 238 1942 871 1984; baseline 0.005 -10"><span class='ocrx_word' id='word_1_235' title='bbox 238 1942 422 1984; x_wconf 83' lang='lat' dir='ltr'><strong>primisque</strong></span> <span class='ocrx_word' id='word_1_236' title='bbox 454 1943 596 1975; x_wconf 87' lang='lat' dir='ltr'><strong>Rostii</strong></span> <span class='ocrx_word' id='word_1_237' title='bbox 623 1944 772 1976; x_wconf 70' lang='lat' dir='ltr'><strong>Granum.</strong></span> <span class='ocrx_word' id='word_1_238' title='bbox 802 1955 871 1977; x_wconf 79' lang='lat' dir='ltr'><strong>sm—</strong></span> 
     </span>
     <span class='ocr_line' id='line_1_33' title="bbox 236 1985 870 2032; baseline 0.006 -14"><span class='ocrx_word' id='word_1_239' title='bbox 236 1986 335 2028; x_wconf 87' lang='lat' dir='ltr'><strong>plior.</strong></span> <span class='ocrx_word' id='word_1_240' title='bbox 369 1987 400 2027; x_wconf 77' lang='lat'><strong>§-</strong></span> <span class='ocrx_word' id='word_1_241' title='bbox 430 1985 502 2020; x_wconf 88' lang='grc'><strong>122.</strong></span> <span class='ocrx_word' id='word_1_242' title='bbox 537 1986 588 2021; x_wconf 90' lang='lat'><strong>10.</strong></span> <span class='ocrx_word' id='word_1_243' title='bbox 619 1998 650 2030; x_wconf 92' lang='lat' dir='ltr'><strong>p.</strong></span> <span class='ocrx_word' id='word_1_244' title='bbox 682 1987 749 2022; x_wconf 79' lang='lat'><strong>656</strong></span> <span class='ocrx_word' id='word_1_245' title='bbox 778 1999 870 2032; x_wconf 84' lang='lat' dir='ltr'><strong>seqq.</strong></span> 
     </span>
     <span class='ocr_line' id='line_1_34' title="bbox 238 2030 868 2074; baseline 0.006 -12"><span class='ocrx_word' id='word_1_246' title='bbox 238 2030 317 2063; x_wconf 88' lang='lat' dir='ltr'><strong>edit.</strong></span> <span class='ocrx_word' id='word_1_247' title='bbox 350 2031 481 2074; x_wconf 86' lang='lat' dir='ltr'><strong>septim.</strong></span> <span class='ocrx_word' id='word_1_248' title='bbox 528 2032 646 2073; x_wconf 78' lang='lat' dir='ltr'><strong>Itaque</strong></span> <span class='ocrx_word' id='word_1_249' title='bbox 676 2033 739 2066; x_wconf 89' lang='lat' dir='ltr'><strong>hoc</strong></span> <span class='ocrx_word' id='word_1_250' title='bbox 768 2033 868 2066; x_wconf 87' lang='lat' dir='ltr'><strong>dicit:</strong></span> 
     </span>
     <span class='ocr_line' id='line_1_35' title="bbox 237 2075 867 2119; baseline 0.006 -12"><span class='ocrx_word' id='word_1_251' title='bbox 237 2079 281 2107; x_wconf 91' lang='lat' dir='ltr'><strong>ut</strong></span> <span class='ocrx_word' id='word_1_252' title='bbox 302 2085 395 2115; x_wconf 88' lang='lat' dir='ltr'><strong>nos,</strong></span> <span class='ocrx_word' id='word_1_253' title='bbox 423 2075 458 2108; x_wconf 92' lang='lat' dir='ltr'><strong>id</strong></span> <span class='ocrx_word' id='word_1_254' title='bbox 480 2076 569 2117; x_wconf 90' lang='lat' dir='ltr'><strong>quod</strong></span> <span class='ocrx_word' id='word_1_255' title='bbox 593 2080 758 2119; x_wconf 87' lang='lat' dir='ltr'><strong>optamus,</strong></span> <span class='ocrx_word' id='word_1_256' title='bbox 781 2088 867 2111; x_wconf 87' lang='lat' dir='ltr'><strong>sus-</strong></span> 
     </span>
     <span class='ocr_line' id='line_1_36' title="bbox 236 2120 866 2163; baseline 0.006 -12"><span class='ocrx_word' id='word_1_257' title='bbox 236 2120 421 2152; x_wconf 84' lang='lat' dir='ltr'><strong>tentetis</strong></span> <span class='ocrx_word' id='word_1_258' title='bbox 436 2124 477 2152; x_wconf 88' lang='lat' dir='ltr'><strong>et</strong></span> <span class='ocrx_word' id='word_1_259' title='bbox 490 2121 685 2163; x_wconf 84' lang='lat' dir='ltr'><strong>erigatis.</strong></span> <span class='ocrx_word' id='word_1_260' title='bbox 710 2122 866 2155; x_wconf 85' lang='lat' dir='ltr'><strong>Ceterum</strong></span> 
     </span>
     <span class='ocr_line' id='line_1_37' title="bbox 237 2163 864 2207; baseline 0.005 -11"><span class='ocrx_word' id='word_1_261' title='bbox 237 2164 374 2197; x_wconf 82' lang='lat' dir='ltr'><strong>Thom.</strong></span> <span class='ocrx_word' id='word_1_262' title='bbox 391 2164 498 2207; x_wconf 79' lang='lat' dir='ltr'><strong>Mag.</strong></span> <span class='ocrx_word' id='word_1_263' title='bbox 522 2163 599 2196; x_wconf 76' lang='grc' dir='ltr'><strong><em>ἐπα</em></strong></span> <span class='ocrx_word' id='word_1_264' title='bbox 611 2177 655 2197; x_wconf 77' lang='grc' dir='ltr'><strong>νο</strong></span> <span class='ocrx_word' id='word_1_265' title='bbox 667 2177 685 2206; x_wconf 78' lang='grc' dir='ltr'><em>ρ</em></span> <span class='ocrx_word' id='word_1_266' title='bbox 696 2167 750 2198; x_wconf 78' lang='grc' dir='ltr'><strong>θο</strong></span> <span class='ocrx_word' id='word_1_267' title='bbox 762 2169 864 2205; x_wconf 78' lang='grc' dir='ltr'><strong><em>ῦμαι,</em></strong></span> 
     </span>
     <span class='ocr_line' id='line_1_38' title="bbox 237 2206 868 2252; baseline 0.006 -13"><span class='ocrx_word' id='word_1_268' title='bbox 237 2209 366 2251; x_wconf 83' lang='lat' dir='ltr'><strong>inquit,</strong></span> <span class='ocrx_word' id='word_1_269' title='bbox 396 2207 531 2241; x_wconf 75' lang='grc' dir='ltr'><strong><em>κάλλιον</em></strong></span> <span class='ocrx_word' id='word_1_270' title='bbox 563 2206 583 2251; x_wconf 88' lang='grc' dir='ltr'><em>ἢ</em></span> <span class='ocrx_word' id='word_1_271' title='bbox 615 2207 868 2252; x_wconf 79' lang='grc' dir='ltr'><strong><em>ἑπανορθιῦ.</em></strong></span> 
     </span>
     <span class='ocr_line' id='line_1_39' title="bbox 235 2253 867 2295; baseline 0.005 -10"><span class='ocrx_word' id='word_1_272' title='bbox 235 2253 280 2285; x_wconf 84' lang='lat' dir='ltr'><strong>Et</strong></span> <span class='ocrx_word' id='word_1_273' title='bbox 315 2254 453 2295; x_wconf 87' lang='lat' dir='ltr'><strong>ponitur</strong></span> <span class='ocrx_word' id='word_1_274' title='bbox 492 2253 640 2286; x_wconf 90' lang='lat' dir='ltr'><strong>medium</strong></span> <span class='ocrx_word' id='word_1_275' title='bbox 678 2254 715 2286; x_wconf 89' lang='lat' dir='ltr'><strong>in</strong></span> <span class='ocrx_word' id='word_1_276' title='bbox 750 2255 867 2288; x_wconf 86' lang='lat' dir='ltr'><strong>eadem</strong></span> 
     </span>
     <span class='ocr_line' id='line_1_40' title="bbox 234 2298 865 2341; baseline 0.005 -12"><span class='ocrx_word' id='word_1_277' title='bbox 234 2298 401 2340; x_wconf 62' lang='lat' dir='ltr'><strong>sententia</strong></span> <span class='ocrx_word' id='word_1_278' title='bbox 423 2298 476 2330; x_wconf 91' lang='lat' dir='ltr'><strong>De</strong></span> <span class='ocrx_word' id='word_1_279' title='bbox 498 2298 580 2340; x_wconf 87' lang='lat' dir='ltr'><strong>Rep.</strong></span> <span class='ocrx_word' id='word_1_280' title='bbox 604 2299 648 2331; x_wconf 93' lang='lat'><strong>11.</strong></span> <span class='ocrx_word' id='word_1_281' title='bbox 671 2308 701 2341; x_wconf 86' lang='lat' dir='ltr'><strong>p.</strong></span> <span class='ocrx_word' id='word_1_282' title='bbox 720 2298 796 2333; x_wconf 82' lang='lat'><strong>361.</strong></span> <span class='ocrx_word' id='word_1_283' title='bbox 822 2300 865 2332; x_wconf 87' lang='lat' dir='ltr'><strong>B:</strong></span> 
     </span>
     <span class='ocr_line' id='line_1_41' title="bbox 234 2339 868 2385; baseline 0.006 -12"><span class='ocrx_word' id='word_1_284' title='bbox 234 2340 298 2373; x_wconf 72' lang='grc' dir='ltr'><strong>ἐὰν</strong></span> <span class='ocrx_word' id='word_1_285' title='bbox 309 2339 378 2383; x_wconf 82' lang='grc' dir='ltr'><strong>ἄρα</strong></span> <span class='ocrx_word' id='word_1_286' title='bbox 391 2340 499 2383; x_wconf 71' lang='lat' dir='ltr'><strong>oquin</strong></span> <span class='ocrx_word' id='word_1_287' title='bbox 525 2344 627 2382; x_wconf 78' lang='grc' dir='ltr'><strong><em>ιαίτι,</em></strong></span> <span class='ocrx_word' id='word_1_288' title='bbox 645 2341 868 2385; x_wconf 68' lang='grc' dir='ltr'><strong><em>ἐπανορθοῦ·</em></strong></span> 
     </span>
     <span class='ocr_line' id='line_1_42' title="bbox 237 2385 866 2430; baseline 0.005 -12"><span class='ocrx_word' id='word_1_289' title='bbox 237 2386 319 2418; x_wconf 75' lang='grc' dir='ltr'><strong><em>σθαι</em></strong></span> <span class='ocrx_word' id='word_1_290' title='bbox 337 2385 470 2430; x_wconf 74' lang='grc' dir='ltr'><strong><em>δυνατῷ</em></strong></span> <span class='ocrx_word' id='word_1_291' title='bbox 488 2398 518 2419; x_wconf 82' lang='grc' dir='ltr'><strong>ει</strong></span> <span class='ocrx_word' id='word_1_292' title='bbox 528 2399 590 2419; x_wconf 74' lang='grc' dir='ltr'><strong><em>ναι,</em></strong></span> <span class='ocrx_word' id='word_1_293' title='bbox 624 2387 690 2420; x_wconf 80' lang='lat' dir='ltr'><strong>Sed</strong></span> <span class='ocrx_word' id='word_1_294' title='bbox 706 2398 775 2421; x_wconf 88' lang='lat' dir='ltr'><strong>non</strong></span> <span class='ocrx_word' id='word_1_295' title='bbox 791 2387 866 2421; x_wconf 81' lang='lat' dir='ltr'><strong>abs-</strong></span> 
     </span>
     <span class='ocr_line' id='line_1_43' title="bbox 233 2430 866 2465; baseline 0.006 -4"><span class='ocrx_word' id='word_1_296' title='bbox 233 2430 376 2463; x_wconf 76' lang='lat' dir='ltr'><strong>tinuisse</strong></span> <span class='ocrx_word' id='word_1_297' title='bbox 401 2432 532 2464; x_wconf 82' lang='lat' dir='ltr'><strong>Atticos</strong></span> <span class='ocrx_word' id='word_1_298' title='bbox 557 2442 622 2464; x_wconf 88' lang='lat' dir='ltr'><strong>usu</strong></span> <span class='ocrx_word' id='word_1_299' title='bbox 645 2433 748 2465; x_wconf 83' lang='lat' dir='ltr'><strong>activi</strong></span> <span class='ocrx_word' id='word_1_300' title='bbox 772 2434 866 2465; x_wconf 89' lang='lat' dir='ltr'><strong>verbi</strong></span> 
     </span>
     <span class='ocr_line' id='line_1_44' title="bbox 234 2474 867 2517; baseline 0.006 -11"><span class='ocrx_word' id='word_1_301' title='bbox 234 2474 340 2517; x_wconf 87' lang='lat' dir='ltr'><strong>ipsius</strong></span> <span class='ocrx_word' id='word_1_302' title='bbox 370 2475 523 2508; x_wconf 86' lang='lat' dir='ltr'><strong>Platonis</strong></span> <span class='ocrx_word' id='word_1_303' title='bbox 551 2477 745 2510; x_wconf 87' lang='lat' dir='ltr'><strong>testimonia</strong></span> <span class='ocrx_word' id='word_1_304' title='bbox 774 2478 867 2510; x_wconf 86' lang='lat' dir='ltr'><strong>evin·</strong></span> 
     </span>
     <span class='ocr_line' id='line_1_45' title="bbox 233 2518 865 2564; baseline 0.008 -13"><span class='ocrx_word' id='word_1_305' title='bbox 233 2522 316 2552; x_wconf 87' lang='lat' dir='ltr'><strong>cunt</strong></span> <span class='ocrx_word' id='word_1_306' title='bbox 338 2518 438 2552; x_wconf 83' lang='lat' dir='ltr'><strong>haec:</strong></span> <span class='ocrx_word' id='word_1_307' title='bbox 465 2521 517 2553; x_wconf 90' lang='lat' dir='ltr'><strong>De</strong></span> <span class='ocrx_word' id='word_1_308' title='bbox 540 2521 622 2563; x_wconf 87' lang='lat' dir='ltr'><strong>Rep.</strong></span> <span class='ocrx_word' id='word_1_309' title='bbox 647 2521 673 2554; x_wconf 92' lang='lat'><strong>1.</strong></span> <span class='ocrx_word' id='word_1_310' title='bbox 688 2531 720 2564; x_wconf 91' lang='lat' dir='ltr'><strong>p.</strong></span> <span class='ocrx_word' id='word_1_311' title='bbox 734 2520 810 2556; x_wconf 81' lang='lat'><strong>346.</strong></span> <span class='ocrx_word' id='word_1_312' title='bbox 825 2522 865 2555; x_wconf 87' lang='grc' dir='ltr'><strong>Ε.</strong></span> 
     </span>
     <span class='ocr_line' id='line_1_46' title="bbox 232 2561 864 2600; baseline 0.006 -4"><span class='ocrx_word' id='word_1_313' title='bbox 232 2563 292 2596; x_wconf 83' lang='lat' dir='ltr'><strong>lv.</strong></span> <span class='ocrx_word' id='word_1_314' title='bbox 314 2561 392 2597; x_wconf 84' lang='grc'><strong>426.</strong></span> <span class='ocrx_word' id='word_1_315' title='bbox 414 2564 453 2596; x_wconf 91' lang='grc' dir='ltr'><strong>Ε.</strong></span> <span class='ocrx_word' id='word_1_316' title='bbox 488 2565 531 2597; x_wconf 84' lang='grc' dir='ltr'><strong>Χ.</strong></span> <span class='ocrx_word' id='word_1_317' title='bbox 554 2564 630 2599; x_wconf 84' lang='grc'><strong>604.</strong></span> <span class='ocrx_word' id='word_1_318' title='bbox 650 2566 691 2598; x_wconf 88' lang='lat' dir='ltr'><strong>D.</strong></span> <span class='ocrx_word' id='word_1_319' title='bbox 724 2566 864 2600; x_wconf 75' lang='lat' dir='ltr'><strong>Theaet-</strong></span> 
     </span>
     <span class='ocr_line' id='line_1_47' title="bbox 233 2606 862 2645; baseline 0.005 -5"><span class='ocrx_word' id='word_1_320' title='bbox 233 2606 308 2641; x_wconf 83' lang='lat'><strong>146.</strong></span> <span class='ocrx_word' id='word_1_321' title='bbox 340 2608 378 2641; x_wconf 85' lang='lat' dir='ltr'><strong>G.</strong></span> <span class='ocrx_word' id='word_1_322' title='bbox 417 2607 492 2642; x_wconf 85' lang='grc'><strong>167.</strong></span> <span class='ocrx_word' id='word_1_323' title='bbox 521 2609 561 2641; x_wconf 88' lang='grc' dir='ltr'><strong>Ε.</strong></span> <span class='ocrx_word' id='word_1_324' title='bbox 600 2610 690 2642; x_wconf 85' lang='lat' dir='ltr'><strong>Prot.</strong></span> <span class='ocrx_word' id='word_1_325' title='bbox 719 2609 796 2645; x_wconf 85' lang='lat'><strong>340.</strong></span> <span class='ocrx_word' id='word_1_326' title='bbox 821 2611 862 2643; x_wconf 90' lang='lat' dir='ltr'><strong>D.</strong></span> 
     </span>
     <span class='ocr_line' id='line_1_48' title="bbox 232 2651 862 2696; baseline 0.003 -11"><span class='ocrx_word' id='word_1_327' title='bbox 232 2652 337 2696; x_wconf 87' lang='lat' dir='ltr'><strong>Legg.</strong></span> <span class='ocrx_word' id='word_1_328' title='bbox 353 2651 428 2686; x_wconf 86' lang='grc'><strong>769.</strong></span> <span class='ocrx_word' id='word_1_329' title='bbox 442 2653 483 2686; x_wconf 87' lang='grc' dir='ltr'><strong>Ε.</strong></span> <span class='ocrx_word' id='word_1_330' title='bbox 501 2653 546 2686; x_wconf 80' lang='lat' dir='ltr'><strong>al.</strong></span> <span class='ocrx_word' id='word_1_331' title='bbox 569 2655 656 2687; x_wconf 81' lang='lat' dir='ltr'><strong>conf.</strong></span> <span class='ocrx_word' id='word_1_332' title='bbox 680 2655 862 2689; x_wconf 82' lang='lat' dir='ltr'><strong>Lobeck.</strong></span> 
     </span>
     <span class='ocr_line' id='line_1_49' title="bbox 229 2696 639 2741; baseline 0.005 -13"><span class='ocrx_word' id='word_1_333' title='bbox 229 2697 271 2728; x_wconf 77' lang='lat' dir='ltr'><strong>nd</strong></span> <span class='ocrx_word' id='word_1_334' title='bbox 294 2697 480 2741; x_wconf 84' lang='lat' dir='ltr'><strong>Phrynich.</strong></span> <span class='ocrx_word' id='word_1_335' title='bbox 504 2708 535 2741; x_wconf 85' lang='lat' dir='ltr'><strong>p.</strong></span> <span class='ocrx_word' id='word_1_336' title='bbox 564 2696 639 2732; x_wconf 76' lang='lat'><strong>250.</strong></span> 
     </span>
    </p>
   </div>
   <div class='ocr_carea' id='block_1_6' title="bbox 504 1808 873 1852">
    <p class='ocr_par' dir='ltr' id='par_1_8' title="bbox 504 1808 873 1852">
     <span class='ocr_line' id='line_1_50' title="bbox 504 1808 873 1852; baseline 0.005 -11"><span class='ocrx_word' id='word_1_337' title='bbox 504 1820 536 1852; x_wconf 90' lang='lat' dir='ltr'><strong>p.</strong></span> <span class='ocrx_word' id='word_1_338' title='bbox 568 1808 641 1844; x_wconf 88' lang='grc'><strong>169.</strong></span> <span class='ocrx_word' id='word_1_339' title='bbox 680 1815 797 1843; x_wconf 88' lang='lat' dir='ltr'><strong>nostra</strong></span> <span class='ocrx_word' id='word_1_340' title='bbox 830 1811 873 1844; x_wconf 86' lang='lat' dir='ltr'><strong>ad</strong></span> 
     </span>
    </p>
   </div>
   <div class='ocr_carea' id='block_1_7' title="bbox 930 1542 1574 2743">
    <p class='ocr_par' dir='ltr' id='par_1_9' title="bbox 930 1542 1574 2743">
     <span class='ocr_line' id='line_1_51' title="bbox 987 1542 1574 1591; baseline 0.007 -14"><span class='ocrx_word' id='word_1_341' title='bbox 987 1545 1030 1578; x_wconf 91' lang='lat' dir='ltr'><strong>D.</strong></span> <span class='ocrx_word' id='word_1_342' title='bbox 1058 1543 1077 1576; x_wconf 77' lang='grc' dir='ltr'><strong>δ</strong></span> <span class='ocrx_word' id='word_1_343' title='bbox 1088 1547 1225 1580; x_wconf 65' lang='lat' dir='ltr'><strong>Inatos·</strong></span> <span class='ocrx_word' id='word_1_344' title='bbox 1242 1543 1272 1578; x_wconf 78' lang='grc' dir='ltr'><strong>δ’</strong></span> <span class='ocrx_word' id='word_1_345' title='bbox 1286 1558 1304 1578; x_wconf 75' lang='grc' dir='ltr'><strong><em>ε</em></strong></span> <span class='ocrx_word' id='word_1_346' title='bbox 1315 1542 1352 1591; x_wconf 84' lang='grc' dir='ltr'><strong>ι’.]</strong></span> <span class='ocrx_word' id='word_1_347' title='bbox 1369 1547 1483 1581; x_wconf 84' lang='lat' dir='ltr'><strong>Facile</strong></span> <span class='ocrx_word' id='word_1_348' title='bbox 1498 1549 1574 1591; x_wconf 87' lang='lat' dir='ltr'><strong>quis</strong></span> 
     </span>
     <span class='ocr_line' id='line_1_52' title="bbox 942 1589 1574 1634; baseline 0.009 -14"><span class='ocrx_word' id='word_1_349' title='bbox 942 1589 1131 1631; x_wconf 85' lang='lat' dir='ltr'><strong>suspicetur</strong></span> <span class='ocrx_word' id='word_1_350' title='bbox 1143 1589 1324 1634; x_wconf 87' lang='lat' dir='ltr'><strong>legendum</strong></span> <span class='ocrx_word' id='word_1_351' title='bbox 1347 1601 1421 1625; x_wconf 86' lang='lat' dir='ltr'><strong>esse</strong></span> <span class='ocrx_word' id='word_1_352' title='bbox 1444 1591 1574 1627; x_wconf 75' lang='grc' dir='ltr'><strong><em>δίκαιος</em></strong></span> 
     </span>
     <span class='ocr_line' id='line_1_53' title="bbox 940 1629 1574 1679; baseline 0.011 -15"><span class='ocrx_word' id='word_1_353' title='bbox 940 1631 1005 1676; x_wconf 82' lang='grc' dir='ltr'><strong>γὰρ</strong></span> <span class='ocrx_word' id='word_1_354' title='bbox 1030 1629 1074 1666; x_wconf 81' lang='grc' dir='ltr'><strong>εἶ.</strong></span> <span class='ocrx_word' id='word_1_355' title='bbox 1118 1635 1267 1669; x_wconf 83' lang='lat' dir='ltr'><strong>Frustra.</strong></span> <span class='ocrx_word' id='word_1_356' title='bbox 1313 1636 1431 1679; x_wconf 84' lang='lat' dir='ltr'><strong>Neque</strong></span> <span class='ocrx_word' id='word_1_357' title='bbox 1460 1641 1574 1671; x_wconf 87' lang='lat' dir='ltr'><strong>tamen</strong></span> 
     </span>
     <span class='ocr_line' id='line_1_54' title="bbox 941 1678 1573 1724; baseline 0.009 -14"><span class='ocrx_word' id='word_1_358' title='bbox 941 1682 1065 1711; x_wconf 86' lang='lat' dir='ltr'><strong>temere</strong></span> <span class='ocrx_word' id='word_1_359' title='bbox 1107 1678 1190 1712; x_wconf 82' lang='lat' dir='ltr'><strong>fides</strong></span> <span class='ocrx_word' id='word_1_360' title='bbox 1232 1678 1389 1713; x_wconf 76' lang='lat' dir='ltr'><strong>habenda</strong></span> <span class='ocrx_word' id='word_1_361' title='bbox 1430 1686 1482 1715; x_wconf 83' lang='lat' dir='ltr'><strong>est</strong></span> <span class='ocrx_word' id='word_1_362' title='bbox 1518 1684 1573 1724; x_wconf 85' lang='lat' dir='ltr'><strong>iis,</strong></span> 
     </span>
     <span class='ocr_line' id='line_1_55' title="bbox 941 1722 1571 1770; baseline 0.01 -16"><span class='ocrx_word' id='word_1_363' title='bbox 941 1722 999 1764; x_wconf 89' lang='lat' dir='ltr'><strong>qui</strong></span> <span class='ocrx_word' id='word_1_364' title='bbox 1029 1723 1065 1755; x_wconf 88' lang='lat' dir='ltr'><strong>in</strong></span> <span class='ocrx_word' id='word_1_365' title='bbox 1097 1723 1225 1756; x_wconf 76' lang='lat' dir='ltr'><strong>talibus</strong></span> <span class='ocrx_word' id='word_1_366' title='bbox 1254 1724 1337 1758; x_wconf 88' lang='lat' dir='ltr'><strong>locis</strong></span> <span class='ocrx_word' id='word_1_367' title='bbox 1362 1724 1400 1758; x_wconf 81' lang='grc' dir='ltr'><strong>δέ</strong></span> <span class='ocrx_word' id='word_1_368' title='bbox 1421 1737 1482 1769; x_wconf 87' lang='lat' dir='ltr'><strong>pro</strong></span> <span class='ocrx_word' id='word_1_369' title='bbox 1506 1726 1571 1770; x_wconf 77' lang='grc' dir='ltr'><strong>γάρ</strong></span> 
     </span>
     <span class='ocr_line' id='line_1_56' title="bbox 939 1766 1568 1811; baseline 0.011 -13"><span class='ocrx_word' id='word_1_370' title='bbox 939 1766 1068 1800; x_wconf 83' lang='lat' dir='ltr'><strong>dictum</strong></span> <span class='ocrx_word' id='word_1_371' title='bbox 1089 1773 1301 1811; x_wconf 84' lang='lat' dir='ltr'><strong>acceperunt.</strong></span> <span class='ocrx_word' id='word_1_372' title='bbox 1333 1769 1409 1802; x_wconf 84' lang='lat' dir='ltr'><strong>vid.</strong></span> <span class='ocrx_word' id='word_1_373' title='bbox 1434 1772 1467 1804; x_wconf 83' lang='lat' dir='ltr'>H</span> <span class='ocrx_word' id='word_1_374' title='bbox 1476 1782 1494 1804; x_wconf 92' lang='lat' dir='ltr'><strong>e</strong></span> <span class='ocrx_word' id='word_1_375' title='bbox 1502 1782 1568 1804; x_wconf 89' lang='lat' dir='ltr'><strong>rm.</strong></span> 
     </span>
     <span class='ocr_line' id='line_1_57' title="bbox 939 1811 1570 1857; baseline 0.011 -14"><span class='ocrx_word' id='word_1_376' title='bbox 939 1811 983 1844; x_wconf 85' lang='lat' dir='ltr'><strong>ad</strong></span> <span class='ocrx_word' id='word_1_377' title='bbox 1014 1812 1127 1855; x_wconf 87' lang='lat' dir='ltr'><strong>Viger.</strong></span> <span class='ocrx_word' id='word_1_378' title='bbox 1159 1823 1192 1855; x_wconf 89' lang='lat' dir='ltr'><strong>p.</strong></span> <span class='ocrx_word' id='word_1_379' title='bbox 1214 1812 1290 1846; x_wconf 80' lang='lat'><strong>845.</strong></span> <span class='ocrx_word' id='word_1_380' title='bbox 1337 1814 1455 1857; x_wconf 80' lang='lat' dir='ltr'><strong>Itaque</strong></span> <span class='ocrx_word' id='word_1_381' title='bbox 1485 1816 1570 1850; x_wconf 79' lang='lat' dir='ltr'><strong>haec</strong></span> 
     </span>
     <span class='ocr_line' id='line_1_58' title="bbox 939 1856 1570 1902; baseline 0.008 -14"><span class='ocrx_word' id='word_1_382' title='bbox 939 1857 989 1888; x_wconf 89' lang='lat' dir='ltr'><strong>sic</strong></span> <span class='ocrx_word' id='word_1_383' title='bbox 1012 1856 1203 1900; x_wconf 77' lang='lat' dir='ltr'><strong>intelligas:</strong></span> <span class='ocrx_word' id='word_1_384' title='bbox 1227 1859 1355 1891; x_wconf 84' lang='lat' dir='ltr'><strong>etiam</strong></span> <span class='ocrx_word' id='word_1_385' title='bbox 1380 1870 1508 1902; x_wconf 88' lang='lat' dir='ltr'><strong>nunc,</strong></span> <span class='ocrx_word' id='word_1_386' title='bbox 1533 1862 1570 1893; x_wconf 88' lang='lat' dir='ltr'><strong>si</strong></span> 
     </span>
     <span class='ocr_line' id='line_1_59' title="bbox 938 1900 1567 1947; baseline 0.01 -15"><span class='ocrx_word' id='word_1_387' title='bbox 938 1900 1041 1942; x_wconf 81' lang='lat' dir='ltr'><strong>quid</strong></span> <span class='ocrx_word' id='word_1_388' title='bbox 1088 1912 1163 1944; x_wconf 84' lang='lat' dir='ltr'><strong>ego</strong></span> <span class='ocrx_word' id='word_1_389' title='bbox 1208 1906 1251 1934; x_wconf 86' lang='lat' dir='ltr'><strong>et</strong></span> <span class='ocrx_word' id='word_1_390' title='bbox 1296 1903 1479 1947; x_wconf 82' lang='lat' dir='ltr'><strong>Gorgias</strong></span> <span class='ocrx_word' id='word_1_391' title='bbox 1525 1906 1567 1938; x_wconf 90' lang='lat' dir='ltr'><strong>in</strong></span> 
     </span>
     <span class='ocr_line' id='line_1_60' title="bbox 938 1952 1570 1992; baseline 0.009 -15"><span class='ocrx_word' id='word_1_392' title='bbox 938 1955 1133 1978; x_wconf 86' lang='lat' dir='ltr'><strong>sermone</strong></span> <span class='ocrx_word' id='word_1_393' title='bbox 1153 1957 1359 1988; x_wconf 83' lang='lat' dir='ltr'><strong>erramus,</strong></span> <span class='ocrx_word' id='word_1_394' title='bbox 1384 1952 1428 1981; x_wconf 89' lang='lat' dir='ltr'><strong>tu</strong></span> <span class='ocrx_word' id='word_1_395' title='bbox 1450 1959 1570 1992; x_wconf 84' lang='lat' dir='ltr'><strong>prae-</strong></span> 
     </span>
     <span class='ocr_line' id='line_1_61' title="bbox 937 1991 1570 2034; baseline 0.008 -12"><span class='ocrx_word' id='word_1_396' title='bbox 937 2000 1034 2023; x_wconf 89' lang='lat' dir='ltr'><strong>sens</strong></span> <span class='ocrx_word' id='word_1_397' title='bbox 1071 1991 1262 2034; x_wconf 85' lang='lat' dir='ltr'><strong>corrige:</strong></span> <span class='ocrx_word' id='word_1_398' title='bbox 1296 2002 1372 2034; x_wconf 89' lang='lat' dir='ltr'><strong>par</strong></span> <span class='ocrx_word' id='word_1_399' title='bbox 1404 1998 1470 2026; x_wconf 88' lang='lat' dir='ltr'><strong>est</strong></span> <span class='ocrx_word' id='word_1_400' title='bbox 1503 2004 1570 2027; x_wconf 82' lang='lat' dir='ltr'><strong>au·</strong></span> 
     </span>
     <span class='ocr_line' id='line_1_62' title="bbox 937 2035 1570 2072; baseline 0.008 -5"><span class='ocrx_word' id='word_1_401' title='bbox 937 2038 1022 2067; x_wconf 88' lang='lat' dir='ltr'><strong>tem</strong></span> <span class='ocrx_word' id='word_1_402' title='bbox 1053 2039 1093 2068; x_wconf 82' lang='lat' dir='ltr'><strong>te</strong></span> <span class='ocrx_word' id='word_1_403' title='bbox 1127 2035 1205 2068; x_wconf 84' lang='lat' dir='ltr'><strong>hoe</strong></span> <span class='ocrx_word' id='word_1_404' title='bbox 1238 2036 1392 2069; x_wconf 79' lang='lat' dir='ltr'><strong>facere.</strong></span> <span class='ocrx_word' id='word_1_405' title='bbox 1438 2038 1570 2072; x_wconf 85' lang='lat' dir='ltr'><strong>Deinde</strong></span> 
     </span>
     <span class='ocr_line' id='line_1_63' title="bbox 936 2079 1567 2125; baseline 0.01 -15"><span class='ocrx_word' id='word_1_406' title='bbox 936 2079 966 2110; x_wconf 87' lang='grc' dir='ltr'><em>Η</em></span> <span class='ocrx_word' id='word_1_407' title='bbox 979 2079 1104 2111; x_wconf 87' lang='lat' dir='ltr'><strong>eindo</strong></span> <span class='ocrx_word' id='word_1_408' title='bbox 1115 2080 1227 2112; x_wconf 71' lang='lat' dir='ltr'><strong>rrius</strong></span> <span class='ocrx_word' id='word_1_409' title='bbox 1279 2079 1390 2113; x_wconf 80' lang='lat' dir='ltr'><strong>haesit</strong></span> <span class='ocrx_word' id='word_1_410' title='bbox 1433 2082 1469 2115; x_wconf 88' lang='lat' dir='ltr'><strong>in</strong></span> <span class='ocrx_word' id='word_1_411' title='bbox 1516 2093 1567 2125; x_wconf 87' lang='lat' dir='ltr'><strong>eo,</strong></span> 
     </span>
     <span class='ocr_line' id='line_1_64' title="bbox 934 2122 1567 2168; baseline 0.008 -13"><span class='ocrx_word' id='word_1_412' title='bbox 934 2122 1022 2165; x_wconf 90' lang='lat' dir='ltr'><strong>quod</strong></span> <span class='ocrx_word' id='word_1_413' title='bbox 1050 2124 1207 2157; x_wconf 76' lang='lat' dir='ltr'><strong>Socrates</strong></span> <span class='ocrx_word' id='word_1_414' title='bbox 1230 2124 1315 2157; x_wconf 85' lang='lat' dir='ltr'><strong>Polo</strong></span> <span class='ocrx_word' id='word_1_415' title='bbox 1344 2127 1508 2168; x_wconf 85' lang='lat' dir='ltr'><strong>promittit</strong></span> <span class='ocrx_word' id='word_1_416' title='bbox 1530 2138 1567 2161; x_wconf 84' lang='lat' dir='ltr'><strong>se</strong></span> 
     </span>
     <span class='ocr_line' id='line_1_65' title="bbox 932 2167 1568 2213; baseline 0.009 -14"><span class='ocrx_word' id='word_1_417' title='bbox 932 2167 1042 2209; x_wconf 86' lang='lat' dir='ltr'><strong>ipsum</strong></span> <span class='ocrx_word' id='word_1_418' title='bbox 1066 2178 1199 2211; x_wconf 87' lang='lat' dir='ltr'><strong>quoque</strong></span> <span class='ocrx_word' id='word_1_419' title='bbox 1221 2167 1263 2200; x_wconf 85' lang='lat' dir='ltr'><strong>de</strong></span> <span class='ocrx_word' id='word_1_420' title='bbox 1286 2169 1328 2201; x_wconf 88' lang='lat' dir='ltr'><strong>iis</strong></span> <span class='ocrx_word' id='word_1_421' title='bbox 1337 2193 1345 2209; x_wconf 95' lang='lat'>,</span> <span class='ocrx_word' id='word_1_422' title='bbox 1376 2180 1465 2213; x_wconf 88' lang='lat' dir='ltr'><strong>quae</strong></span> <span class='ocrx_word' id='word_1_423' title='bbox 1488 2181 1568 2205; x_wconf 86' lang='lat' dir='ltr'><strong>con·</strong></span> 
     </span>
     <span class='ocr_line' id='line_1_66' title="bbox 935 2213 1566 2254; baseline 0.01 -10"><span class='ocrx_word' id='word_1_424' title='bbox 935 2221 1031 2245; x_wconf 83' lang='lat' dir='ltr'><strong>cessa</strong></span> <span class='ocrx_word' id='word_1_425' title='bbox 1053 2213 1132 2253; x_wconf 88' lang='lat' dir='ltr'><strong>sint,</strong></span> <span class='ocrx_word' id='word_1_426' title='bbox 1157 2213 1187 2245; x_wconf 90' lang='lat' dir='ltr'><strong>si</strong></span> <span class='ocrx_word' id='word_1_427' title='bbox 1209 2213 1290 2254; x_wconf 87' lang='lat' dir='ltr'><strong>quid</strong></span> <span class='ocrx_word' id='word_1_428' title='bbox 1313 2213 1365 2246; x_wconf 90' lang='lat' dir='ltr'><strong>illi</strong></span> <span class='ocrx_word' id='word_1_429' title='bbox 1388 2225 1455 2248; x_wconf 90' lang='lat' dir='ltr'><strong>non</strong></span> <span class='ocrx_word' id='word_1_430' title='bbox 1481 2214 1566 2249; x_wconf 83' lang='lat' dir='ltr'><strong>bene</strong></span> 
     </span>
     <span class='ocr_line' id='line_1_67' title="bbox 934 2257 1566 2298; baseline 0.009 -10"><span class='ocrx_word' id='word_1_431' title='bbox 934 2266 1132 2289; x_wconf 85' lang='lat' dir='ltr'><strong>concessum</strong></span> <span class='ocrx_word' id='word_1_432' title='bbox 1164 2257 1319 2291; x_wconf 83' lang='lat' dir='ltr'><strong>videatur</strong></span> <span class='ocrx_word' id='word_1_433' title='bbox 1327 2282 1335 2298; x_wconf 91' lang='lat'><em>,</em></span> <span class='ocrx_word' id='word_1_434' title='bbox 1370 2264 1566 2294; x_wconf 81' lang='lat' dir='ltr'><strong>retractatu—</strong></span> 
     </span>
     <span class='ocr_line' id='line_1_68' title="bbox 934 2301 1566 2343; baseline 0.011 -11"><span class='ocrx_word' id='word_1_435' title='bbox 934 2310 1007 2333; x_wconf 88' lang='lat' dir='ltr'><strong>rum</strong></span> <span class='ocrx_word' id='word_1_436' title='bbox 1018 2325 1028 2341; x_wconf 88' lang='lat'>,</span> <span class='ocrx_word' id='word_1_437' title='bbox 1060 2301 1224 2343; x_wconf 83' lang='lat' dir='ltr'><strong>quidquid</strong></span> <span class='ocrx_word' id='word_1_438' title='bbox 1253 2302 1312 2334; x_wconf 89' lang='lat' dir='ltr'><strong>ille</strong></span> <span class='ocrx_word' id='word_1_439' title='bbox 1341 2303 1434 2336; x_wconf 84' lang='lat' dir='ltr'><strong>velit.</strong></span> <span class='ocrx_word' id='word_1_440' title='bbox 1480 2305 1566 2339; x_wconf 82' lang='lat' dir='ltr'><strong>Nam</strong></span> 
     </span>
     <span class='ocr_line' id='line_1_69' title="bbox 934 2344 1565 2390; baseline 0.01 -14"><span class='ocrx_word' id='word_1_441' title='bbox 934 2344 1027 2377; x_wconf 83' lang='lat' dir='ltr'><strong>aliud</strong></span> <span class='ocrx_word' id='word_1_442' title='bbox 1068 2344 1151 2387; x_wconf 89' lang='lat' dir='ltr'><strong>quid</strong></span> <span class='ocrx_word' id='word_1_443' title='bbox 1191 2351 1279 2379; x_wconf 88' lang='lat' dir='ltr'><strong>certe</strong></span> <span class='ocrx_word' id='word_1_444' title='bbox 1313 2348 1482 2390; x_wconf 82' lang='lat' dir='ltr'><strong>requirere</strong></span> <span class='ocrx_word' id='word_1_445' title='bbox 1516 2350 1565 2382; x_wconf 82' lang='lat' dir='ltr'><strong>vi-</strong></span> 
     </span>
     <span class='ocr_line' id='line_1_70' title="bbox 933 2388 1566 2434; baseline 0.009 -13"><span class='ocrx_word' id='word_1_446' title='bbox 933 2388 1054 2422; x_wconf 85' lang='lat' dir='ltr'><strong>dentur</strong></span> <span class='ocrx_word' id='word_1_447' title='bbox 1083 2400 1124 2422; x_wconf 85' lang='lat' dir='ltr'><strong>ea</strong></span> <span class='ocrx_word' id='word_1_448' title='bbox 1133 2415 1142 2432; x_wconf 89' lang='lat'>,</span> <span class='ocrx_word' id='word_1_449' title='bbox 1176 2401 1262 2433; x_wconf 86' lang='lat' dir='ltr'><strong>quae</strong></span> <span class='ocrx_word' id='word_1_450' title='bbox 1291 2401 1322 2434; x_wconf 88' lang='lat' dir='ltr'><strong>p.</strong></span> <span class='ocrx_word' id='word_1_451' title='bbox 1347 2390 1422 2425; x_wconf 88' lang='grc'><strong>462.</strong></span> <span class='ocrx_word' id='word_1_452' title='bbox 1446 2393 1488 2428; x_wconf 77' lang='grc' dir='ltr'><strong>Δ.</strong></span> <span class='ocrx_word' id='word_1_453' title='bbox 1519 2394 1566 2427; x_wconf 82' lang='lat' dir='ltr'><strong>le-</strong></span> 
     </span>
     <span class='ocr_line' id='line_1_71' title="bbox 931 2435 1564 2479; baseline 0.009 -14"><span class='ocrx_word' id='word_1_454' title='bbox 931 2438 1068 2476; x_wconf 85' lang='lat' dir='ltr'><strong>guntur,</strong></span> <span class='ocrx_word' id='word_1_455' title='bbox 1091 2435 1151 2466; x_wconf 88' lang='lat' dir='ltr'><strong>ubi</strong></span> <span class='ocrx_word' id='word_1_456' title='bbox 1170 2435 1327 2468; x_wconf 78' lang='lat' dir='ltr'><strong>Socrates</strong></span> <span class='ocrx_word' id='word_1_457' title='bbox 1348 2436 1447 2469; x_wconf 76' lang='lat' dir='ltr'><strong>alteri</strong></span> <span class='ocrx_word' id='word_1_458' title='bbox 1468 2438 1564 2479; x_wconf 86' lang='lat' dir='ltr'><strong>quid-</strong></span> 
     </span>
     <span class='ocr_line' id='line_1_72' title="bbox 933 2477 1563 2524; baseline 0.008 -14"><span class='ocrx_word' id='word_1_459' title='bbox 933 2477 1014 2520; x_wconf 84' lang='lat' dir='ltr'><strong>quid</strong></span> <span class='ocrx_word' id='word_1_460' title='bbox 1044 2479 1249 2512; x_wconf 72' lang='lat' dir='ltr'><strong>retraetsndi</strong></span> <span class='ocrx_word' id='word_1_461' title='bbox 1278 2480 1412 2513; x_wconf 81' lang='lat' dir='ltr'><strong>veniam</strong></span> <span class='ocrx_word' id='word_1_462' title='bbox 1443 2481 1563 2524; x_wconf 77' lang='lat' dir='ltr'><strong>imper-</strong></span> 
     </span>
     <span class='ocr_line' id='line_1_73' title="bbox 932 2522 1564 2566; baseline 0.009 -12"><span class='ocrx_word' id='word_1_463' title='bbox 932 2523 1024 2555; x_wconf 75' lang='lat' dir='ltr'><strong>titur.</strong></span> <span class='ocrx_word' id='word_1_464' title='bbox 1045 2522 1163 2566; x_wconf 85' lang='lat' dir='ltr'><strong>Itaque</strong></span> <span class='ocrx_word' id='word_1_465' title='bbox 1172 2523 1278 2557; x_wconf 82' lang='lat' dir='ltr'><strong>multo</strong></span> <span class='ocrx_word' id='word_1_466' title='bbox 1289 2525 1399 2566; x_wconf 83' lang='lat' dir='ltr'><strong>aptior</strong></span> <span class='ocrx_word' id='word_1_467' title='bbox 1410 2525 1564 2560; x_wconf 84' lang='lat' dir='ltr'><strong>videatur</strong></span> 
     </span>
     <span class='ocr_line' id='line_1_74' title="bbox 932 2568 1559 2612; baseline 0.008 -13"><span class='ocrx_word' id='word_1_468' title='bbox 932 2568 1100 2600; x_wconf 85' lang='lat' dir='ltr'><strong>sententia</strong></span> <span class='ocrx_word' id='word_1_469' title='bbox 1140 2578 1161 2601; x_wconf 86' lang='lat' dir='ltr'><strong>a</strong></span> <span class='ocrx_word' id='word_1_470' title='bbox 1194 2568 1348 2601; x_wconf 83' lang='lat' dir='ltr'><strong>Fieino</strong></span> <span class='ocrx_word' id='word_1_471' title='bbox 1382 2579 1559 2612; x_wconf 79' lang='lat' dir='ltr'><strong>expressa:</strong></span> 
     </span>
     <span class='ocr_line' id='line_1_75' title="bbox 931 2611 1563 2657; baseline 0.006 -13"><span class='ocrx_word' id='word_1_472' title='bbox 931 2615 1058 2654; x_wconf 82' lang='lat' dir='ltr'><strong>atque</strong></span> <span class='ocrx_word' id='word_1_473' title='bbox 1090 2622 1166 2655; x_wconf 88' lang='lat' dir='ltr'><strong>ego</strong></span> <span class='ocrx_word' id='word_1_474' title='bbox 1195 2611 1350 2646; x_wconf 85' lang='lat' dir='ltr'><strong>lubens</strong></span> <span class='ocrx_word' id='word_1_475' title='bbox 1374 2614 1453 2646; x_wconf 82' lang='lat' dir='ltr'><strong>tibi</strong></span> <span class='ocrx_word' id='word_1_476' title='bbox 1475 2625 1563 2657; x_wconf 81' lang='lat' dir='ltr'><strong>per·</strong></span> 
     </span>
     <span class='ocr_line' id='line_1_76' title="bbox 930 2656 1559 2700; baseline 0.006 -12"><span class='ocrx_word' id='word_1_477' title='bbox 930 2656 1073 2696; x_wconf 84' lang='lat' dir='ltr'><strong>mitto,</strong></span> <span class='ocrx_word' id='word_1_478' title='bbox 1103 2661 1168 2698; x_wconf 84' lang='lat' dir='ltr'><strong>ut,</strong></span> <span class='ocrx_word' id='word_1_479' title='bbox 1206 2658 1244 2690; x_wconf 85' lang='lat' dir='ltr'><strong>si</strong></span> <span class='ocrx_word' id='word_1_480' title='bbox 1273 2657 1374 2699; x_wconf 85' lang='lat' dir='ltr'><strong>qnid</strong></span> <span class='ocrx_word' id='word_1_481' title='bbox 1405 2668 1559 2700; x_wconf 85' lang='lat' dir='ltr'><strong>eorum,</strong></span> 
     </span>
     <span class='ocr_line' id='line_1_77' title="bbox 930 2707 1557 2743; baseline 0.008 -11"><span class='ocrx_word' id='word_1_482' title='bbox 930 2711 1035 2742; x_wconf 85' lang='lat' dir='ltr'><strong>quae</strong></span> <span class='ocrx_word' id='word_1_483' title='bbox 1075 2710 1288 2735; x_wconf 79' lang='lat' dir='ltr'><strong>concessa</strong></span> <span class='ocrx_word' id='word_1_484' title='bbox 1323 2707 1439 2743; x_wconf 82' lang='lat' dir='ltr'><strong>sunt,</strong></span> <span class='ocrx_word' id='word_1_485' title='bbox 1477 2714 1557 2737; x_wconf 88' lang='lat' dir='ltr'><strong>nou</strong></span> 
     </span>
    </p>
   </div>
  </div>
 </body>
</html>
