1690 2912
197 231 248 269 70
674 222 1066 264 PROLEGOLOENA

201 338 412 393 studiosius
441 335 706 375 elaboravisse.
763 334 1017 376 Quamobrem
1043 346 1131 372 eum
1159 331 1364 371 verisimile
1390 337 1451 371 est
1478 331 1533 370 illi

203 390 286 433 sese
324 397 460 443 postea
496 393 648 429 domum
685 391 726 428 in
763 389 922 429 Graecia
957 388 1202 427 commoranti
1239 387 1383 426 socium
1418 392 1533 439 atque

203 449 379 488 comitem
407 447 645 493 adiunxisse,
684 445 827 484 seilicet
863 444 967 483 illius
994 444 1126 483 laudes
1161 443 1225 482 vel
1253 443 1532 481 aemulatur-um

203 505 265 544 vel
294 503 618 554 participaturum.
674 500 785 542 Quod
813 501 964 552 quaudo
992 503 1031 538 et
1058 512 1135 550 qua
1161 512 1288 537 rerum
1317 497 1531 536 conditione

204 561 259 599 ita
286 561 430 597 factum
457 558 523 605 sit,
562 562 712 597 tacente
739 556 899 594 historia
931 568 1009 593 non
1035 555 1190 594 videtur
1216 553 1356 593 certius
1383 550 1531 591 definiri

205 629 324 666 posse.
390 614 562 651 Firmant
597 616 725 652 tamen
763 611 1036 663 quodammodo
1071 610 1328 648 coniecturam
1365 614 1533 648 nostram

207 684 305 722 quae
345 670 461 707 habet
495 668 803 706 scholiastes
841 668 888 705 ad
917 667 1014 704 Plat.
1042 666 1257 704 Phaedrum
1293 677 1330 714 p.
1360 665 1451 703 267.
1480 664 1533 711 0.,

207 726 287 764 Poli
307 725 531 773 magistrum
547 736 703 762 narrans
722 723 839 760 fuisse
859 721 1110 773 Licymnium,
1138 722 1186 759 de
1213 733 1288 772 quo
1317 733 1353 758 v.
1374 720 1534 770 interpp.

208 783 256 819 ad
293 781 452 818 Phaedr.
491 780 513 817 l.
543 792 594 825 e.‚
633 791 862 830 quamquam
899 778 1099 827 Dionys.
1139 776 1245 815 Hal.
1283 775 1372 826 Lys.
1412 777 1448 813 7.
1486 775 1534 813 de

209 836 407 887 Licymnio
445 840 490 873 ut
526 809 779 884 condiscipulo
819 833 901 871 Poli
939 833 1118 884 loquitur.
1189 832 1271 869 Nec
1307 843 1397 869 vero
1434 831 1536 870 lectu

211 892 368 940 indigna
386 895 476 929 sunt
492 903 589 941 quae
609 889 759 939 scripsit
785 889 1081 927 Philostrat
1101 887 1179 926 vit.
1200 886 1365 936 Sophist.
1387 899 1424 936 p.
1442 888 1535 925 497.

215 962 267 968 -
215 951 342 985 --.16
372 947 429 984 ed.
459 947 638 996 Kayser..
670 944 817 982 Πῶλον
845 941 890 982 δὲ
918 941 988 983 τὸν
1002 939 1300 1008 Ἀκραγαντῖνον
1318 939 1488 992 Γοργίας
1515 938 1537 979 o‘

220 1000 412 1069 σοφιστὴς
440 998 774 1069 ἓξεέιελέτησε
796 1000 964 1047 πολλῶν,
992 994 1047 1045 ὥς
1068 1011 1178 1050 φασι,
1203 994 1442 1050 χρημάτων·
1470 995 1534 1035 καὶ

215 1056 290 1109 γὰρ
318 1050 364 1107 ἦν
391 1071 454 1094 και
484 1058 564 1095 τῶν
600 1052 879 1094 πλουτούντων
907 1052 928 1094 ὅ
957 1054 1122 1100 Πῶλος,
1159 1066 1233 1105 quo
1270 1053 1350 1091 loco
1378 1065 1453 1090 non
1482 1057 1538 1090 tc-

213 1126 315 1151 more
350 1113 514 1162 positum
551 1111 704 1150 videtur
742 1112 900 1150 verbum
935 1109 1157 1159 ἐκμελετᾶν,
1193 1122 1268 1160 quo
1306 1108 1541 1157 significatur

214 1169 348 1207 Polum
368 1181 390 1206 a
408 1167 548 1230 Gorgia
566 1168 717 1204 demum
737 1167 784 1204 ad
804 1166 896 1205 artis
914 1165 1182 1227 perfectionem
1200 1177 1283 1203 esse
1304 1164 1539 1214 perductum,

214 1224 354 1275 quippe
390 1224 455 1274 qui
485 1236 566 1260 sese
601 1222 805 1271 posteriore
833 1222 935 1260 vitae
973 1224 1097 1259 aetate
1125 1220 1167 1258 in
1194 1220 1276 1258 cius
1304 1219 1539 1269 disciplinam

214 1279 431 1318 tradidisset
459 1284 573 1316 antea
601 1278 676 1315 alia
704 1291 795 1315 usus
823 1276 1076 1315 institutione.
1142 1276 1250 1313 Haec
1276 1287 1366 1312 vero
1393 1274 1426 1312 si
1454 1287 1540 1323 pro-

215 1334 392 1373 babiliter
418 1333 628 1371 coniectata
646 1338 746 1379 sun,t
775 1337 908 1382 sponte
935 1331 1179 1382 consequitur
1205 1344 1254 1368 ne
1279 1330 1362 1368 Poli
1388 1329 1542 1392 quidem

218 1395 262 1428 ut
289 1389 501 1428 fervidioris
530 1388 669 1436 ingenii
700 1383 850 1426 iuvenis
887 1387 1117 1425 mentionem
1153 1385 1371 1424 idemtidem
1399 1385 1438 1423 in
1467 1398 1543 1423 ser

218 1458 328 1482 mone
360 1445 537 1482 iniectam
564 1444 771 1494 quidquam
798 1444 959 1489 habere,
997 1442 1098 1493 quod
1127 1454 1191 1480 cas
1227 1454 1322 1493 quas
1349 1441 1544 1490 posuimus

219 1500 384 1539 rationes
412 1499 550 1546 dialogi
579 1498 858 1546 chronologicas
895 1497 1028 1535 dubias
1065 1500 1133 1535 aut
1160 1501 1354 1547 suspectas
1390 1496 1546 1535 reddere

245 1556 349 1594 ossit.

219 1570 244 1606 p
301 1609 652 1648 Demonstravimus
688 1609 805 1656 igitur
840 1607 1044 1654 haetenus,
1082 1606 1148 1645 ubi
1175 1606 1367 1655 dialogum
1394 1592 1543 1658 Olymp.

223 1669 286 1712 93,
317 1670 353 1704 4.
384 1679 435 1699 =
466 1669 544 1703 405
576 1678 607 1701 a.
638 1665 724 1702 Chr.
766 1663 940 1702 habitum
969 1675 1052 1701 esse
1079 1666 1277 1712 putamus,
1315 1662 1423 1701 varia
1450 1668 1544 1701 tem-

219 1734 353 1771 porum
380 1720 520 1758 indicia
556 1720 619 1757 hie
647 1724 686 1758 et
723 1719 800 1757 illic
836 1719 877 1756 in
912 1731 956 1756 eo
992 1717 1160 1768 prodita,
1197 1718 1398 1756 dummodo
1436 1731 1544 1756 aecu-

219 1777 340 1814 ratius
378 1788 562 1825 perpensa
599 1775 761 1820 fuerint,
800 1774 895 1811 nihil
930 1773 1138 1836 quidquam
1173 1774 1310 1812 afferre
1337 1773 1544 1820 molestiae,

221 1832 360 1883 quippe
398 1844 517 1882 quum
554 1830 656 1868 illius
693 1830 872 1879 temporis
908 1829 1110 1867 memoriae
1155 1829 1268 1879 plane
1305 1829 1544 1868 conveniant.

222 1887 332 1928 Quod
360 1888 527 1936 profecto
554 1886 737 1923 eiusmodi
775 1890 853 1932 cst,
891 1889 936 1924 ut
963 1885 1068 1923 illam
1105 1897 1221 1923 unam
1256 1884 1442 1923 rationem
1478 1897 1545 1934 pro

220 1955 313 1981 vera
339 1942 571 1991 probandam
597 1954 679 1979 esse
707 1945 859 1989 arguat,
897 1953 1016 1991 quum
1042 1939 1139 1978 aliae
1166 1940 1378 1979 sententiae
1405 1941 1477 1978 hae
1504 1940 1545 1978 in

221 2011 355 2043 caussa
382 1997 549 2046 prolatae
578 1996 752 2034 maximis
780 2000 1001 2046 premantur
1026 1995 1327 2035 difficultatibus.
1365 1997 1547 2045 Superest

220 2053 339 2101 igitur
366 2053 436 2090 hoc
464 2065 593 2098 unum,
623 2057 666 2090 ut
693 2051 808 2090 etiam
835 2052 1110 2090 ostendendum
1123 2051 1188 2090 ‚sit
1215 2051 1383 2090 universi
1421 2050 1544 2100 operis

221 2112 485 2157 argumentum
532 2107 622 2144 huie
659 2106 817 2156 tempori
863 2107 975 2156 plane
1012 2118 1095 2144 esse
1131 2105 1379 2152 conveniens,
1426 2118 1545 2157 quum

220 2164 320 2201 idem
349 2163 433 2200 aliis
462 2162 712 2212 temporibus,
751 2162 889 2213 quibus
915 2161 989 2200 viri
1022 2161 1124 2200 docti
1151 2161 1342 2210 dialogum
1376 2161 1545 2210 assigua-

222 2223 380 2264 verunt,
409 2231 545 2268 parum
573 2230 778 2265 congruere
806 2217 1101 2256 existimandum
1127 2217 1190 2256 sit.
1244 2216 1355 2258 Quod
1393 2216 1546 2267 quidem

221 2274 310 2312 licet
348 2274 396 2311 ad
425 2286 508 2311 eam
543 2286 658 2323 quam
695 2272 931 2311 defendimus
976 2285 1148 2311 caussam
1182 2272 1427 2311 obtinendam
1461 2273 1546 2322 plu·

222 2329 360 2368 rimum
388 2329 569 2367 momenti
597 2329 720 2366 facere
748 2333 881 2378 sponte
910 2332 1109 2378 appareat,
1146 2331 1272 2367 tamen
1309 2340 1391 2367 rem
1415 2328 1546 2378 dispu-

222 2385 366 2424 tatione
394 2384 617 2423 brevissima
646 2383 841 2422 absolvere
869 2383 1084 2422 consultum
1119 2383 1318 2430 duximus,
1358 2383 1544 2435 siquidem

222 2453 299 2478 non
327 2453 421 2489 opus
448 2445 527 2486 est,
566 2445 606 2477 ut
636 2439 762 2477 omnia
789 2443 903 2490 atque
931 2439 1100 2488 singula,
1139 2452 1238 2490 quae
1267 2440 1343 2477 hue
1376 2439 1543 2477 revocari

222 2495 380 2545 possint,
409 2494 591 2543 singulari
621 2507 735 2544 opera
761 2507 1041 2546 persequamur.
1095 2495 1256 2534 Videtur
1281 2497 1408 2533 autem
1435 2494 1545 2532 nobis

224 2564 355 2589 eorum
383 2550 541 2595 rationi,
562 2550 644 2600 ·qui
683 2550 874 2599 dialogum
910 2550 957 2587 ad
987 2549 1075 2588 belli
1101 2549 1407 2600 Peloponnoeiaci
1434 2549 1545 2587 initia

223 2607 283 2644 vel
314 2606 362 2644 ad
391 2605 552 2654 Gorgiae
591 2605 817 2653 legationem
853 2618 898 2643 ac
933 2605 1138 2644 finitimum
1174 2606 1208 2644 ei
1247 2610 1396 2655 tempus
1422 2608 1543 2643 rettu-

224 2661 362 2708 lerunt,
388 2661 473 2711 ipsa
500 2660 666 2698 universi
696 2661 819 2710 operis
846 2673 994 2699 summa
1019 2661 1103 2699 ideo
1130 2660 1334 2707 adversari,
1359 2660 1452 2711 quia
1477 2660 1545 2699 illa

222 2722 347 2757 aetate
373 2730 497 2768 neque
526 2715 673 2755 Siculae
701 2716 940 2768 eloquentiae
967 2729 992 2754 a
1019 2717 1160 2767 Gorgia
1193 2717 1236 2756 in
1262 2715 1432 2756 Atticam
1459 2729 1543 2766 per·
