1702 2924
249 152 326 188 144
792 150 1049 209 rmroms

245 260 545 310 κατεθεωρεῖτο
581 255 651 298 καὶ
690 256 917 308 διεκρίνετο
954 257 980 312 ἥ
1018 247 1060 299 τε
1097 258 1328 313 ὀψοποιικὴ
1368 259 1439 301 καὶ
1462 259 1491 314 ἦ
1519 260 1578 302 ἰα-

244 323 363 376 τρική
377 354 388 371 .,
439 317 526 363 ἀλλ’
571 317 675 363 αὐτὸ
710 322 759 363 τὸ
801 323 920 375 σῶμα
957 320 1093 375 ἔκρινε
1140 323 1446 377 σταθμώμενοι)
1489 328 1580 374 ταῖς

245 385 385 439 χάρισι
422 389 513 435 ταῖς
550 387 656 438 πρὸς
693 381 823 436 αὐτό,
859 386 907 427 τὸ
944 393 1021 428 τοῦ
1043 382 1340 441 Ἀναξαγόρου
1378 387 1433 430 ἂν
1469 388 1579 430 πολὺ

244 445 311 503 ἦν,
341 443 375 490 ὦ
403 450 498 502 φίλε
531 452 653 491 Πῶλε
669 462 678 472 ·
720 445 773 491 σὺ
811 449 893 503 γὰρ
929 451 1093 492 τούτων
1128 449 1340 505 ἔμπειρος·
1376 451 1486 505 ὁμοῦ
1525 452 1578 494 ἂν

244 515 383 555 πάντα
426 515 615 568 χρήματα
651 513 830 567 ἑφύρετο
868 512 914 554 ἐν
948 519 1005 565 τῷ
1043 514 1179 570 αὐτῷ,
1219 515 1402 568 ἀκρίτων
1441 519 1578 558 ὄντων

244 580 330 619 τῶν
369 592 411 619 τε
453 579 651 631 ἰατρικῶν
688 578 758 621 καὶ
785 578 982 631 ὑγιεινῶν
1019 578 1088 620 καὶ
1127 579 1401 629 ὀψοποιικών.
1441 578 1464 621 ὃ
1501 581 1578 635 μὲν

243 638 324 683 οὖν
353 642 434 696 ἐγώ
461 657 570 697 φημι
596 642 675 696 τὴν
702 641 931 696 ῥητορικὴν
958 638 1089 691 εἶναι,
1129 643 1336 697 ἀκήκοας,
1363 644 1575 698 ἀντίστρο-

176 704 213 745 Ε
244 721 331 758 φον
366 706 592 757 ὀψοποιίας
632 705 678 748 ἓν
717 713 854 761 ψυχῇ,
893 706 949 755 ὡς
986 705 1120 749 ἐκεῖνο
1160 706 1206 748 ἐν
1243 709 1413 762 σώματι.
1456 705 1576 758 Ἴσως

241 770 319 824 μὲν
346 765 426 812 οὖν
453 773 616 812 ἄτοπον
642 771 873 824 πεποίηκα,
910 770 970 812 ὅτι
1001 781 1046 812 σε
1075 768 1154 813 οὐκ
1183 771 1264 813 ἐῶν
1290 769 1478 825 μακροὺς
1506 775 1572 815 λό-

241 850 345 888 γους
372 834 508 888 λέγειν
536 834 663 884 αὐτὸς
693 837 851 889 συχνὸν
888 836 1017 889 λόγον
1051 835 1301 878 ἄποτέτακα.
1354 837 1474 887 ἄξιον
1499 838 1576 891 μὲν

307 956 349 988 D.
386 956 456 988 nal
492 955 757 1000 διεκρίνετο]
802 956 841 988 V.
868 954 1091 997 αἰεκρηέτο,
1124 956 1214 1011 quod
1246 957 1372 991 habent
1403 958 1468 991 soli
1499 959 1576 991 Par.

242 1001 334 1076 EF.b
376 1001 465 1033 Tum
506 1011 622 1033 rursus
660 1005 740 1034 vett.
779 1000 870 1034 editt.
909 998 1132 1044 ὀψοποιητική
1191 1002 1309 1034 invitis
1348 1004 1484 1046 optimis
1520 1013 1575 1036 co-

242 1045 310 1078 dici
336 1055 388 1077 us.

308 1101 356 1131 χρ
371 1102 391 1132 η
400 1100 509 1128 ματα
534 1088 619 1130 &qm
600 1102 619 1122 v
613 1088 739 1133 ’ρετο]
777 1089 937 1131 Plerique
961 1090 1074 1130 codd„
1107 1091 1142 1123 in
1167 1101 1309 1133 quorum
1333 1102 1472 1124 numero
1495 1096 1574 1124 sunt

241 1134 342 1166 etiam
366 1133 481 1167 Clark.
515 1134 592 1166 Vat.
617 1134 702 1166 Ven.
730 1133 803 1167 ΞΣ.
836 1134 952 1175 Coisl„
975 1134 1132 1176 ἐφέρετο.
1157 1146 1341 1179 perperam.
1387 1135 1500 1168 Verba
1531 1135 1572 1167 ἐν

243 1182 287 1211 τιῦ
310 1176 402 1233 αὐτῷ
425 1178 597 1233 Hirschig
622 1183 660 1211 ut
682 1183 840 1234 suspecta
864 1180 962 1211 uncis
986 1178 1135 1212 seclusit.

307 1221 502 1265 ἀκρίτων
527 1221 676 1267 οντων]
724 1224 763 1255 V
795 1221 948 1264 ἀκρίτωι
981 1235 1013 1256 τε
1045 1221 1166 1256 braum
1221 1223 1288 1256 Sed
1320 1235 1352 1256 τε
1383 1223 1462 1256 libri
1495 1234 1572 1257 mss.

241 1279 308 1301 non
343 1272 535 1322 agnoscunt
570 1272 710 1311 excepto
740 1268 815 1300 Par.
848 1268 922 1300 EF.
954 1268 993 1300 In
1029 1268 1118 1300 Flor.
1152 1268 1174 1300 f.
1204 1279 1229 1301 s.
1268 1269 1430 1324 scriptum
1461 1275 1571 1302 exstat

240 1310 391 1352 ἀκρίτων
414 1310 442 1356 y'
466 1310 585 1345 ὄντων.
633 1312 819 1355 Vulgatum
850 1317 961 1345 autem
992 1312 1172 1346 verborum
1202 1312 1374 1354 ordinem,
1411 1311 1572 1356 ὔγιειιῶι·

239 1358 295 1390 καὶ
328 1356 512 1399 ἰατρικῶν,
545 1358 745 1390 auctoritate
777 1357 940 1390 librorum
970 1358 1337 1401 praestantissimorum
1360 1358 1571 1392 invertimus.

239 1461 320 1483 vero
344 1459 476 1490 caussa,
504 1459 565 1482 cur
592 1449 661 1490 fiat,
685 1454 740 1491 ut,
770 1460 874 1492 quum
943 1461 978 1482 το
1009 1448 1030 1494 ἦ
1070 1450 1239 1494 σύγχυσις.
1306 1450 1424 1484 Facile
1460 1457 1571 1485 autem

239 1495 422 1538 sophistice
460 1497 494 1527 et
532 1494 699 1527 rhetorice
739 1495 874 1528 commi·
940 1494 1046 1527 alicui
1075 1496 1111 1527 in
1142 1499 1289 1528 mentem
1327 1496 1443 1529 veniat
1472 1497 1570 1530 corri-

239 1543 413 1580 sceantur,
437 1542 548 1572 tamen
572 1549 632 1572 eae
655 1543 756 1580 artes,
787 1549 872 1581 quae
939 1550 1018 1582 gere
1043 1538 1065 1593 ῆ
1087 1550 1119 1572 τε
1142 1537 1327 1583 ὀψοποιικὴ
1357 1540 1412 1573 καὶ
1446 1539 1466 1583 ἡ
1490 1553 1570 1581 κομ-

239 1584 281 1617 ad
306 1594 428 1626 corpus
457 1584 664 1626 pertineant,
699 1594 768 1616 non
793 1594 871 1617 con·
939 1581 1078 1627 μωιική,
1140 1594 1299 1626 quorsum
1351 1585 1571 1628 Olympio

239 1628 337 1661 fundi
359 1628 504 1661 soleant.
548 1629 586 1661 In
618 1628 671 1660 his
701 1629 792 1661 enim
823 1628 872 1661 ait
941 1627 1035 1661 dori
1069 1628 1301 1671 interpretatio
1332 1629 1442 1662 ducat.
1504 1629 1570 1663 Sed

238 1673 380 1714 mentis,
431 1682 519 1714 quae
565 1672 695 1715 corpori
735 1673 871 1716 praesit,
939 1678 1027 1706 recte
1064 1683 1154 1705 nunc
1185 1673 1335 1716 loquitur
1365 1673 1407 1706 de
1438 1673 1570 1707 artibus

237 1717 383 1751 liberum
405 1727 479 1750 esse
502 1716 684 1758 iudicium,
708 1722 747 1749 ut
769 1717 870 1750 facile
939 1715 1095 1750 omnIbus
1137 1715 1181 1749 ad
1219 1728 1339 1760 corpus
1374 1719 1570 1771 pertinenti-

238 1762 381 1795 iudicari
402 1762 525 1804 possit,
557 1761 639 1804 quid
669 1762 789 1804 cuique
812 1762 870 1795 ha·
938 1760 1022 1803 bus,
1045 1762 1168 1804 quippe
1192 1772 1295 1804 quae,
1318 1762 1399 1795 licet
1421 1768 1455 1795 et
1475 1764 1569 1807 ipsae

238 1818 312 1840 rum
327 1807 450 1840 artium
467 1807 638 1859 proprium
655 1807 710 1839 sit.
734 1806 871 1849 Olym
939 1807 1026 1839 inter
1039 1817 1076 1839 se
1090 1811 1258 1849 cognatae
1275 1807 1344 1840 sint
1359 1808 1404 1850 (p.
1418 1806 1493 1841 464.
1504 1809 1542 1841 Β.
1544 1809 1569 1850 ),

237 1851 366 1894 piodo
378 1861 448 1884 rus
470 1852 556 1884 Ms.:
589 1848 685 1892 ἄξιοι·
709 1849 747 1883 δὲ
771 1853 869 1894 ζηιῆ-
937 1856 1050 1884 tamen
1074 1851 1116 1884 ab
1141 1851 1299 1884 omnibus
1330 1856 1420 1885 recte
1443 1852 1567 1886 discer-

240 1906 310 1934 σαι,
348 1892 403 1928 διὰ
443 1897 476 1927 τί
507 1894 685 1938 σοφιστικὴ
716 1895 781 1935 μὲν
812 1897 867 1928 καὶ
937 1900 1071 1928 uantur.
1116 1895 1221 1929 Cuius
1244 1899 1358 1929 tamen
1380 1898 1568 1930 sententiae

236 1938 400 1982 ρητορικὴ
430 1939 643 1982 συγχέονται,
675 1938 871 1994 κομμωτικὴ
936 1943 1171 1984 argumentum
1202 1941 1245 1973 ab
1269 1951 1339 1974 una
1361 1945 1431 1974 arte
1454 1942 1568 1984 coqui-

237 1984 276 2017 δὲ
305 1984 359 2017 καὶ
392 1981 618 2038 δψοποιηιικὴ
648 1982 707 2023 οὔ;
742 1984 867 2025 φαμὲν,
937 1985 1034 2018 naria
1056 1989 1089 2017 et
1120 1984 1287 2017 medicina
1315 1986 1454 2028 repetit3
1485 1987 1567 2019 artis

237 2028 284 2061 ὅτι
319 2027 327 2040 ‘
308 2026 479 2080 ηόψοποι
505 2026 574 2070 um}
603 2029 658 2060 καὶ
692 2026 712 2070 ἡ
736 2040 867 2083 κομμω-
937 2029 1109 2062 fucati-icis
1140 2033 1174 2061 et
1209 2031 1442 2072 gymnasticae
1476 2041 1566 2063 men-

236 2071 305 2116 τικὴ
308 2042 456 2106 ηεῖδωλά
499 2083 547 2106 στι
567 2071 728 2112 σώματος.
752 2072 786 2105 εἰ
801 2067 868 2126 αὖ»
937 2074 1061 2106 tionem
1086 2073 1215 2106 nullam
1236 2073 1360 2106 diserte
1384 2074 1473 2107 facit.
1526 2075 1563 2107 In

238 2122 333 2158 σῶμα
362 2115 465 2151 αὐτὰς
495 2116 741 2172 Bceytchuoxe,
787 2115 866 2160 σύγ-
936 2128 1002 2160 quo
1025 2127 1093 2150 non
1117 2121 1169 2150 est
1192 2117 1281 2159 quod
1305 2118 1515 2152 haereamus.

235 2172 330 2205 χυσις
370 2159 415 2194 ἂν
453 2161 508 2194 κα)
549 2159 663 2194 αυτῶν
704 2160 866 2215 ἐγίγνειο.

237 2210 308 2241 πῶς
330 2204 395 2250 γὰρ
422 2204 456 2238 τὸ
489 2209 584 2245 σῶμα
615 2204 649 2238 τὸ
680 2204 865 2260 κρατούμε-
979 2205 1024 2238 D.
1053 2204 1374 2245 σταθμώμενοι
1415 2211 1507 2242 ταῖς
1537 2219 1564 2250 χ.

235 2263 298 2283 νον
322 2255 392 2285 τοῖς
426 2249 463 2292 ἐξ
494 2248 608 2283 αὐτῶν
639 2248 767 2282 πάθεσι
797 2245 867 2305 εἶχε
937 2262 959 2282 ι.
971 2261 1027 2291 πρ.
1036 2248 1349 2294 a.]ponderaus
1373 2251 1565 2296 volupta—

236 2296 427 2336 &lanosi-m,-
462 2295 542 2327 vva!
569 2293 626 2332 δέ,
651 2294 769 2350 ἐπειδὴ
800 2293 865 2328 σώ-
936 2293 1055 2327 tibus
1086 2294 1138 2327 ad
1166 2295 1178 2327 i
1214 2306 1301 2328 sum
1330 2295 1565 2330 redundan-

234 2351 336 2379 ματος
368 2339 431 2379 μέν
454 2338 548 2372 &auu
570 2338 708 2378 εἴδωλα,
732 2336 752 2381 ἠ
777 2337 866 2394 ψιχὴ
936 2338 1065 2372 tibus.
1094 2356 1137 2363 —
1164 2351 1177 2371 ι
1239 2342 1310 2372 τοῦ
1340 2337 1474 2382 ’·.Αιαξ
1502 2338 1564 2373 ἄν.

235 2384 274 2416 δέ
313 2384 406 2416 ἐστιν
452 2381 472 2427 ἡ
522 2384 763 2424 ὃιακρίιοισα,
810 2383 865 2416 δια
935 2381 1043 2416 πολὺ
1082 2377 1148 2426 ἦν,
1187 2383 1275 2416 late
1310 2387 1481 2426 pateret
1516 2396 1562 2417 ac

235 2424 339 2461 τοῦτο
355 2425 399 2460 ot'·
431 2427 646 2483 συγχέοιται,
678 2430 733 2471 τῆς
757 2432 865 2504 ψιυχῆς
934 2429 1143 2470 frequens
1179 2432 1295 2461 esset
1325 2427 1435 2462 illud
1461 2430 1563 2462 Ana-

234 2471 462 2526 61001501'oqc.
489 2469 650 2516 ρητορική
674 2471 713 2505 δὲ
736 2473 790 2504 καὶ
808 2483 864 2505 σο·
933 2483 1015 2515 xag
1025 2482 1134 2505 orae.
1190 2472 1310 2505 Politic

235 2514 370 2569 φιστικὴ
400 2520 462 2570 ‘⁷72'
500 2520 608 2568 ψιχῆε
645 2516 787 2549 εἴδωλα·
831 2517 867 2550 εἰ
931 2483 1015 2550 282.
1023 2517 1064 2549 A.
1088 2516 1234 2559 Sophist.
1253 2526 1284 2559 p.
1293 2472 1480 2568 235280
1394 2518 1431 2550 Β.
1456 2518 1562 2561 Legg.

234 2554 300 2595 οὖν
323 2559 412 2603 ψυχὴ
437 2573 457 2604 η
482 2559 675 2602 adalanum
707 2565 778 2596 πῶς
800 2561 835 2604 ἔχ
836 2573 864 2594 ει
934 2562 957 2594 Ι.
973 2572 1006 2603 p.
1020 2559 1094 2594 633.
1112 2562 1236 2594 13·an
1254 2557 1288 2592 τὸ
1306 2559 1460 2602 ref-raptos
1476 2562 1558 2606 ἔγω-

234 2607 403 2648 διακρῖναι
457 2606 759 2660 καιακραιηθεῖσα
809 2607 862 2638 κα)
931 2616 969 2648 γε
1002 2604 1183 2659 πειρῴμηι
1221 2602 1266 2637 ἂι
1308 2604 1561 2648 &bynu-2021·

233 2648 576 2692 ιὶνδραποδισθεῖσα;
600 2648 683 2684 ‹fisze
708 2647 762 2683 διὰ
788 2654 861 2684 τοῦ·
932 2648 1010 2691 παρ’
1036 2647 1119 2692 ημῑι
1139 2647 1351 2694 γιγιόμειόν.
1394 2651 1473 2683 Alia
1502 2651 1560 2683 da-
