1690 2892
347 230 592 271 GORGIAS.
621 230 665 269 P.
698 231 790 268 502.
822 230 914 266 503.
946 227 1006 266 ed.
1038 226 1095 265 St.
1342 228 1422 263 265

65 348 239 391 κοινοῦ,
284 337 422 395 ὥςπερ
457 338 578 382 παισὶ
613 340 920 392 προςομιλοῦσι
955 339 1046 386 τοῖς
1083 336 1258 390 δήμοις,
1307 334 1422 388 χαρί-

66 408 214 458 ζεσθαι
243 407 390 455 αὐτοῖς
415 407 668 461 πειρώμενοι
692 404 845 458 μόνον,
876 403 912 444 εἰ
939 402 984 444 δὲ
1012 416 1060 456 γε
1090 402 1282 455 βελτίους
1306 399 1423 442 ἔσον-

64 487 133 514 ται
171 468 200 525 ἢ
239 472 407 526 χείρους
442 471 512 513 διὰ
549 477 705 520 ταῦτα,
750 469 880 512 οὐδὲν
917 467 1243 522 φροντίζουσινς
1287 467 1423 508 ΚΑΛ.
1454 466 1538 508 503

71 538 162 591 Οὐχ
192 537 359 579 ἁπλοῦν
397 534 457 578 ἔτι
493 543 622 578 τοῦτο
659 533 841 589 ἐρωτᾷς·
881 533 959 575 εἰσὶ
987 533 1064 588 μὲν
1101 532 1184 587 γὰρ
1223 534 1265 575 οἳ
1302 532 1425 586 κηδό-

67 617 188 657 μενοι
226 605 313 644 τῶν
355 604 544 644 πολιτῶν
582 599 779 655 λέγουσιν
814 602 842 641 ἃ
880 598 1104 653 λέγουσιν,
1156 597 1235 640 εἰσὶ
1274 595 1319 639 δὲ
1356 595 1427 638 καὶ

67 668 189 717 οἴους
217 668 271 710 σὺ
299 666 444 721 λέγεις.
501 668 604 708 ΣΩ.
639 662 840 720 Ἐξαρκεῖ.
885 666 920 706 εἰ
958 664 1040 719 γὰρ
1077 662 1149 706 καὶ
1178 663 1311 705 ’τοῦτό
1341 661 1428 704 ἐστι

67 734 263 781 διπλοῦν,
292 734 340 775 τὸ
370 733 448 787 μὲν
476 732 623 786 ἕτερόν
650 746 737 775 που
764 732 924 774 τούτου
951 730 1152 773 κολακεία
1181 730 1236 771 ἂν
1264 729 1328 783 ε’ίη
1357 727 1426 770 καὶ

67 799 220 854 αἰσχρὰ
249 799 512 854 δημηγορία,
557 800 605 840 τὸ
635 793 673 840 δ’
702 797 848 852 ἕτερον
885 797 1041 849 καλόν,
1079 796 1128 837 τὸ
1158 795 1426 849 παρασκευά-

69 867 179 917 ζειν,
210 862 326 914 ὅπως
354 865 411 913 ὡς
439 864 651 919 βέλτισται
678 861 848 906 ἔσονται
875 866 961 904 τῶν
988 864 1176 904 πολιτῶν
1205 861 1250 902 αἱ
1277 860 1425 915 ψυχαί,

67 929 138 972 καὶ
176 930 458 984 διαμάχεσθαι
497 929 677 984 λέγοντα
720 928 772 971 τὰ
811 928 1024 983 βέλτιστα,
1079 927 1159 968 εἴτε
1195 926 1304 981 ἡδίω
1345 926 1426 967 εἴτε

66 994 295 1050 αἠδέστερα
337 994 452 1037 ἔσται
490 999 581 1045 τοῖς
627 996 877 1038 ἀκούουσιν.
930 995 1018 1035 ἀλλ’
1070 994 1122 1036 οὐ
1160 993 1331 1034 πώποτε
1371 992 1426 1033 σὺ
1471 984 1509 1027 Β

67 1063 228 1115 ταύτην
255 1058 362 1110 εἶδες
388 1060 468 1115 τὴν
497 1060 747 1116 ῥητορικήν·
785 1056 813 1114 ἦ
850 1060 889 1101 εἴ
913 1075 1010 1102 τινα
1038 1057 1142 1114 ἔχεις
1178 1061 1266 1100 τῶν
1305 1058 1425 1112 ρητό-

68 1143 156 1180 ρων
183 1131 386 1170 τοιοῦτον
422 1127 575 1176 εἰπεῖν,
615 1127 656 1167 τί
692 1126 787 1180 οὐχὶ
824 1124 895 1168 καὶ
934 1125 1027 1180 ἐμοὶ
1064 1125 1198 1167 αὐτὸν
1237 1122 1426 1178 ἔφρασας

67 1194 129 1242 τίς
157 1191 269 1234 ἐστιν
279 1209 296 1241 ;
327 1194 462 1233 ΚΑΛ.
485 1188 609 1232 Ἀλλὰ
636 1191 694 1246 μὰ
719 1187 792 1232 Δί’
818 1191 898 1233 οὐκ
927 1188 1006 1245 ἔχω
1036 1188 1166 1245 ἔγωγέ
1196 1200 1260 1231 σοι
1293 1190 1427 1232 εἰπεῖν

68 1261 153 1299 τῶν
182 1272 228 1311 γε
256 1261 342 1299 νῦν
370 1257 564 1311 ῥητόρων
592 1256 760 1299 οὐδένα.
805 1258 903 1298 Σῼ.
940 1257 991 1297 Τί
1019 1254 1088 1306 δὲ;
1116 1258 1203 1298 τῶν
1230 1258 1427 1298 παλαιῶν

70 1321 174 1378 ἔχεις
209 1322 304 1364 τινὰ
343 1323 499 1372 εἰπεῖν,
541 1323 593 1364 δι’
632 1319 781 1364 ὅντινα
819 1322 959 1363 αἰτίαν
999 1319 1170 1376 ἔχουσιν
1202 1316 1426 1375 Ἀθηναῖοι

69 1390 264 1441 βελτίους
291 1386 533 1442 γεγονέναι,
577 1386 719 1443 ἐπειδὴ
759 1386 920 1436 ἐκεῖνος
956 1387 1110 1441 η”ρξατο
1151 1388 1426 1442 δημηγορεῖν,

69 1453 116 1496 ἐν
142 1460 200 1508 τῷ
228 1455 423 1508 πρόσθεν
451 1446 591 1509 χρόνῳ
619 1453 789 1508 χείρους
817 1455 959 1503 ὄντεςς
1004 1452 1086 1507 ἐγὼ
1116 1452 1194 1506 μὲν
1232 1453 1316 1508 γὰρ
1346 1453 1427 1495 οὐκ

134 1623 173 1655 Ρ.
197 1621 275 1656 503.
309 1626 430 1655 τοῦτο
462 1620 650 1666 ἐρωτᾷς]
682 1622 724 1655 V.
750 1625 849 1654 τοῦτο
873 1619 892 1654 ὂ
919 1621 1062 1666 ἐρωτᾷς.
1109 1621 1177 1655 sed
1202 1620 1221 1655 ὃ
1243 1626 1337 1655 recte
1360 1633 1426 1656 om.

70 1669 148 1721 Pas.
182 1669 251 1700 IV.
282 1668 376 1701 Flor.
407 1667 442 1700 b.
472 1673 506 1700 et
537 1667 706 1701 Aristides
737 1668 779 1700 T.
803 1668 848 1702 ΙΙ.
879 1678 911 1711 p.
935 1666 1013 1701 275.
1058 1668 1311 1710 Expellendum
1340 1668 1429 1700 vidit

69 1713 546 1801 Ηθιιῑίέῗῐῇδιαμάχεσθαι
584 1757 788 1801 λέγοντα]
842 1757 947 1790 Editt.
987 1769 1106 1791 omnes
1144 1758 1199 1790 καὶ
1241 1756 1298 1791 ἀεὶ
1337 1758 1427 1798 διαμ.

71 1805 182 1837 Omisi
206 1801 260 1836 αἐὶ
295 1814 373 1836 eum
400 1803 518 1836 Clark.
542 1803 645 1836 vind.
679 1803 709 1836 1.
735 1803 766 1836 6.
790 1804 866 1836 Par.
900 1803 1075 1836 BCFIV.
1106 1803 1198 1836 Flor.
1230 1805 1262 1839 b.
1293 1804 1315 1836 f.
1341 1815 1368 1836 s.
1393 1815 1425 1836 x.

72 1850 232 1882 Ceterum
256 1848 416 1892 λέγοντας
441 1849 546 1884 ΟοίεΙ.
572 1849 674 1881 vind.
699 1848 732 1882 6.
755 1849 833 1882 Par.
859 1848 958 1881 CEF
971 1850 1025 1882 W.
1049 1849 1142 1882 Flor.
1167 1860 1197 1882 a.
1221 1860 1248 1882 e.
1274 1860 1300 1882 s.

68 2008 274 2050 χαριζεσθαι
330 2010 401 2041 τοῖς
453 2007 614 2046 θεαταῖς,
673 2010 713 2039 ut

69 2053 187 2107 paullo
211 2056 292 2085 ante
315 2051 463 2085 dicebat.
827 2006 910 2050 08Ρ·
952 2006 1080 2039 LVIII.
1127 2007 1166 2039 P
1205 2005 1283 2040 503
1344 2005 1427 2049 Ουχ

780 2048 955 2085 ἆπλοῦι
987 2053 1051 2085 ἔτι
1083 2055 1209 2085 τοῦτο
1243 2051 1426 2096 ἐρωτᾷς]

780 2098 825 2130 H.
851 2108 880 2133 e.
904 2097 990 2130 duas
1019 2108 1074 2130 res
1097 2098 1244 2130 multum
1275 2098 1366 2130 inter
1389 2109 1426 2131 se

114 2109 215 2130 οιον
240 2097 410 2130 παίδων
433 2097 617 2130 τε-καὶ
643 2109 711 2140 γυ-

75 2142 250 2187 ναικῶι]
275 2142 574 2175 Heindorfius
598 2154 642 2175 ex
657 2142 712 2175 his

71 2188 185 2221 verbis
210 2188 343 2231 colligit
360 2188 423 2220 illa
439 2188 575 2231 quidem
600 2192 712 2220 aetate

71 2234 234 2267 mulieres
249 2244 436 2276 servosque
453 2234 548 2266 aditu
573 2233 617 2266 ad
638 2245 711 2276 spe·
726 2268 730 2271 χ

72 2279 206 2312 ctaeula
229 2279 367 2312 scenica
397 2290 467 2311 non
498 2280 604 2312 fuisse
636 2290 714 2322 pro-

70 2324 218 2363 hibitos,
252 2328 450 2367 comparato
490 2325 593 2358 etiam
634 2325 712 2357 1000

70 2371 179 2413 Legg.
203 2370 280 2402 V11.
303 2380 335 2412 p.
359 2368 435 2403 817.
462 2369 500 2403 C.
537 2369 632 2403 Idem
655 2381 713 2412 ap-

71 2421 169 2458 paret
191 2426 210 2448 e
233 2416 340 2458 Legg.
363 2415 408 2447 11.
431 2425 465 2458 p.
480 2414 558 2448 658.
574 2416 629 2455 D.,
651 2415 713 2448 ubi

72 2471 105 2493 v.
137 2471 217 2493 ann.
264 2461 348 2493 Rem
384 2464 575 2493 tractarunt
604 2471 714 2503 nuper

73 2507 247 2548 copiosius
270 2504 440 2538 Iacobs.
463 2506 500 2538 in
517 2505 607 2539 libro
634 2506 713 2538 Ver-

73 2551 208 2583 miachte
231 2550 406 2593 Schrzften
439 2551 478 2586 T.
503 2551 566 2585 ΙΙΙ.
591 2562 622 2593 p.
646 2550 714 2585 303

75 2607 170 2638 seqq.
194 2596 249 2629 W.
274 2597 318 2628 H.
342 2597 523 2637 Pa,ss0w
546 2597 583 2628 in
606 2596 714 2629 diario

74 2642 420 2674 Zimmermanni
457 2641 621 2684 inscripto
656 2642 714 2674 Αί-

71 2686 465 2727 terckumswisseusclzaft
502 2697 580 2719 ann.
616 2685 713 2720 1837.

71 2741 126 2765 no,
149 2730 206 2764 29.
227 2732 406 2764 Becker.
429 2731 463 2764 in
491 2732 650 2764 Charicle
674 2733 713 2764 T.

71 2776 116 2808 11.
139 2787 172 2820 p.
195 2775 274 2810 251.
304 2778 345 2809 T.
370 2777 434 2809 111.
464 2788 496 2820 p.
523 2775 588 2810 128
619 2788 713 2820 seqq.

781 2143 935 2176 diversas
965 2144 1035 2175 iam
1067 2143 1269 2184 confundis;
1309 2143 1426 2176 discri-

781 2199 859 2221 men
884 2189 975 2221 enim
998 2189 1065 2221 hoo
1089 2189 1179 2222 inter
1197 2194 1350 2222 oratores
1367 2189 1426 2222 ob-

781 2235 883 2275 tinet,
917 2234 1007 2276 quod
1039 2234 1102 2266 alii
1127 2235 1254 2267 civium
1279 2235 1424 2267 salutem

781 2280 824 2312 ob
849 2280 969 2312 oeulos
986 2279 1126 2318 habent,
1152 2280 1214 2312 alii
1232 2280 1423 2335 negligunt.

826 2325 866 2357 Β.
900 2323 1060 2367 ταύτην
1093 2337 1129 2357 ει
1124 2320 1218 2359 δες
1251 2324 1326 2367 τὴν
1359 2337 1425 2367 ρη-

783 2370 937 2412 τορική
949 2370 985 2414 ν]
1034 2370 1156 2410 Illam,
1180 2381 1268 2412 quae
1292 2370 1327 2402 id
1351 2381 1426 2413 spe-

782 2421 869 2455 ctat,
915 2419 955 2447 ut
994 2416 1121 2447 civium
1166 2415 1273 2447 animi
1321 2426 1426 2458 quam

782 2461 902 2504 optimi
926 2460 1120 2516 {eddantun

828 2508 868 2538 τί
896 2503 945 2538 οὐ
954 2506 991 2548 χὶ
1017 2525 1062 2530 -
1085 2505 1308 2549 ἔφρασας]
1335 2516 1424 2548 age,

782 2551 890 2584 mihi
913 2551 1042 2583 illam
1075 2554 1290 2593 protenus
1315 2551 1425 2582 indi-

783 2607 841 2629 ca.
867 2607 898 2630 v.
923 2596 967 2629 ad
989 2596 1209 2639 Phaedon.p
1188 2607 1220 2639 p.
1245 2595 1300 2629 86.
1324 2597 1369 2628 D.
1393 2600 1427 2628 et

783 2642 941 2684 SymPOS.
979 2652 1011 2684 p.
1043 2640 1119 2675 173.
1152 2643 1191 2674 B.
1252 2641 1425 2673 Proximis

783 2686 899 2720 verbis
923 2687 1150 2729 philosophus
1182 2686 1306 2719 acerbe
1330 2690 1425 2718 nota-

783 2733 834 2765 vit
857 2742 939 2764 suae
963 2733 1085 2765 aetatis
1109 2735 1271 2765 oratores.

829 2777 976 2809 αἰτίαν
1007 2778 1186 2820 ἔχουσιν
1218 2774 1424 2818 Ἀθηναῖ-
