1696 2976
189 123 244 165 84
733 129 1031 165 PLA'roms

187 249 281 293 ταῖς
303 237 453 294 ἄλλαις
475 236 666 300 πράξεσι.
691 241 765 285 καὶ
786 243 920 287 ταῦτα
943 243 1145 288 ποιοῦσιν
1167 245 1212 288 οἰ
1230 240 1414 300 μάλιστα
1437 241 1573 289 δυνά-

185 325 308 365 μενοι
337 306 541 365 μάλιστα·
572 305 756 365 μάλιστα
775 308 824 353 δὲ
854 306 1062 355 δύνανται
1086 311 1131 355 οἱ
1150 308 1477 368 πλουσιώτατοι,
1501 310 1574 355 καὶ

186 377 230 419 οἱ
257 373 424 420 τούτων
461 378 573 428 υἱεῖς
596 379 862 433 πρωιαίτατα
887 380 949 429 είς
981 374 1257 422 διδασκάλων
1294 379 1371 435 τῆς
1405 375 1575 434 ἡλικίας

185 439 417 500 ἀρξάμενοι
447 442 604 499 φοιτᾶν
627 439 856 496 ὀψιαίτατα
885 442 1239 490 ἀπαλλάττονται.
1294 442 1497 490 Ἐπειδὰν
1526 444 1575 489 δὲ·

187 510 234 552 ἐκ
259 506 538 554 διδασκάλων
570 507 902 567 ἀπαλλαγῶσιν,
933 508 960 567 ἡ
985 509 1107 563 πόλις
1138 503 1195 556 αὖ
1216 509 1316 564 τούς
1347 529 1393 556 τε
1415 509 1577 569 νόμους

187 573 416 633 ἀναγκάζει
453 574 701 634 μανθάνειν
731 576 804 623 καὶ
842 576 949 623 κατὰ
979 576 1158 631 τούτους
1188 580 1265 635 ζῆν
1295 576 1402 623 κατὰ
1434 576 1575 636 παρά-

188 647 364 701 δειγμα,
412 646 487 689 ’ἵνα
517 642 574 702 μὴ
609 642 732 689 αὐτοὶ
764 642 833 703 ἐφ’
869 642 1016 690 αὑτῶν
1049 646 1145 704 εἰκῇ
1173 643 1443 704 πράττωσιν,
1474 643 1572 689 ἀλλ’

184 708 372 768 ἀτεχνῶς
394 708 541 770 ὥσπερ
559 713 605 755 οἱ
623 713 937 770 γραμματισταὶ
954 722 1043 765 τοῖς
1066 710 1194 770 μήπω
1214 715 1373 765 δεινοῖς
1390 711 1576 770 γράφειν

181 779 271 822 τῶν
300 781 473 823 παίδων
502 776 831 836 ὑπογράψαντες
862 776 1059 837 γραμμὰς
1082 782 1134 838 τῇ
1164 783 1348 838 γραφίδι
1377 777 1490 824 οὕτω
1524 776 1573 824 τό

181 855 475 904 γραμματεῖον
506 844 678 891 διδόασι
709 847 783 891 καὶ
821 843 1108 903 ἀναγκάζουσι
1139 845 1327 904 γράφειν
1356 844 1463 891 κατὰ
1493 844 1575 903 τὴν

271 975 312 1008 C.
336 972 381 1008 οἷ
409 969 607 1017 μάλιστα
639 974 734 1009 δυν.
767 971 979 1019 μάλιστα]
1015 977 1117 1009 Libri
1135 972 1174 1009 οἴ
1188 976 1305 1016 (Bodl.
1321 970 1383 1020 οὖ)
1413 972 1573 1018 μάλιστα

182 1018 265 1053 δυν.
283 1019 445 1052 Alterum
461 1014 621 1061 μάλιστα
646 1031 689 1052 ex
704 1020 905 1053 Heindorfii
929 1021 1141 1054 coniectura
1163 1021 1339 1061 additum,
1373 1022 1435 1063 qui
1452 1024 1572 1054 recte:

182 1063 287 1105 Quid,
303 1065 432 1106 inquit,
451 1064 511 1106 qui
527 1074 598 1096 non
611 1068 764 1106 possunt
786 1065 902 1108 magis
925 1075 1031 1107 quam
1054 1066 1165 1099 ceteri
1182 1060 1390 1108 (μάλιστα),
1415 1075 1498 1097 num
1515 1066 1572 1098 fa-

182 1119 264 1141 cere
280 1109 473 1152 negligunt
488 1110 655 1151 prorsus?
671 1110 751 1142 Hoc
775 1109 899 1142 dicens
915 1108 1135 1153 Protagoras
1159 1120 1261 1142 suam
1283 1111 1361 1153 ipse
1384 1120 1572 1153 argumen-

178 1154 355 1196 tationem
369 1153 647 1193 labefactat-sset.

268 1192 383 1231 κατὰ
415 1192 607 1237 τούτους
635 1193 860 1250 ζῆν’κατά
892 1193 1205 1249 παράδειγμα]
1240 1197 1399 1241 Elegans
1418 1202 1473 1231 est
1489 1209 1573 1231 con-

178 1242 540 1276 iecturaHeindorfii:
557 1253 653 1276 κατα
669 1253 823 1282 τουτους
840 1242 908 1286 ζῆν
922 1243 1100 1286 καθαπερ
1116 1238 1368 1286 παράδειγμα,
1387 1244 1409 1275 i.
1427 1254 1457 1276 e.
1475 1243 1572 1276 καθ-

179 1283 274 1331 άπερ
297 1282 394 1321 κατὰ
416 1282 670 1332 παράδειγμα.
718 1288 787 1320 Sed
803 1299 836 1323 v.
868 1289 1008 1321 Hanow
1024 1287 1202 1322 Exercitt.
1220 1288 1256 1320 in
1280 1287 1379 1322 Com.
1398 1287 1527 1322 Graec.
1544 1288 1572 1322 1.

179 1343 213 1375 p.
232 1335 307 1366 140.
328 1333 493 1366 Dobreus
525 1332 571 1365 ad
594 1333 774 1375 Aristoph.
806 1333 902 1366 Plut.
920 1343 953 1366 v.
971 1333 1046 1367 314.
1095 1331 1271 1365 Schaefer
1288 1332 1334 1365 ad
1349 1332 1451 1367 Lam.
1483 1332 1570 1367 Bos.

178 1388 214 1420 p.
232 1378 314 1418 7823
333 1378 379 1410 cf.
398 1387 482 1411 ann.
499 1377 544 1409 ad
561 1388 596 1420 p.
613 1379 678 1410 337
694 1377 735 1410 Ε.

266 1422 312 1454 D.
337 1416 384 1454 τὸ
409 1424 724 1466 γραμματεῖον
747 1416 948 1464 διδόασι]
973 1423 1015 1455 V.
1033 1416 1282 1465 γραμμάτιον,
1307 1421 1400 1464 quod
1425 1433 1444 1456 e
1468 1421 1568 1455 Bodl.

179 1469 215 1499 et
231 1467 316 1502 Vat.
329 1466 489 1499 Bekker.
507 1466 670 1500 mutavit.

177 1588 249 1611 non
279 1577 439 1619 videtur,
471 1578 557 1619 quin
588 1578 691 1620 pueri
713 1577 841 1610 iisdem

176 1623 295 1662 annis,
311 1624 438 1665 quibus
457 1622 702 1655 litteraturam
719 1626 756 1654 et
767 1631 843 1654 mu-

176 1668 289 1700 sicam
296 1667 531 1709 docebantur,
540 1667 841 1710 corporumetiam

178 1713 431 1745 exercitationi
441 1712 478 1744 in
491 1711 678 1754 palaestra
686 1721 841 1745 vacave-

176 1757 259 1789 rint.
276 1757 422 1789 Eisdem
431 1759 551 1789 autem
559 1757 710 1797 artibus,
720 1766 812 1798 quas
821 1766 843 1788 a

176 1801 393 1844 paedotriba
417 1801 637 1840 didicerant,
669 1804 799 1844 postea
822 1811 841 1832 e

175 1847 299 1888 pueris
317 1846 455 1888 egressi
471 1847 509 1878 in
525 1847 723 1889 gymnasiis
739 1845 839 1878 nullo

175 1890 327 1923 docente
343 1901 488 1932 operam
504 1890 690 1923 dederunt.

221 1936 260 1969 C.
278 1935 565 1978 πρωιαίτατα
584 1961 592 1968 .
619 1961 626 1969 .
645 1934 725 1977 τῆς
741 1930 839 1985 ἡλιῑ

174 1990 196 2012 κ
207 1979 252 2012 ία
260 1978 291 2022 ς]
332 1979 427 2012 Poll.
483 1980 609 2012 Onom.
643 1982 671 2012 1.
709 1981 768 2012 69:
796 1989 838 2011 το

174 2034 203 2056 π
226 2024 410 2057 ωιαίτατα
483 2022 549 2057 καὶ
631 2019 838 2066 ὀψιαίτατα

175 2079 245 2102 ουκ
288 2063 350 2102 ἐπὶ
391 2063 532 2111 ἡμέρας
569 2066 704 2112 μέρους
751 2062 835 2101 ἀλλ’

175 2108 237 2146 ἐπὶ
253 2108 389 2164 χρόνσυ
406 2111 553 2164 λέγεται
572 2138 580 2146 .
601 2139 608 2146 .
626 2109 675 2152 ὡς
691 2108 840 2165 ἐπὶτῶν

174 2169 210 2191 τι
225 2168 465 2201 πραττοντων
485 2167 556 2200 προ
579 2168 713 2200 καιρου
736 2169 759 2200 η
775 2167 839 2200 με·

174 2197 221 2235 τὰ
236 2197 382 2245 καιρόν,
399 2199 494 2245 πρωὶ
516 2201 583 2245 τῆς
605 2197 755 2244 ἡλικίας
771 2199 836 2234 καὶ

173 2247 422 2291 πρωιαίτερον
471 2245 538 2280 καὶ
587 2246 837 2290 πρωιαίτατα,

174 2286 246 2333 ὀψὲ
283 2291 350 2335 τῆς
390 2287 562 2335 ἡλικίας,
600 2286 835 2334 ὀψιαίτερον,

174 2330 395 2379 ὀψιαίτατα,
412 2346 447 2371 v.
463 2347 497 2379 p.
515 2338 581 2370 310
598 2335 636 2369 O.
752 2348 764 2356 ⁸

231 2376 239 2389 ²
259 2377 448 2420 πόλις-
463 2375 714 2424 ἀναγκάζει
730 2391 835 2423 μαν·

173 2424 362 2469 θανειν]
395 2425 499 2468 Apud
529 2425 839 2459 Lacedaemonios

173 2470 328 2512 quidem,
361 2480 510 2512 quorum
540 2470 643 2513 leges
674 2465 837 2513 (ῥῆτραι)

174 2526 246 2548 non
277 2515 434 2558 scriptae
466 2518 606 2557 essent,
636 2513 673 2547 id
701 2515 837 2547 factum

176 2563 248 2600 est;
287 2560 352 2593 sed
388 2559 432 2591 dc
464 2560 534 2592 tali
562 2559 837 2592 Atheniensium

174 2615 261 2638 cura
290 2604 439 2648 publica
462 2604 566 2643 nihil,
596 2604 693 2646 quod
713 2604 838 2644 sciam,

175 2649 320 2682 aliunde
345 2651 499 2682 constat.
538 2648 622 2681 Solo
644 2649 723 2692 ipse
741 2646 837 2691 apud

173 2695 376 2727 Lucianum
393 2692 610 2736 (Anachars.
627 2703 658 2725 c.
675 2692 731 2733 22)
749 2692 833 2734 soy-

173 2739 259 2771 thae
281 2739 338 2771 illi
359 2739 492 2781 hospiti
519 2738 625 2770 dicit:
658 2733 836 2781 ᾇυθμίζο-

173 2794 243 2826 μεν
255 2779 322 2822 τὰς
342 2779 491 2826 γνώμας
513 2781 603 2824 (τῶν
625 2780 751 2834 νέων),
775 2776 836 2815 νό-

173 2838 266 2871 μους
281 2839 320 2861 τε
336 2823 424 2867 τοὺς
439 2822 589 2866 κοινοὺς
596 2821 838 2860 ἐκδιδάσκον-

906 1587 979 1619 τες,
997 1575 1035 1610 οἳ
1055 1575 1220 1629 δῃμοσίᾳ
1239 1576 1331 1610 πᾶσι
1352 1571 1571 1619 πρόκεινται

907 1616 1201 1676 άναγιγνωσκειν
1212 1631 1259 1664 με
1282 1616 1388 1660 danes
1403 1616 1571 1665 γράμμα-

908 1676 970 1700 σιν
1005 1676 1248 1709 αναγεγραμμ
1271 1676 1344 1700 νοι.
1395 1666 1569 1699 Andocid.

908 1722 959 1744 or.
976 1711 1003 1749 1,
1021 1712 1082 1744 84:
1115 1705 1201 1749 τοὺς
1223 1708 1475 1754 κυρουμένους
1496 1710 1571 1744 τῶν

910 1751 1035 1799 νόμων
1063 1749 1301 1798 ἀναγράφειν
1330 1751 1383 1793 εἰς
1404 1749 1472 1788 τὸν
1494 1757 1570 1788 τοῖ-

910 1811 977 1843 χον
1010 1826 1017 1833 .
1038 1825 1046 1833 .
1077 1802 1232 1833 σκοπεῖν
1261 1798 1311 1844 τῷ
1343 1797 1566 1843 βουλομένῳ.

906 1846 1201 1887 Harpocrat.s.v.
1218 1839 1237 1876 ὁ
1254 1840 1430 1878 κάτωθεν
1445 1839 1568 1887 νόμος.

904 1890 998 1923 Poll.
1008 1889 1135 1922 Onom.
1144 1889 1242 1922 VIII.
1253 1890 1327 1923 128.
1344 1888 1569 1931 Publiceigi-

906 1937 964 1966 tur
985 1934 1074 1967 illae
1097 1933 1198 1976 leges
1221 1934 1430 1976 propositae
1453 1936 1568 1975 erant,

905 1981 946 2011 ut
961 1978 1053 2011 disci
1074 1981 1240 2021 possent3
1265 1981 1302 2011 et
1322 1977 1570 2019 discebantur,

906 2024 994 2065 quia
1010 2023 1041 2055 si
1057 2023 1161 2056 ouius
1169 2022 1569 2064 scientiamfugiebant‚

906 2068 969 2109 qui
985 2068 1041 2100 sui
1056 2067 1146 2100 iuris
1171 2070 1288 2108 esset,
1314 2077 1394 2099 cum
1411 2067 1569 2109 imperiti

904 2111 1127 2145 incommodo
1142 2111 1179 2143 id
1196 2111 1333 2145 factum
1350 2114 1423 2153 est,
1447 2121 1480 2145 v.
1497 2111 1568 2144 Ae-

902 2157 1016 2189 schin.
1033 2166 1083 2191 or.
1102 2158 1132 2198 1,
1151 2157 1202 2191 18.

947 2222 991 2255 D.
1030 2217 1165 2275 αυτο)
1189 2216 1260 2265 ἐφ’
1290 2216 1442 2255 αὐτῶν
1464 2218 1565 2275 ectu-5

903 2266 1073 2365 'Sigei-ati:
1081 2277 1342 2363 greossbapoffyftzf
1356 2292 1403 2344 πε
1415 2269 1567 2362 ιιθιῗιξὲειὲ

903 2366 1079 2411 νεμόνται
1102 2366 1224 2399 ωσπερ
1245 2366 1393 2407 αφετοι,
1412 2366 1478 2407 ἀπ’*
1492 2364 1566 2405 που

903 2411 1110 2444 αυτοματοι
1135 2409 1356 2445 περιτυχωσι
1385 2410 1430 2443 τῃ
1451 2409 1566 2442 αρετῃ

902 2457 937 2489 p.
954 2448 1019 2479 320
1033 2446 1074 2479 A.
1093 2446 1140 2479 cf.
1157 2456 1193 2488 p.
1208 2447 1273 2479 323
1289 2445 1329 2479 ο.

949 2507 1303 2556 ὖπογράψαντες
1339 2507 1562 2553 γραμμὰς]

905 2557 1023 2590 Hodie
1045 2558 1148 2600 pueri
1169 2559 1255 2589 ante
1276 2565 1382 2597 qnam
1403 2555 1563 2597 singula-

905 2612 983 2635 rum
1012 2601 1214 2635 litterarum
1245 2601 1384 2633 formae
1411 2601 1485 2632 suis
1520 2609 1563 2631 ac

902 2647 1056 2690 propriis
1064 2646 1230 2679 ductibus
1245 2645 1407 2677 lineatae
1424 2644 1471 2676 iis
1486 2644 1564 2676 imi-

902 2691 1036 2725 tandae
1077 2692 1339 2734 proponuntur,
1381 2689 1563 2722 variorum

903 2745 1075 2779 generum
1097 2734 1264 2769 ductibus
1294 2744 1336 2766 ac
1358 2733 1468 2765 lineis
1490 2733 1561 2765 for·

903 2781 1042 2813 mandis
1074 2783 1302 2818 exer-centum
1334 2777 1427 2810 talia
1447 2777 1562 2809 linea-

904 2829 1039 2867 menta,
1055 2825 1185 2866 quibus
1206 2823 1343 2866 figurae
1359 2823 1562 2855 litterarum
