1682 2944
414 148 488 186 AD
517 146 762 186 GORGIAM
789 145 1060 184 PLATONIS.
1354 146 1403 182 61

58 261 196 311 pediit,
233 274 283 298 ne
311 261 477 311 populus
504 261 546 298 in
573 259 759 308 suffragia
787 258 1027 305 mitteretur,
1062 260 1109 296 ut
1135 257 1281 295 scilicet
1308 256 1408 295 vita-

58 322 166 356 retur
210 317 426 357 iniustitiae
473 317 638 355 dedecus
686 319 726 354 ct
763 315 985 364 ignominia,
1033 314 1131 352 conf.
1179 313 1407 363 Xenoph.

59 374 212 412 Hellen.
251 375 283 420 I,
325 375 371 421 7,
411 375 578 412 9—16.
618 372 701 410 coll.
732 373 847 410 Mem.
877 373 946 418 IV,
982 375 1028 417 4,
1070 373 1106 409 2.
1136 375 1176 409 et
1212 371 1407 409 Platon.

58 430 221 480 Apolog.
250 431 395 469 Socrat.
422 444 459 481 p.
481 433 545 467 32.
574 430 619 467 Β.
649 429 689 466 C.
708 429 768 476 D„
798 441 874 479 quo
902 428 984 465 loco
1014 428 1190 466 Socrates
1215 427 1298 477 ipsc
1326 440 1409 464 rem

57 487 224 525 dilucide
254 487 422 537 exponit.
480 486 614 524 Habes
643 498 735 524 vero
771 485 848 522 iam
877 497 1028 522 omnem
1056 484 1286 522 indiciorum
1312 487 1408 535 tem-

58 544 160 593 poris
188 544 230 581 in
259 543 400 592 Gorgia
417 542 618 581 obviorum
646 541 876 581 varietatem
904 544 944 579 et
962 541 1262 588 multitudinem,
1292 553 1409 592 quam

58 604 162 638 certe
189 602 338 639 tantam
376 612 459 638 esse
497 602 677 649 apparet,
716 602 762 636 ut
797 598 902 636 haud
940 611 1033 635 sane
1070 597 1212 635 mirum
1250 597 1408 644 accidat,

58 657 161 708 quod
188 655 263 695 viri
290 655 499 694 doctissimi
536 655 580 692 in
617 654 844 693 definiendis
883 654 1062 705 colloquii
1101 654 1340 704 temporibus
1367 654 1409 690 in

57 717 187 763 partes
215 713 309 751 adeo
337 713 510 751 diversas
540 711 730 758 abierunt,
758 714 804 750 ut
831 711 880 749 ad
908 710 1013 748 hunc
1041 724 1165 762 usque
1194 711 1296 749 diem
1315 710 1409 762 quid

55 770 214 807 tandem
240 770 297 807 rei
324 769 376 807 sit
403 769 574 806 nondum
609 768 852 818 exploratum
890 767 1091 805 habeatur.
1147 767 1409 806 Nihilominus

57 829 197 872 autem,
228 826 343 864 sicuti
370 827 448 863 iam
476 829 592 864 antea
620 824 849 871 censuimus,
879 837 1028 862 summo
1057 823 1296 873 dialogorum
1317 824 1409 862 arti—

56 882 118 919 fici
147 886 447 921 consentaneum
476 885 536 920 est
563 884 710 920 certum
730 881 887 932 aliquod
906 884 1058 930 tempus
1086 882 1134 919 ob
1164 881 1294 918 oculos
1324 894 1408 919 esse

56 942 272 986 versatum,
313 939 376 976 cui
403 951 555 976 omnem
592 951 807 977 sermonem
835 937 1196 984 accommodaverit,
1236 938 1408 989 quando-

56 995 212 1046 quidem
239 995 410 1046 alioquin
437 995 485 1033 de
514 994 608 1033 artis
635 994 786 1043 legibus
817 997 946 1032 actum
973 994 1091 1041 foret,
1120 1007 1220 1045 quae
1249 994 1291 1032 in
1320 1007 1408 1032 con-

56 1052 180 1089 dendo
200 1051 271 1090 tali
288 1065 402 1102 opere
420 1051 633 1090 necessario
656 1051 918 1089 observandae
939 1051 1110 1089 fuerunt.
1149 1049 1408 1091 Quamobrem

56 1108 135 1146 iam
161 1109 318 1146 tandem
346 1108 525 1146 accedere
553 1108 683 1146 licebit
711 1109 760 1145 ad
788 1107 1055 1157 exponendam
1084 1120 1170 1144 eam
1198 1108 1246 1145 de
1265 1108 1408 1156 dialogi

57 1165 293 1215 temporibus
312 1164 554 1211 sententiam,
584 1177 662 1216 qua
679 1165 841 1214 probata
866 1177 998 1201 omnes
1017 1163 1278 1211 difficultates,
1307 1178 1406 1215 quae

54 1221 129 1259 hac
155 1221 198 1259 in
226 1234 360 1259 caussa
386 1221 513 1259 locum
532 1222 674 1259 habere
693 1221 800 1260 visae
828 1224 931 1267 sunt,
961 1233 1191 1259 evanescere
1210 1221 1404 1260 videntur.

140 1278 325 1316 Fatemur
363 1282 493 1316 autem
531 1281 662 1327 aperte
700 1290 770 1315 nos
807 1277 1030 1315 etiamnunc
1066 1277 1180 1315 unice
1217 1291 1285 1327 pro
1313 1291 1407 1316 vera

56 1335 217 1383 probare
247 1333 718 1372 Schleiermacheri
747 1336 787 1372 et
814 1333 952 1372 Astii
991 1334 1247 1382 sententiam,
1287 1335 1355 1386 qui
1384 1347 1406 1372 e

56 1391 138 1428 loco
174 1404 210 1440 p.
241 1391 332 1429 473.
362 1391 429 1437 E„
468 1390 536 1429 ubi
574 1390 740 1428 Socratis
780 1394 1015 1428 memoratur
1052 1390 1254 1440 epistasia,
1294 1391 1406 1429 colle·

56 1451 198 1495 gerunt
213 1460 428 1485 sermonem
445 1447 494 1485 iis
512 1446 750 1496 temporibus
768 1459 851 1484 esse
871 1447 1108 1496 adaptatum,
1129 1460 1229 1499 quae
1239 1448 1407 1486 Athenis

57 1503 208 1554 Olymp.
239 1506 302 1551 93,
333 1507 370 1540 4.
390 1518 444 1537 Ξ
461 1506 541 1541 405
573 1516 607 1541 a.
636 1503 723 1541 Chr.
753 1507 890 1541 exorta
917 1506 1039 1551 erant,
1071 1503 1128 1542 ita
1155 1508 1202 1542 ut
1230 1505 1279 1542 ad
1317 1518 1407 1542 eum

54 1559 298 1609 potissimum
333 1573 462 1597 rerum
497 1563 642 1598 statum
679 1564 719 1598 et
747 1559 1005 1598 conditionem
1039 1564 1297 1610 respectetur,
1337 1561 1405 1612 qui

55 1620 140 1654 tum
166 1616 208 1654 in
235 1616 370 1655 Attica
394 1616 590 1666 republica
627 1616 788 1667 eiusque
824 1616 1156 1655 administratione
1194 1617 1405 1656 obtinebat.

55 1673 174 1710 Cuius
201 1673 417 1711 sententiae
445 1676 599 1711 nostrae
629 1685 783 1711 caussas
813 1676 853 1711 et
870 1674 1039 1712 rationes
1067 1674 1139 1712 has
1162 1674 1406 1723 potissimum

55 1729 252 1767 habemus.
310 1729 483 1767 Primum
519 1729 622 1767 enim
650 1730 762 1767 Plato
800 1730 873 1767 hoc
910 1733 1063 1780 tempus
1102 1734 1183 1769 tam
1222 1731 1323 1770 clare
1362 1744 1406 1769 ac

55 1785 255 1835 perspicue
282 1786 480 1833 indicavit,
508 1789 564 1833 ut,
592 1786 625 1824 si
644 1786 759 1823 aliam
777 1799 907 1824 rerum
931 1786 1187 1825 conditionem
1207 1788 1255 1826 ob
1276 1788 1405 1826 oculos

56 1842 275 1889 habuisset,
322 1842 559 1892 ineptissime
597 1843 794 1892 scripsisse
841 1842 1121 1881 existimandus
1158 1848 1259 1882 esset
1305 1857 1405 1895 quae

54 1911 92 1947 p.
122 1899 216 1936 473.
243 1899 289 1936 E.
319 1899 366 1937 de
397 1899 563 1937 Socratis
591 1912 750 1937 munere
788 1899 980 1937 senatorio
1017 1899 1196 1949 prodidit.
1253 1901 1404 1939 Deinde

55 1967 187 1992 omnes
214 1954 462 1993 difficultates
491 1955 794 2004 chronologicae,
825 1968 923 2006 quae
950 1956 1058 1995 visae
1086 1960 1195 2003 sunt,
1224 1957 1298 1995 hac
1326 1970 1404 1995 una

55 2010 204 2049 ratione
230 2024 388 2060 prorsus
415 2011 616 2058 tolluntur,
646 2011 679 2049 si
707 2024 901 2050 sermones
929 2016 1015 2051 tum
1042 2026 1229 2062 ponamus
1251 2014 1404 2053 habitos

54 2079 151 2105 esse.
205 2067 386 2118 Denique
423 2067 540 2106 etiam
574 2068 747 2107 universi
784 2068 874 2106 libri
902 2074 1190 2118 argumentum,
1231 2072 1334 2122 quod
1362 2071 1403 2108 in

54 2123 224 2161 taxanda
250 2124 463 2162 recentiore
492 2124 714 2175 eloquentia
749 2127 788 2162 et
825 2128 908 2163 arte
935 2126 1092 2175 politica
1118 2131 1316 2174 versatur,
1355 2128 1403 2166 iis

54 2180 209 2217 demum
236 2180 473 2230 temporibus
508 2180 665 2219 videtur
693 2181 909 2229 convenire,
938 2182 1080 2233 quibus
1108 2183 1279 2222 novitiae
1308 2184 1404 2224 artis

56 2247 100 2272 ac
127 2235 352 2285 disciplinae
378 2237 441 2276 vis
466 2236 681 2287 perniciosa
718 2237 796 2275 iam
823 2238 866 2275 in
893 2239 1096 2288 propatulo
1132 2243 1235 2287 erat,
1273 2240 1331 2279 ita
1358 2245 1404 2279 ut

53 2292 103 2329 de
130 2291 213 2329 eius
241 2293 441 2332 effectibus
468 2307 548 2331 non
575 2293 740 2343 amplius
768 2294 938 2333 dubitari
966 2299 1115 2345 posset,
1144 2297 1246 2347 quod
1274 2297 1402 2347 ipsum

54 2348 221 2386 maxime
249 2348 349 2386 bello
376 2350 700 2400 Peloponnesiaco
736 2351 784 2388 ad
811 2351 928 2389 finem
955 2357 1141 2401 vergente
1168 2353 1226 2391 ita
1252 2353 1402 2393 accidit.

54 2403 114 2442 De
142 2405 284 2455 quibus
310 2406 427 2443 rebus
453 2405 605 2446 iuvabit
633 2406 766 2445 ordine
784 2407 963 2458 deinceps
992 2421 1038 2446 eo
1066 2409 1178 2446 modo
1197 2410 1401 2460 explicare,

55 2464 102 2498 ut
127 2460 222 2512 quid
248 2461 296 2498 de
324 2460 486 2510 singulis
513 2462 736 2509 sentiamus,
766 2463 905 2502 clarius
933 2463 1186 2514 intelligatur.

136 2517 346 2555 Oensemus
392 2517 514 2566 igitur
547 2522 639 2557 ante
684 2519 813 2557 omnia
857 2520 1149 2568 diligentissime
1196 2535 1280 2560 esse
1319 2522 1402 2560 ani-

55 2573 392 2621 madvertendum,
427 2575 529 2625 quod
554 2575 684 2614 nescio
711 2588 788 2626 quo
815 2577 928 2614 modo
957 2590 981 2614 a
1007 2577 1143 2616 multis
1170 2591 1295 2628 nuper
1322 2592 1401 2616 non

54 2628 148 2666 satis
177 2630 486 2669 annnadversum
514 2634 585 2678 est,
614 2631 809 2670 Socratem
837 2646 874 2682 p.
895 2633 989 2671 473.
1017 2635 1062 2672 E.
1091 2634 1148 2672 ita
1175 2635 1399 2686 loquentem

52 2684 201 2732 induci,
238 2690 285 2724 ut
319 2699 403 2726 sese
441 2700 542 2725 anno
580 2688 753 2737 proxime
791 2689 988 2738 superiore
1023 2691 1199 2741 prytanis
1237 2704 1397 2731 munere
