1682 2944
246 152 299 186 20
709 143 1097 183 PROLEGOMRNA

248 270 346 295 ram
384 253 592 308 (meumst).
668 256 716 293 Et
752 255 943 293 Socratem
981 254 1134 304 quidem
1170 252 1263 291 dicit
1298 251 1471 289 consulto
1518 250 1567 296 id,

247 313 347 364 qnod
376 317 511 350 natura
538 310 685 360 turpius
711 310 780 355 sit,
810 309 1023 347 confudisse
1061 320 1145 346 eum
1174 320 1238 354 eo,
1276 306 1376 358 quod
1406 306 1488 355 lege
1516 306 1566 344 sit

248 367 414 417 turpius,
454 372 568 417 atque
596 366 649 403 ita
676 365 915 410 disseruisse,
954 363 1060 414 quasi
1091 363 1190 414 quod
1220 363 1302 410 lege
1330 362 1480 411 turpius
1506 361 1569 406 sit,

249 422 348 460 idem
377 422 523 471 turpius
550 421 600 459 sit
628 426 773 459 natura.
828 420 931 458 Hinc
957 421 1101 457 factum
1127 431 1226 465 esse,
1257 422 1300 455 ut
1328 417 1486 455 evicisse
1514 417 1570 455 vi-

249 478 383 515 deatur
419 477 526 526 peius
571 488 653 514 esse
689 475 866 513 iniuriam
904 476 1027 512 facere
1064 486 1180 525 quam
1217 473 1406 536 accipere,
1453 485 1571 523 quum

249 539 374 570 tamen
402 532 607 569 secundum
634 536 808 569 naturam
836 530 879 575 is,
909 530 974 580 qui
1003 529 1171 578 patiatur
1193 528 1380 574 iniuriam,
1409 527 1573 565 deterior

250 587 299 625 sit
326 600 382 634 eo,
410 587 474 637 qui
504 586 606 623 illam
634 587 781 624 inferat.
838 584 945 623 Servi
975 589 1034 623 est
1061 584 1182 631 enim,
1210 583 1353 635 inquit,
1383 582 1573 632 patienter

249 642 408 681 tolerare
437 641 603 687 iniurias,
631 646 746 692 atque
775 641 867 686 eius,
896 639 960 691 qui
989 639 1059 678 sibi
1088 639 1161 689 ipsi
1188 639 1301 689 plane
1328 639 1445 676 deest.
1492 639 1571 676 Ita-

250 710 324 748 que
352 697 490 745 vulgus
517 696 723 743 hominum,
752 709 869 758 quum
888 708 996 733 suam
1014 694 1246 743 intelligeret
1263 693 1571 738 imbecillitatem,

251 752 377 790 sanxit
406 752 562 799 leges,
591 753 729 803 quibus
757 751 877 788 omnis
906 750 1045 788 iniuria
1071 749 1352 800 prohiberetur;
1392 754 1572 787 natura

252 820 340 845 vero
367 807 640 844 robustioribus
666 807 959 856 fortioribusque
988 805 1083 843 nihil
1113 819 1188 843 non
1216 802 1388 842 concedit
1413 804 1573 854 ideoque

252 862 495 901 validioribus
522 862 626 900 dedit
653 862 712 899 ius
742 861 950 911 imperandi
980 861 1044 907 iis,
1079 860 1145 911 qui
1173 864 1265 898 sunt
1291 859 1572 897 imbecilliores:

252 918 289 954 id
318 918 417 968 quod
445 930 561 968 quum
590 917 683 963 alia,
721 922 803 955 tum
839 917 1063 966 populorum
1097 915 1273 965 exempla
1308 915 1401 953 satis
1427 915 1574 960 docent,

251 985 412 1023 quorum
440 972 713 1022 opulentissimi
742 985 785 1010 ac
812 971 1063 1021 potentissimi
1093 970 1178 1008 aliis
1205 970 1422 1020 imperitare
1440 970 1573 1008 solent.

252 1029 387 1078 Itaque
414 1027 652 1077 philosophia
669 1027 837 1066 iustitiae
856 1027 1041 1065 rationem
1061 1039 1209 1064 omnem
1227 1025 1400 1064 flmditus
1425 1025 1576 1071 evertit,

253 1082 391 1133 quippe
418 1095 514 1133 quae
542 1083 655 1129 illud,
694 1083 794 1133 quod
829 1082 976 1131 legibus
1014 1086 1073 1120 est
1100 1081 1286 1120 sancitum
1323 1093 1471 1131 usuque
1508 1081 1576 1118 ho-

252 1138 397 1175 minum
424 1138 701 1183 confirmatum,
739 1137 849 1175 unice
876 1151 943 1187 pro
971 1138 1071 1175 iusto
1098 1138 1234 1187 probet
1270 1135 1577 1187 argumentisque

253 1193 350 1231 tueri
379 1194 540 1231 studeat.
597 1196 724 1244 Atque
752 1194 854 1231 haud
882 1193 977 1239 scio,
1016 1206 1065 1230 au
1092 1193 1288 1230 hominum
1323 1191 1452 1240 generi
1480 1191 1577 1229 nihil

252 1248 495 1297 perniciosius
523 1249 654 1286 datum
680 1244 743 1286 sit*
758 1261 871 1299 quam
898 1248 1145 1298 philosophia.
1183 1247 1291 1289 Quae
1318 1247 1429 1291 ut,in
1449 1246 1577 1296 pueris

253 1308 293 1341 et
321 1304 627 1350 adolescentulis,
663 1304 695 1341 si
723 1304 890 1342 modeste
916 1307 1111 1350 tractetur,
1139 1317 1215 1341 non
1242 1302 1487 1352 improbanda
1514 1301 1577 1348 sit,

253 1363 379 1396 tamen
407 1359 446 1396 in
474 1358 567 1398 viris
594 1359 698 1397 nullo
724 1360 835 1397 modo
861 1359 1018 1397 ferenda
1035 1363 1104 1398 est.
1140 1359 1248 1397 Haec
1275 1358 1377 1396 enim
1404 1357 1576 1395 homines

254 1414 347 1451 adeo
375 1414 588 1464 corrumpit,
615 1419 659 1453 ut
686 1414 782 1452 nihil
809 1414 948 1463 magni,
975 1413 1071 1452 nihil
1097 1414 1291 1464 praeclari,
1319 1413 1416 1451 nihil
1434 1410 1575 1451 excelsi

254 1473 293 1507 et
320 1469 488 1516 generosi
525 1470 739 1508 sustineant
775 1482 942 1521 unquam
978 1482 1119 1519 gerere.
1185 1469 1327 1507 Sedent
1362 1467 1577 1518 philosophi

253 1524 352 1561 domi
382 1529 427 1563 et·
448 1524 487 1562 in
515 1525 665 1573 angulis
692 1526 831 1573 latent,
866 1525 993 1565 vitant
1019 1525 1215 1563 hominum
1242 1524 1482 1570 societatem;
1518 1524 1577 1561 fu-

253 1579 364 1627 giunt
390 1580 511 1618 lucem
538 1581 744 1630 publicam
774 1582 1010 1619 abscondunt
1035 1594 1076 1619 se
1095 1593 1182 1619 cum
1207 1580 1331 1619 tribus
1349 1583 1578 1630 quattuorve

256 1635 543 1673 adolescentulis
571 1636 611 1673 in
638 1635 826 1683 latibulis,
864 1641 909 1675 ut
942 1637 990 1674 de
1018 1637 1132 1675 rebus
1159 1635 1324 1674 exilibus
1358 1634 1578 1685 nulliusque

255 1691 435 1729 momenti
463 1703 548 1728 cum
574 1690 650 1729 illis
678 1691 866 1740 garriant;
904 1692 971 1730 sed
998 1691 1064 1730 ubi
1092 1691 1141 1731 iis
1169 1690 1313 1743 aliquid
1349 1691 1412 1729 vel
1439 1690 1479 1728 in
1508 1702 1578 1728 sua

255 1744 420 1794 ipsorum
448 1746 510 1784 vel
547 1746 586 1783 in
615 1746 738 1784 aliena
765 1759 899 1785 caussa
933 1747 1122 1796 agendum
1156 1751 1235 1794 est,
1273 1746 1404 1796 inopes
1431 1745 1578 1783 consilii

255 1800 424 1846 haerent,
451 1801 654 1850 trepidant,
683 1802 858 1841 nesciunt
885 1815 960 1853 quo
988 1815 1029 1840 se
1057 1806 1221 1840 vertant.
1262 1802 1398 1839 Nonne
1426 1814 1529 1847 vero,
1557 1814 1580 1837 o

255 1855 419 1902 Socrate,
446 1861 557 1906 turpe
585 1861 645 1895 est
671 1857 726 1896 ita
754 1870 794 1895 se
822 1858 981 1905 habere,
1009 1857 1325 1908 quemadmodum
1352 1861 1391 1895 te
1420 1860 1580 1895 ceteros-

254 1923 329 1960 que
356 1911 495 1949 habere
523 1912 693 1958 arbitror,
723 1913 788 1963 qui
817 1916 980 1952 aetatem
998 1925 1147 1951 omnem
1164 1912 1425 1962 philosophiae
1453 1911 1580 1950 studio

254 1965 488 2014 transigitis?
516 1966 719 2006 Enimvero
736 1967 767 2005 si
796 1968 882 2018 quis
909 1973 948 2007 te
977 1968 1017 2006 in
1036 1968 1218 2006 iudicium
1239 1967 1375 2017 rapiat,
1401 1967 1581 2005 dictitans

255 2023 294 2058 te
334 2020 405 2069 ipsi
442 2020 617 2059 iniuriam
654 2022 846 2069 intulisse,
884 2023 974 2061 licet
1000 2023 1145 2061 nullam
1181 2022 1375 2069 intuleris,
1412 2022 1581 2071 profecto

256 2087 332 2113 non
360 2076 516 2114 habebis
543 2077 635 2127 quid
663 2077 765 2115 dicas
792 2081 861 2116 aut
887 2078 1022 2124 facias,
1057 2078 1123 2116 sed
1152 2076 1361 2116 haesitabis
1389 2082 1429 2115 et
1455 2091 1497 2115 os
1524 2077 1580 2114 di-

255 2130 370 2168 duces
398 2134 437 2168 ct
465 2143 553 2180 ages
580 2132 753 2182 ineptias,
782 2145 836 2180 ac,
864 2132 896 2170 si
925 2137 1120 2172 accusator
1145 2133 1217 2172 tibi
1242 2132 1443 2194 contigerit
1458 2133 1581 2170 malus

256 2189 297 2223 et
322 2185 533 2235 improbus,
563 2199 607 2224 eo
635 2200 695 2225 res
722 2187 935 2237 perveniet,
973 2192 1018 2227 ut
1044 2188 1134 2235 tibi,
1172 2187 1347 2239 quamvis
1375 2187 1579 2234 innocenti,

256 2241 490 2279 moriendum
518 2241 653 2290 εἰμ’).
709 2242 893 2283 Quocirca
919 2243 1031 2289 mihi,
1073 2257 1096 2281 o
1122 2217 1241 2290 bone,
1278 2244 1498 2293 obtempera
1530 2247 1581 2290 et,

256 2295 379 2335 missis
396 2296 480 2335 istis
498 2297 622 2346 nugis,
648 2297 851 2349 aliquando
876 2298 916 2336 in
934 2273 1055 2337 rebus·
1064 2299 1207 2338 honore
1226 2298 1351 2348 dignis
1370 2302 1408 2338 te
1435 2310 1581 2345 exerce,

322 2458 355 2499 ⁸)
377 2457 485 2491 Plane
507 2467 586 2491 cum
607 2458 661 2491 bis
678 2460 888 2493 conveniunt
908 2470 996 2503 quae
1015 2460 1057 2493 de
1079 2461 1164 2494 iuris
1180 2460 1365 2495 secundum
1388 2458 1449 2494 τὸν
1474 2459 1582 2501 νόμον

254 2500 360 2589 Q*
313 2500 527 2582 ἠἰῖἐῗωὶ
529 2502 1236 2590 dssffissieffiffiffffoessssfflmb'
1259 2506 1303 2541 ¹¹
1336 2517 1367 2549 Ρ·
1399 2504 1468 2540 ⁸⁶⁸
1489 2516 1582 2549 ⁸⁰³⁹

322 2589 376 2631 *ἢ
399 2590 486 2623 Cum
509 2591 573 2624 bac
594 2558 895 2635 philosophiam
918 2593 1119 2627 rehensione
1148 2594 1284 2627 consere
1333 2604 1373 2627 ns
1404 2598 1457 2627 est
1486 2604 1583 2637 prae—

256 2633 368 2667 clarus
391 2634 451 2668 ille
473 2634 568 2668 locus
590 2635 769 2691 Theaeteti
790 2647 824 2680 p.
848 2604 895 2670 lm
913 2637 985 2673 (ἲ.
1009 2649 1100 2681 seqq.
1126 2639 1299 2672 Gellius
1329 2638 1372 2673 N.
1396 2639 1437 2673 A.
1460 2638 1503 2679 X,
1525 2636 1580 2672 22.
