1722 2964
599 5 608 17 ·-
646 0 689 17 m*
708 0 808 24 ww*
839 0 843 5 ¹
868 0 912 32 0·ss
923 0 1003 21 ‘‹'''³'‘5‘'
1018 0 1155 33 ἳ»“·’ῑ-·,”·»-’
1174 0 1549 38 ·‘.*,‘“³·r².'“⁴’‹{²³i†·*⁴.⁶·-s·‘vx'³²⁹
1630 0 1678 16 ‘'⁶'’
1715 0 1719 1 ’

770 25 827 48 im

723 75 1028 136 PLA'roms

176 94 260 138 120

111 219 145 252 D
173 212 278 264 Πῶς
294 209 379 270 γὰρ
396 207 452 256 ἄν
468 215 669 270 φαίνοιτο
692 208 923 269 ὁμολογεῖν
938 208 1068 264 αὐτὸς
1085 211 1227 271 ἑαυτῷ
1243 209 1267 256 ὁ
1283 213 1420 259 ταῦτα
1435 211 1579 272 ἀμφό-

171 295 276 336 τερα
299 278 463 335 λέγων,
495 276 543 330 ὅς
567 295 616 335 γε
639 276 686 322 τὸ
710 277 792 336 μὲν
813 278 987 336 πρῶτον
1017 275 1146 330 αὐτὸς
1174 275 1366 324 ὑπέθετο
1389 279 1581 337 χαλεπὸν

174 343 288 390 εἶναι
310 341 453 403 ἄνδρα
471 341 644 401 ἀγαθὸν
661 345 871 400 γενέσθαι
892 341 1098 404 ἀληθείᾳ,
1121 342 1272 401 ὀλίγον
1289 345 1338 390 δὲ
1356 348 1434 391 τοῦ
1451 344 1579 403 ποιή-

169 428 301 469 ματος
326 414 389 463 εἰς
411 409 460 455 τὸ
484 409 685 469 πρόσθεν
707 407 941 469 προελθών
972 408 1233 468 ἐπελάθετο,
1263 412 1337 456 καὶ
1359 411 1586 458 Πιττακὸν

169 476 247 523 τὸν
262 475 398 522 ταύτὰ
414 477 597 534 λέγοντα
614 478 770 538 ἑαυτῷ,
794 475 860 522 ὅτι
875 476 1066 535 χαλεπὸν
1083 475 1247 523 ἐσθλὸν
1261 482 1457 536 ἔμμεναι,
1481 481 1579 524 τοῦ-

169 562 246 589 τον
268 545 490 601 μέμφεταί
506 562 554 589 τε
577 544 649 588 καὶ
674 541 727 589 οὔ
748 558 887 601 φησιν
909 541 1207 601 ἀποδέχεσθαι
1230 542 1366 590 αὐτοῦ
1389 543 1442 590 τὰ
1466 542 1579 590 αὐτοὶ

170 612 312 669 ἑαυτῷ
330 612 542 667 λέγοντος.
589 614 728 655 καίτοι
750 607 880 655 ὁπότε
895 610 972 655 τὸν
986 608 1120 656 ταύτὰ
1138 612 1318 668 λέγοντα
1333 609 1452 671 αὐτῷ
1469 612 1580 669 μέμ-

169 695 312 734 φεται,
339 679 489 734 δῆλον,
513 674 579 722 ὅτι
596 678 669 721 καὶ
692 676 849 722 ἑαυτὸν
864 678 1093 734 μέμφεται,
1118 675 1228 722 ὥστε
1245 675 1339 734 ἦτοι
1352 676 1401 722 τὸ
1422 675 1578 735 πρότε-

170 761 250 801 ρον
273 740 300 800 ἢ
323 741 509 801 ὕστερον
530 741 612 788 οὐκ
634 741 780 801 ὀρθῶς
804 746 930 801 λέγει.
966 742 1120 788 Εἰπὼν
1143 737 1227 789 οὖν
1244 747 1378 789 ταῦτα
1402 749 1582 797 πολλοῖς

109 822 140 855 Ε
170 808 370 869 θόρυβον
393 810 582 869 παρέσχε
605 811 679 855 καὶ
702 814 883 855 ἔπαινον
906 813 994 855 τῶν
1017 806 1281 855 ἀκουόντων.
1325 811 1399 855 καὶ
1422 809 1507 867 ἐγώ
1529 809 1576 855 τὸ

169 875 251 934 μὲν
273 879 463 935 πρῶτον,
489 876 679 935 ὡσπερεὶ
693 875 780 921 ὑπὸ
795 875 969 934 ἀγαθοῦ
985 875 1153 922 πύκτου
1171 881 1366 933 πληγείς,
1393 874 1578 921 ἐσκοτώ-

167 950 258 1000 θην
275 961 321 988 τε
345 943 418 987 καὶ
445 947 665 1000 ίλιγγίασα
690 940 888 996 εἰπόντος
911 941 1047 988 αὐτοῦ
1069 945 1205 988 ταῦτα
1229 944 1301 987 καὶ
1324 945 1413 988 τῶν
1430 940 1581 987 ἄλλων

168 1008 610 1066 ἐπιθορυβησάντων·
638 1013 801 1064 ἔπειτα,
827 1007 885 1062 ὥς
901 1027 951 1065 γε
969 1007 1076 1067 πρὸς
1094 1010 1142 1054 σὲ
1164 1011 1370 1066 εἰρῆσθαι
1385 1007 1575 1066 τάληθῆ,

166 1079 240 1120 ἵνα
272 1093 346 1133 μοι
382 1073 537 1134 χρόνος
569 1076 796 1133 ἐγγένηται
825 1077 878 1134 τῇ
909 1077 1062 1128 σκέψει
1091 1079 1137 1120 τί
1165 1077 1282 1132 λέγοι
1323 1073 1346 1119 ὁ
1378 1073 1574 1132 ποιητής,

253 1205 299 1237 D.
331 1198 516 1248 ἀγαθὸν
539 1201 763 1247 γενέσθαι
788 1198 1016 1247 α’ληθείᾳ]
1042 1205 1085 1237 V.
1109 1197 1288 1246 ἀλαθείᾳ.
1328 1203 1375 1235 At
1396 1214 1483 1236 vero
1506 1213 1579 1236 non

166 1250 258 1282 haec
275 1247 470 1281 Simonidis
493 1249 607 1282 verba
631 1251 731 1286 sunt,
756 1248 819 1281 sed
836 1249 1080 1290 Protagorae,
1104 1249 1166 1290 qui
1183 1247 1392 1281 Simoniden.
1415 1258 1482 1280 sua
1498 1247 1577 1280 dia-

165 1294 264 1327 lecto
294 1294 568 1336 interpretatur.
608 1293 739 1334 Itaque
763 1295 863 1326 reete
885 1293 970 1325 Bas.
993 1295 1025 1325 2.
1050 1294 1172 1325 Venet
1195 1292 1241 1325 Σ.
1265 1292 1381 1324 Paris.
1404 1293 1446 1324 E.
1473 1296 1511 1324 et
1533 1302 1578 1325 ex

169 1347 259 1372 corr.
279 1337 391 1371 Coisl.
411 1332 591 1380 ἀληθείᾳ.
611 1348 643 1371 ν.
660 1347 695 1379 p.
713 1338 778 1370 340
794 1337 855 1378 B.,
879 1337 943 1370 ubi
959 1337 1061 1372 codd.
1080 1346 1205 1369 omnes
1229 1331 1399 1379 α’ληθείᾳ
1417 1340 1575 1370 tuentur.

253 1382 301 1417 D.
325 1379 403 1414 καὶ
421 1378 637 1425 ἔπαινον]
657 1381 762 1414 Haec
780 1380 941 1424 Sauppio
957 1380 1114 1414 delenda
1130 1381 1319 1422 videntur,
1336 1381 1400 1413 sed
1417 1391 1450 1413 v.
1468 1390 1554 1414 ann.

254 1427 297 1459 E.
324 1425 398 1460 ἴνα
427 1436 505 1469 μοι
536 1420 700 1469 χρόνος
732 1420 999 1468 ἐγγένηται]
1039 1426 1146 1467 Vulg.
1178 1420 1397 1468 ἐκγένηται,
1430 1426 1504 1456 iam
1529 1424 1577 1457 ab

165 1469 375 1504 Heindorfio
405 1469 654 1510 emendatum,
689 1480 708 1502 e
733 1469 888 1503 Vindob.
919 1473 956 1502 et
974 1471 1058 1503 Vat.
1080 1479 1097 1504 ι·
1122 1473 1298 1502 mutatum
1321 1472 1388 1502 est.
1435 1468 1577 1501 Deinde

167 1515 207 1548 τί
220 1513 322 1558 λέγοι
340 1514 445 1549 Bodl.
462 1515 546 1547 Vat.
566 1514 674 1546 vind.
691 1524 754 1556 pro
773 1514 812 1547 τί
826 1509 938 1557 λέγει.

166 1625 297 1668 eoepit.
340 1624 382 1657 ld
399 1623 506 1657 simul
524 1627 634 1665 atque
652 1624 835 1666 cognitum

165 1673 264 1703 esset
292 1669 438 1702 Pittaco
468 1668 707 1709 Mitylenaeo‚
740 1668 832 1699 diffi-

163 1723 240 1747 sum
257 1713 302 1746 de
319 1714 378 1746 sui
392 1713 507 1755 ipsius
531 1712 641 1744 animi
665 1715 834 1745 constan·

163 1758 230 1800 tia,
257 1758 513 1800 magistratum
544 1756 756 1799 deposuisse
781 1767 835 1789 re-

161 1802 323 1845 lictoque
341 1802 492 1844 imperio
510 1802 547 1833 iu
565 1801 715 1834 exilium
724 1800 835 1833 abiis·

163 1857 213 1881 se.
249 1846 557 1880 Percontantibus
595 1845 727 1878 deinde
761 1845 835 1887 qui-

162 1890 332 1932 busdam,
356 1900 428 1933 qua
450 1890 572 1933 gratia
594 1890 750 1932 fugisset
772 1890 835 1921 im-

160 1936 317 1978 perium,
334 1934 565 1977 respondisse
583 1934 697 1975 ‘quod
716 1934 834 1966 admo-

162 1979 244 2012 dum
277 1982 374 2012 esset
402 1979 551 2011 arduum
570 1978 719 2021 probum
744 1988 835 2013 esse,

161 2027 310 2067 propter
355 2026 533 2056 mutatum
571 2022 833 2056 Periandrum.’

162 2068 302 2109 Quibus
318 2068 452 2100 auditis
468 2067 637 2100 Solonem
654 2067 836 2099 addidisse

162 2122 264 2145 suum
296 2112 565 2155 apophthegma
603 2107 750 2154 χαλεπὰ
789 2106 835 2143 τὰ

162 2152 273 2190 καλά.

205 2202 251 2233 D.
293 2195 369 2234 ὄλί
403 2210 452 2233 ον
497 2198 546 2233 δὲ
588 2198 667 2232 τοῦ
707 2195 834 2241 ποιή-

161 2256 304 2288 ματος
334 2262 379 2269 ·-
445 2245 492 2278 H.
538 2255 568 2277 e.
615 2238 744 2287 ὀλίγον
791 2240 833 2275 δὲ

161 2284 360 2331 προελθών
394 2285 448 2327 εἰς
482 2284 523 2321 τό
566 2283 734 2329 πρόσθεν
768 2287 834 2319 τοῦ

160 2328 387 2376 ποιήματος.
435 2333 521 2365 Mox
546 2334 582 2364 in
605 2333 726 2365 verbis
750 2331 834 2364 τοῦ-

161 2388 226 2411 τον
237 2375 428 2421 μέμφεται
445 2387 641 2419 pronomen
656 2386 736 2408 cum
749 2377 786 2409 vi
799 2379 836 2409 et

162 2421 332 2455 efficacia
354 2424 437 2464 post
461 2416 653 2454 Πιττακόν
678 2420 832 2461 illatum,

162 2465 254 2507 quod
295 2475 410 2508 genus
443 2465 613 2508 loquendi
646 2465 691 2497 ad
723 2465 833 2508 Gorg.

189 2535 197 2543 .
213 2512 279 2544 482
296 2511 329 2543 D
350 2510 623 2543 illustravimus.
646 2527 688 2533 -
719 2504 832 2542 (ἰπο-

159 2521 386 2598 gnavum
424 2549 567 2588 αὐτοῦ
599 2572 644 2577 -
677 2551 832 2597 λέγον-

160 2609 255 2641 τος,
296 2609 390 2632 eum
422 2600 634 2641 probare,
668 2599 831 2641 quamvis

160 2643 286 2676 eadem
303 2644 496 2676 dicentem.
530 2644 576 2675 ef.
601 2655 632 2684 p.
650 2645 714 2676 3:34
731 2643 770 2676 C.
787 2659 830 2666 —-

159 2688 202 2720 In
234 2689 405 2731 proximis
428 2683 469 2721 τὸ
499 2683 680 2729 πρότερον
704 2687 830 2720 adver-

159 2732 308 2765 bialiter
324 2733 490 2775 positum.
511 2731 629 2764 Stalm.

203 2772 414 2821 θόρυβον
452 2774 662 2819 παρέσχε]
711 2771 829 2818 θόρυ-

903 1623 968 1667 βος
1001 1623 1144 1655 omnino
1185 1625 1240 1655 est
1278 1621 1414 1654 clamor
1454 1625 1491 1654 et
1522 1625 1576 1654 tu-

902 1667 1037 1699 multus
1069 1666 1310 1699 multitudinis
1347 1666 1484 1708 aliquid
1516 1665 1577 1699 vel

902 1712 1092 1755 probantis
1108 1711 1167 1744 vel
1185 1710 1433 1753 improbantis.
1459 1711 1577 1751 Quam

904 1757 949 1789 ob
984 1765 1132 1788 causam
1169 1755 1378 1798 plerumque
1411 1753 1578 1797 apertius

905 1800 1141 1843 significatur,
1159 1803 1277 1831 utrum
1300 1798 1438 1831 favoris
1454 1808 1502 1830 an
1519 1799 1574 1830 iu-

903 1845 1027 1878 vidiae
1064 1844 1172 1876 index
1218 1845 1266 1875 sit
1303 1842 1578 1885 intelligendus,

904 1890 975 1921 Dio
1001 1888 1186 1931 chrysost.
1210 1888 1303 1922 hom.
1326 1889 1363 1919 11
1389 1887 1433 1918 ad
1456 1886 1577 1929 popul.

903 1933 1092 1966 Antioch.:
1110 1932 1150 1966 τί
1160 1942 1224 1975 μοι
1240 1930 1314 1965 τῶν
1324 1925 1466 1973 κρότων
1482 1925 1577 1972 ὄφε-

906 1979 966 2015 λος
984 1972 1148 2017 τούτωνς
1182 1976 1221 2009 τί
1246 1972 1289 2009 δὲ
1315 1974 1388 2009 τῶν
1410 1969 1579 2008 ἐπαίνων

904 2020 970 2054 καὶ
1002 2021 1074 2054 τῶν
1107 2015 1305 2063 θορύβωνς
1344 2019 1576 2052 Contrarium

904 2067 1061 2099 habetur
1076 2065 1173 2108 apud
1191 2066 1298 2097 Isocr.
1320 2066 1370 2104 15,
1386 2066 1447 2097 20:
1479 2058 1574 2115 μετὰ

905 2106 1077 2153 θορύβου
1098 2107 1164 2142 καὶ
1180 2103 1432 2160 χαλεπότητος
1465 2118 1575 2149 ακρο-

903 2154 1026 2188 ἇσθαι
1060 2153 1134 2186 τῶν
1172 2149 1498 2195 απολογουμένων.
1531 2169 1578 2175 —-

904 2200 1021 2239 Quam
1039 2198 1145 2231 effusi
1167 2201 1311 2230 veteres
1328 2197 1365 2229 in
1383 2196 1512 2239 plausu
1531 2207 1574 2229 ac

903 2244 1061 2276 elamore
1080 2241 1216 2274 edendo
1233 2241 1382 2280 fuerint,
1399 2240 1435 2272 id
1451 2240 1575 2273 multis

902 2288 992 2320 locis
1038 2287 1146 2320 huius
1192 2285 1330 2328 dialogi
1378 2285 1576 2317 observare

903 2333 1003 2370 licet,
1020 2342 1087 2364 nec
1103 2331 1231 2363 mirum
1249 2333 1324 2370 est,
1343 2339 1422 2362 eum
1440 2337 1574 2361 morem

905 2377 1015 2408 etiam
1059 2377 1096 2407 in
1129 2375 1417 2407 Christianorum
1462 2371 1574 2405 aedes

903 2430 1029 2453 sacras
1046 2430 1086 2452 se
1104 2420 1313 2451 insinuasse
1327 2418 1459 2460 diuque
1475 2417 1512 2448 in
1526 2416 1574 2448 iis

901 2465 1080 2499 haesisse.

946 2510 988 2542 B.
1036 2504 1234 2549 ὡσπερεὶ
1271 2523 1315 2530 —-
1360 2505 1445 2547 πλη
1486 2503 1567 2547 είς]

903 2550 1147 2596 Πλήττεσθαι
1178 2554 1233 2584 est
1259 2550 1407 2584 verbnm
1430 2559 1453 2591 g
1470 2548 1574 2581 adia·

901 2599 1044 2630 torium.
1082 2597 1225 2630 Phileb.
1273 2619 1280 2628 .
1298 2596 1341 2627 22
1363 2594 1412 2625 E:
1446 2590 1573 2635 ἔμοιγε

899 2641 1008 2675 δοκεῖ
1029 2639 1099 2675 νῦν
1121 2637 1190 2683 μὲν
1214 2636 1234 2683 ἡ
1264 2633 1332 2680 ονή
1351 2646 1408 2670 σοι
1427 2647 1571 2689 neugio:

898 2684 1005 2719 κέναι
1032 2682 1246 2726 καθαπερεὶ
1275 2684 1465 2732 πληγεῖσαν
1493 2691 1571 2714 vno

899 2731 971 2764 τῶν
1003 2730 1073 2764 νῦν
1105 2725 1154 2772 δὴ
1189 2723 1321 2772 λόγων.
1355 2744 1396 2749 —
1435 2737 1491 2764 ως
1522 2734 1572 2769 γε

898 2770 1010 2817 πρὸς
1029 2771 1072 2807 σὲ
1095 2771 1196 2816 sla,
1220 2783 1255 2807 v.
1273 2770 1318 2805 ad
1334 2782 1369 2814 p.
1386 2773 1451 2804 309
1467 2770 1510 2802 A.
1528 2786 1571 2793 -
