1696 2976
174 118 231 164 60
718 105 1014 162 maionis

174 235 378 293 κλεῶτου,
403 239 475 283 καὶ
498 237 757 296 ἀφικόμενος
781 237 884 298 παρ’
912 238 1059 294 αὐτόν,
1085 237 1230 298 ὥσπερ
1254 240 1371 299 παρὰ
1386 242 1434 286 σὲ
1458 245 1555 294 νῦν,

174 301 402 350 ἀκούσειεν
425 303 559 351 αὐτοῦ
583 303 716 351 ταύτὰ
739 309 888 362 ταῦτα,
912 304 1022 363 ἅπερ
1047 309 1142 363 σοῦ,
1166 305 1231 353 ὅτι
1249 306 1428 366 ἑκάστης
1450 307 1555 367 ἡμέ-

174 390 252 430 ρας
282 370 426 425 ξυνῶν
457 370 573 432 αὐτῷ
604 377 790 430 βελτίων
821 378 938 419 ἔσται
976 375 1048 418 καὶ
1084 372 1309 430 ἐπιδώσει,
1357 378 1398 420 εἰ
1425 373 1558 421 αὐτὸν

175 440 443 496 ἐπανέροιτο·
493 444 548 485 Τί
569 437 623 496 δὴ
648 438 734 499 φῂς
756 445 913 497 βελτίω
946 445 1125 486 ἔσεσθαι
1153 442 1225 486 καὶ
1249 445 1310 494 εἰς
1333 446 1380 486 τί
1399 440 1559 487 ἐπιδῶ·

174 520 289 559 σειν;
316 512 429 550 εἴποι
452 501 507 551 ἂν
531 504 648 567 αὐτῷ
671 505 694 551 ὁ
719 505 974 561 Ζεύξιππος,
998 506 1063 552 ὅτι
1087 506 1193 568 πρὸς
1217 506 1455 567 γραφικήν·
1475 505 1560 554 κᾶν

174 576 214 617 εἰ
231 569 476 632 Ὀρθαγόρᾳ
508 575 567 633 τῷ
595 578 774 634 Θηβαίῳ
798 572 1136 632 συγγενόμενος,
1177 571 1366 628 ἄκου’σας
1390 578 1559 622 ἐκείνου

171 636 305 684 ταύτὰ
328 641 477 696 ταῦτα,
502 637 612 696 ἅπερ
636 642 731 697 σοῦ,
757 642 1007 699 ἐπανέροιτο
1022 640 1169 697 αὐτόν,
1196 646 1257 695 εἰς
1280 640 1304 687 ὅ
1318 660 1359 687 τι
1376 647 1560 700 βελτίων

173 703 275 750 καθ’
304 703 470 765 ἡμέραν
493 710 612 752 ἔσται
631 706 969 766 συγγιγνόμενος
988 711 1156 769 ἐκείνῳ,
1182 716 1295 754 εἴποι
1312 706 1382 765 ἅν,
1405 707 1471 754 ὅτι
1498 713 1559 762 εἰς

173 770 378 830 αὔλησιν·
404 772 516 819 οὕτω
542 772 596 831 δὴ
621 776 694 819 καὶ
717 773 772 820 σύ
797 775 890 820 εἰπὲ
913 777 972 835 τῷ
996 780 1211 836 νεανίσκῳ
1236 777 1308 821 καὶ
1333 777 1426 834 ἐμοὶ
1447 774 1559 834 ὑπὲρ

173 838 328 885 τούτου
353 842 581 898 ἐρωτῶντι,
599 838 879 900 Ἱπποκράτης
902 840 977 887 ὅδε
1002 841 1272 902 Πρωταγόρᾳ
1296 841 1561 901 συγγενόμε-

172 926 268 964 νος,
299 900 329 966 ᾖ
351 904 407 952 ἂν
429 906 546 969 αὐτῷ
571 906 709 968 ἡμέρᾳ
742 910 1024 967 συγγένηται,
1057 914 1242 967 βελτίων
1265 907 1411 955 ἄπεισι
1434 908 1559 967 γενό-

170 992 299 1032 μενος
323 975 395 1019 καὶ
417 977 506 1020 τῶν
528 972 674 1021 ἄλλων
697 973 869 1033 ἡμερῶν
893 975 1072 1034 ἑκάστης
1102 974 1238 1029 οὕτως
1263 974 1466 1022 ἐπιδώσει
1498 980 1559 1029 εἰς

171 1045 228 1098 τί,
254 1034 288 1086 ὦ
313 1039 599 1099 Πρωταγόρα,
624 1043 696 1087 καὶ
720 1043 820 1100 περὶ
843 1045 941 1098 τοῦς
974 1045 1062 1088 Καὶ
1084 1041 1107 1088 ὁ
1132 1042 1424 1102 Πρωταγόρας
1455 1045 1560 1101 ἐμοῦ

170 1110 303 1154 ταῦτα
327 1106 539 1165 ἀκούσας,
574 1107 644 1154 Σύ
667 1128 713 1155 τε
744 1111 884 1163 καλῶς
916 1111 1091 1169 ἐρωτᾷς,
1123 1115 1228 1168 ἔφη,
1254 1103 1288 1155 ὦ
1313 1109 1559 1168 Σώκρατες,

171 1176 244 1220 καὶ
269 1173 351 1232 ἐγώ
376 1186 464 1229 τοῖς
490 1178 630 1229 καλῶς
656 1177 846 1235 ἐρωτῶσι
870 1181 1004 1234 χαίρω
1028 1174 1379 1235 ἀποκρινόμενος.
1414 1175 1559 1223 Ἱππο-

171 1241 329 1300 κράτης
374 1241 457 1301 γὰρ
497 1241 600 1301 παρ’
637 1243 709 1301 ἐμὲ
748 1241 1009 1301 ἀφικόμενος
1048 1241 1100 1289 οὐ
1131 1248 1325 1290 πείσεται
1356 1242 1466 1303 ἅπερ
1506 1241 1562 1289 ἂν

171 1314 338 1355 ἔπαθεν
361 1307 479 1371 ἄλλω
503 1328 564 1371 τω
589 1309 907 1368 συγγενόμενος
930 1313 1019 1356 τῶν
1053 1314 1284 1369 σοφιστῶν.
1310 1314 1356 1356 οἰ
1374 1311 1455 1370 μὲν
1478 1309 1560 1369 γὰρ

258 1417 313 1477 CL‘
322 1412 441 1495 αέῗτᾳῗ
458 1413 478 1451 ὁ
507 1419 533 1452 Ζ
545 1413 780 1461 εύξιππος]
807 1418 975 1452 Accessit
998 1420 1171 1452 articulus
1188 1430 1207 1452 e
1224 1419 1325 1452 Bodl.
1347 1419 1453 1454 Vind.
1476 1420 1560 1452 vat.

169 1464 258 1496 Vcn.
276 1476 319 1500 ,2¹0-
370 1464 424 1495 ois
444 1489 451 1497 .

257 1508 301 1539 D.
326 1499 421 1550 ᾗᾶν
437 1502 555 1552 αὐτῷ
573 1502 716 1550 ἡμέρᾳ
734 1506 872 1551 συγγ.]
894 1508 934 1542 V.
953 1502 1054 1553 αὐτῷ
1080 1509 1264 1547 omissum,
1289 1509 1414 1541 invitis
1431 1508 1562 1541 codici·

169 1553 234 1584 bus
251 1555 396 1594 praeter
411 1562 518 1584 unum
537 1552 710 1585 omnibus.
728 1552 867 1585 Deinde
885 1553 969 1585 libri
986 1563 1108 1586 omnes
1125 1546 1241 1591 οὕτως
1254 1547 1443 1586 ἔπιδώσοι.
1462 1553 1562 1585 Unus

168 1596 297 1639 Angel.
317 1607 358 1629 w.
377 1591 551 1629 ἐπιδώσει
571 1607 591 1628 a
608 1607 661 1640 pr.
680 1607 798 1629 manu.

258 1640 404 1679 καλῶς
432 1636 619 1685 ἐρωτᾷς,
649 1638 702 1683 ἔφ
713 1638 752 1684 η]
784 1643 827 1675 V.
858 1640 997 1683 καλῶς,
1016 1637 1109 1684 ἔφη,
1139 1636 1297 1685 ἐρωτᾷς,
1317 1643 1443 1674 contra
1460 1640 1563 1674 fidem

167 1686 381 1729 optimorum
396 1686 577 1719 librorum.

169 1808 240 1831 eor.
268 1797 474 1838 Artifie.11,
507 1799 560 1830 77.
593 1815 634 1821 —-
667 1796 833 1830 Ceterum
901 1798 1012 1839 plinis
1043 1798 1258 1830 liberalibus
1298 1795 1496 1829 erudiretur
1527 1800 1565 1829 et

168 1842 342 1885 pingendi
374 1844 444 1874 arti
476 1842 542 1874 illo
571 1844 731 1884 tempore
763 1852 833 1874 non
901 1843 1042 1875 arcessi
1059 1842 1217 1875 Pericles
1241 1841 1494 1884 Antigenidam
1518 1842 1562 1873 ti-

169 1888 278 1930 pauci
293 1886 520 1927 studuerunt,
547 1897 578 1921 v.
598 1886 746 1919 Aristot.
765 1886 833 1919 Po·
901 1887 1056 1919 bicinem
1074 1888 1252 1926 iussisset,
1276 1890 1315 1918 ut
1337 1896 1416 1918 eum
1433 1896 1562 1918 canere

170 1933 225 1964 lit.
242 1932 341 1964 VIII.
359 1934 397 1965 3:
424 1928 498 1964 ἔστι
517 1927 558 1964 δὲ
578 1928 734 1974 τέτταρα
751 1941 831 1983 ‹538-
899 1932 1002 1963 tibiis
1019 1931 1176 1971 doceret,
1195 1931 1350 1963 traditas
1366 1930 1437 1962 sibi
1454 1930 1564 1962 tibias

170 1971 240 2009 δὸν
257 1968 281 2008 ἃ
302 1971 503 2008 παιδεύειν
520 1971 692 2018 εἰώθασι,
716 1987 831 2018 γραμ-
900 1986 1007 2018 quum
1025 1975 1071 2008 ad
1087 1986 1127 2008 os
1145 1975 1371 2008 adhibuisset
1387 1975 1563 2007 inflasset·

169 2031 270 2063 ματα
286 2018 351 2052 καὶ
375 2015 634 2072 γυμναστικὴ)
655 2018 718 2053 καὶ
740 2031 830 2062 μου·
899 2031 982 2062 que,
1011 2019 1227 2063 pudefactus
1245 2020 1316 2053 oris
1333 2019 1562 2052 deformitate

169 2060 280 2107 σικὴν
301 2062 366 2097 καὶ
391 2075 547 2107 τετταρα
597 2075 670 2098 νιοι
694 2076 830 2108 γραφι-
901 2066 1034 2098 abiecit
1064 2065 1308 2106 infregitque,
1342 2073 1450 2105 quum
1481 2063 1564 2096 Plu-

170 2104 255 2187 ,ιιι
278 2109 438 2186 θῑρῖεῑο
463 2108 771 2186 ὴεεήεκῑῑετῑῖ
790 2105 831 2186 ’ἓ
901 2109 1137 2187 ἳιῑὲιὲῑῗῑ
1153 2108 1563 2195 <332³be2·12}3300;222

171 2194 212 2231 τὸ
230 2164 373 2241 κέἳνεῗν
389 2165 532 2231 ἔάκξέὂν
546 2164 725 2240 ἴεῖνιτῶν
743 2166 833 2240 ἔὲγεὲ
901 2198 981 2251 ὃεῖ
1015 2192 1060 2230 οὗ
1084 2193 1154 2239 γὰρ
1183 2196 1285 2230 ἴσασι
1315 2151 1565 2239 (ξιαλέγεσθαι

170 2238 336 2276 κάλλιον.
900 2252 975 2275 nte.
1039 2241 1125 2273 Inde
1158 2242 1249 2274 haec
1290 2241 1484 2283 disciplina
1519 2241 1565 2273 ab

898 2286 1182 2319 Atheniensibus
1251 2286 1446 2328 reprobata
1498 2288 1565 2325 est,

215 2331 255 2367 C.
277 2326 532 2374 Ὀρθαγόρᾳ
556 2330 611 2375 τῷ
629 2329 828 2374 Θηβαίῳ]
901 2341 936 2364 v.
968 2331 1120 2363 Aristot.
1159 2330 1267 2364 Polit.
1297 2330 1395 2363 VIII.
1423 2331 1461 2362 6:
1499 2340 1564 2362 κα-

170 2377 250 2410 Νοιι
273 2376 419 2409 dubium
446 2376 606 2416 videtur,
639 2377 725 2418 quin
742 2375 834 2407 idem
902 2374 1024 2413 καλῶς
1041 2369 1329 2425 ἀπεδοκίμασαν
1350 2367 1468 2407 αὖτοῦ
1484 2373 1565 2412 (τοῦ

171 2422 219 2454 sit
233 2420 458 2462 Orthagoras
474 2421 631 2461 tibicen,
657 2420 715 2452 cui
738 2420 833 2462 Epa·
903 2414 1037 2460 αὐλοῦ)
1068 2416 1108 2452 οἷ
1134 2429 1315 2461 προτερον
1343 2413 1413 2461 τὴν
1428 2417 1566 2495 ἐρῆσιν

171 2465 359 2498 minondas
376 2475 521 2507 operam
546 2461 686 2498 dedisse
704 2464 836 2496 dicitur
902 2459 941 2497 ἐκ
962 2463 1034 2497 τῶν
1056 2461 1149 2497 νέων
1164 2461 1229 2496 καὶ
1254 2462 1327 2496 τῶν
1342 2457 1425 2495 ἕλευ

172 2521 229 2553 ap.
246 2509 377 2541 Athen.
401 2520 435 2551 p.
457 2510 579 2543 1841).
606 2510 691 2541 Fuit
715 2512 833 2541 autem
903 2509 1037 2550 καίπερ
1076 2503 1301 2551 χρησάμενοι
1346 2501 1387 2539 τὸ
1420 2506 1566 2548 πρῶτον

171 2554 306 2587 Thebis
316 2564 374 2586 ars
386 2554 487 2586 tibiis
495 2553 647 2585 cauendi
658 2555 692 2585 in
700 2563 835 2585 summo
903 2565 926 2585 α
934 2547 1017 2596 ὗτῷ.
1038 2552 1134 2585 Idem
1144 2553 1187 2585 de
1195 2553 1306 2585 tibiae
1315 2561 1383 2583 usu
1391 2551 1568 2584 iudicavit

171 2600 305 2632 honore
321 2624 329 2640 ,
370 2598 525 2639 indeque
558 2598 602 2630 ad
636 2597 835 2630 Alcibiadis
904 2598 1009 2629 I'lato
1027 2597 1070 2630 de
1087 2607 1159 2639 rep.
1178 2597 1243 2629 111.
1267 2607 1301 2638 p.
1318 2596 1383 2628 399
1399 2595 1427 2626 C
1446 2600 1483 2627 et
1498 2596 1566 2628 ini·

172 2646 332 2677 aetatem
349 2642 453 2675 multi
470 2642 547 2674 eiu-⁴³
565 2642 654 2674 artis
672 2642 836 2684 magistri
906 2643 1011 2682 quius
1044 2643 1154 2674 ctiam
1184 2640 1294 2673 multo
1324 2644 1408 2672 ante
1433 2639 1565 2682 Pytha·

171 2688 335 2721 Athenas
359 2687 527 2719 arcessiti
550 2691 644 2720 sunt..
677 2686 837 2719 Alcibia-
904 2697 1011 2728 goras
1033 2689 1126 2718 teste
1159 2684 1305 2717 Aristid.
1343 2684 1491 2724 Quinct.
1523 2683 1567 2717 de

172 2732 236 2765 des
254 2735 387 2772 autem,
405 2734 446 2764 ut
462 2732 515 2764 ait
538 2731 617 2763 Aul.
638 2730 777 2763 Gellius
794 2730 836 2764 N.
906 2731 999 2762 Mus.
1018 2731 1064 2762 11.
1083 2741 1115 2773 p.
1137 2731 1210 2764 110.

172 2777 215 2811 A.
233 2778 286 2817 15,
307 2778 359 2819 17,
378 2786 485 2818 quum
508 2775 603 2818 apud
621 2775 837 2807 avunculum
951 2776 993 2807 Ι).
1020 2774 1120 2817 Πρω
1130 2768 1237 2817 ταγό
1275 2783 1300 2815 ᾳ
1323 2769 1464 2816 cury]
1484 2782 1567 2815 grn-

172 2820 352 2855 Periclcm
379 2830 468 2863 puer
491 2820 632 2853 artibus
664 2830 708 2853 ac
731 2819 836 2852 disci·
904 2819 986 2852 vius
1004 2819 1070 2852 hoc
1088 2828 1194 2861 quam
1211 2827 1253 2851 σο
1286 2825 1389 2861 συγγ.

1459 2472 1565 2503 ερων,
