1682 2944
243 195 291 230 16
705 191 1095 232 PROLEGOMENA

238 314 367 342 omnes
394 302 614 352 cognatione
651 303 815 354 quadam
843 303 944 342 inter
979 316 1020 342 se
1048 303 1310 351 continentur,
1348 304 1560 343 mirandum

237 370 314 396 non
341 363 418 406 est,
457 359 557 409 quod
592 358 708 407 vulgo
744 358 936 409 sophistae
974 363 1089 410 atque
1126 359 1295 399 rhetores
1333 360 1561 398 commisceri

237 426 361 465 neque
390 414 482 452 satis
510 413 712 462 diligenter
737 414 898 453 discerni
926 414 1069 454 solent:
1099 415 1165 466 qui
1193 428 1298 453 error
1324 414 1417 465 ipsis
1445 415 1561 454 etiam

236 469 294 516 iis,
323 469 388 520 qui
417 469 630 508 rhetoricen
658 473 697 508 et
724 469 954 520 sophisticen
982 470 1226 519 profitentur,
1256 470 1463 508 communis
1491 476 1560 509 est.

236 524 384 563 Videtis
411 524 544 573 igitur,
583 537 659 576 quo
686 524 768 563 iure
794 525 957 563 dixerim
984 526 1197 564 rhetoricen
1225 539 1306 564 esse
1335 525 1563 564 adulationis

236 579 458 629 particulam
487 584 526 618 et
553 580 747 619 civilitatis
764 581 972 630 particulae
990 581 1243 619 simulacrum.
1274 582 1315 619 P.
1338 584 1428 619 463.
1446 581 1561 619 D.—

238 638 329 673 466.
359 637 405 672 A.
442 634 549 676 Quae
571 635 723 687 quidem
743 636 869 674 omnia
896 649 1005 674 nemo
1024 636 1096 675 erit
1121 637 1213 688 quin
1232 641 1413 686 protenus
1431 637 1560 675 videat

235 690 400 728 maxime
430 703 473 728 eo
501 691 703 741 pertinere,
734 696 778 730 ut
814 691 1027 730 rhetoricen
1056 691 1292 740 intelligatur
1319 705 1396 730 non
1425 691 1559 729 immu-

235 758 322 783 nem
349 746 532 785 mansisse
561 759 584 784 a
611 746 837 796 sophisticae
873 747 1111 795 contagione,
1151 747 1217 785 sed
1245 747 1371 796 potius
1401 760 1485 784 eum
1515 760 1560 785 ea

234 801 394 840 mixtam
429 814 511 840 esse
549 805 589 840 et
625 802 837 841 conflatam.
904 802 1093 840 Nimirum
1130 803 1201 840 hoe
1237 802 1361 851 ipsum
1406 803 1557 840 demum

234 857 300 895 ubi
328 860 513 903 tenemus,
542 857 642 895 clara
669 862 708 896 et
734 857 932 907 perspicua
959 858 1058 896 fiunt
1085 870 1140 904 ea,
1179 870 1277 908 quae
1305 857 1344 894 in
1374 857 1558 907 proximis

235 912 282 950 de
317 912 400 950 eius
426 912 466 950 vi
501 916 541 950 et
575 916 763 961 potestate
800 913 923 964 deque
961 912 1110 951 iustitia
1146 919 1186 952 et
1221 912 1411 951 iniustitia
1448 913 1560 951 aliter

236 970 350 1018 atque
378 967 493 1015 vulgo
520 968 589 1005 fiat
614 967 851 1006 informanda
876 968 1125 1006 disseruntur.

318 1022 486 1072 Suscipit
513 1022 613 1061 enim
641 1035 743 1063 nunc
776 1024 900 1062 denuo
928 1035 1138 1061 sermonem
1167 1023 1301 1069 Polus,
1341 1022 1406 1073 qui
1434 1026 1558 1061 trans·

234 1077 359 1116 missis
386 1078 443 1124 iis,
471 1090 568 1128 quae
588 1079 696 1116 modo
724 1078 898 1128 exposita
915 1084 1016 1125 sunt,
1036 1099 1091 1106 —
1111 1079 1159 1116 ad
1187 1091 1284 1130 quae
1313 1082 1440 1117 tamen
1459 1077 1559 1115 infra

235 1133 407 1172 Socrates
434 1133 653 1172 idemtidem
670 1133 887 1180 revertitur,
915 1133 1173 1172 adversarium
1202 1133 1257 1172 ita
1284 1135 1450 1172 refutaoe
1477 1137 1557 1171 stu-

234 1189 310 1236 det,
338 1192 382 1228 ut
409 1193 560 1227 moneat
587 1194 752 1228 emtores
772 1193 872 1228 certe
889 1189 1095 1239 plurimum
1122 1189 1162 1226 in
1180 1188 1400 1227 civitatibus
1418 1188 1556 1226 valere.

234 1244 318 1282 Hoc
346 1247 473 1283 autem
511 1244 654 1283 iudicat
688 1258 764 1282 non
800 1245 918 1282 fuisse
954 1245 1148 1289 futurum,
1186 1244 1219 1281 si
1254 1243 1441 1282 rhetorice
1477 1248 1557 1281 tam

233 1299 322 1338 vilis
348 1303 502 1351 tamque
529 1299 676 1338 abiecta
704 1304 822 1345 esset,
861 1311 974 1350 quam
1002 1299 1058 1337 illi
1087 1298 1273 1337 videatur.
1331 1299 1406 1336 Sed
1442 1302 1557 1345 negat

234 1355 407 1394 Socrates
444 1368 526 1393 eam
563 1359 655 1393 esse'
683 1355 890 1404 potentiam
937 1354 1218 1404 appellandam,
1266 1366 1364 1404 quae
1401 1352 1557 1391 habenti

234 1422 310 1448 non
338 1410 388 1448 sit
415 1410 541 1449 utilis:
571 1410 715 1447 nullam
745 1414 873 1448 autem
891 1408 1098 1448 utilitatem
1126 1408 1338 1447 oratoribus
1357 1421 1425 1457 per
1452 1408 1557 1445 illam

233 1465 441 1515 potentiam
478 1465 605 1504 afferri
643 1478 692 1503 ex
720 1478 764 1503 eo
801 1477 982 1514 apparere
1010 1464 1236 1511 arbitratur,
1274 1463 1374 1514 quod
1412 1463 1556 1501 nullam

233 1521 400 1559 habeant
426 1533 556 1558 earum
583 1533 711 1558 rerum
746 1519 1017 1568 cognitionem,
1056 1520 1103 1558 de
1138 1519 1276 1570 quibus
1311 1523 1437 1567 agant.
1493 1519 1563 1567 Ad,

233 1575 327 1614 haec
354 1588 444 1614 vero
470 1576 584 1614 Polus
611 1575 666 1613 ita
692 1576 911 1625 respondet,
940 1579 985 1613 ut
1009 1587 1193 1613 summam
1221 1587 1303 1612 csse
1331 1586 1462 1612 eorum
1489 1585 1556 1611 au-

234 1631 448 1670 ctoritatem
476 1634 516 1669 et
541 1631 750 1681 potentiam
765 1632 1023 1669 demonstrare
1051 1634 1218 1668 conetur.
1259 1630 1424 1668 Possunt
1442 1628 1554 1674 enim,

234 1686 369 1738 inquit,
398 1697 642 1737 quoscunque
670 1686 864 1725 voluerint
900 1691 1148 1737 tyrannorum
1185 1685 1305 1723 instar
1332 1684 1555 1730 interficere,

234 1741 342 1780 bonis
380 1741 458 1780 suis
496 1741 676 1791 spoliare,
716 1741 757 1779 in
785 1741 961 1780 exsilium
996 1741 1150 1787 eiicere,
1188 1740 1352 1791 denique
1380 1739 1556 1777 maximis

234 1797 344 1835 malis
363 1797 522 1835 afficere.
551 1797 649 1835 Tum
667 1809 757 1835 vero
777 1798 967 1836 Socrates:
996 1796 1158 1834 Faciunt
1185 1795 1337 1846 quidem
1363 1794 1426 1833 isti
1454 1794 1556 1846 quod

233 1852 398 1899 lubet,
427 1865 503 1890 non
531 1855 658 1891 autem
685 1852 736 1898 id,
764 1853 864 1903 quod
892 1852 1090 1898 volunt,
1120 1851 1152 1890 si
1180 1851 1333 1902 quidem
1349 1850 1443 1888 illud
1471 1854 1556 1889 tan-

233 1911 316 1946 tum
343 1908 591 1954 volumus,
621 1908 720 1959 quod
748 1907 857 1946 nobis
885 1907 1070 1957 optimum
1090 1906 1151 1945 sit.
1179 1906 1281 1947 Quid
1299 1906 1400 1957 quod
1420 1905 1555 1951 facere,

233 1975 331 2014 quae
359 1962 499 2009 lubeat,
529 1963 621 2001 adeo
648 1976 724 2001 non
753 1968 812 2002 est
837 1967 1029 2013 potentem
1057 1975 1150 2008 esse,
1179 1966 1224 2001 ut
1250 1974 1327 1999 non
1350 1973 1435 1998 raro
1453 1973 1554 1999 sum-

233 2031 317 2056 mae
345 2018 514 2057 insaniae
543 2023 808 2066 argumentum
845 2019 1041 2057 habeatur.
1098 2016 1167 2056 Oui
1205 2016 1357 2067 quidem
1384 2015 1553 2064 disputa-

232 2073 327 2112 tioni
355 2074 470 2112 Polus
497 2086 616 2124 quum
644 2087 720 2112 non
747 2073 887 2112 habeat
920 2073 1021 2124 quod
1047 2077 1149 2111 recte
1184 2071 1321 2121 opponi
1358 2083 1468 2120 posse
1496 2070 1554 2108 vi·

232 2129 377 2175 deatur,
398 2129 542 2168 Socrati
560 2128 671 2167 facile
690 2128 871 2175 concedit,
889 2132 934 2168 ut
951 2127 1137 2167 dictorum
1154 2139 1308 2165 suorum
1324 2125 1552 2164 sententiam

231 2184 433 2225 dilucidius
460 2185 636 2223 illustret.
692 2185 829 2235 Itaque
866 2183 928 2222 hic
954 2183 1009 2222 ita
1035 2182 1160 2232 pergit
1185 2182 1389 2231 disputare.
1444 2179 1553 2221 Quae

232 2240 428 2287 volumus,
466 2240 610 2291 inquit,
648 2252 693 2277 ea
729 2253 805 2277 non
831 2244 985 2289 propter
1019 2251 1060 2276 se
1097 2238 1179 2288 ipsa
1214 2236 1447 2287 expetimus,
1487 2236 1552 2274 sed

231 2299 386 2345 propter
411 2295 527 2334 finem
544 2295 709 2346 aliquem
727 2294 835 2333 nobis
862 2293 1114 2344 propositum
1144 2292 1263 2331 veluti
1281 2291 1554 2330 medicamenta

232 2350 416 2389 sumimus
453 2364 528 2389 non
563 2355 718 2400 propter
751 2350 853 2400 ipsa,
891 2350 957 2388 sed
994 2348 1223 2388 valetudinis
1259 2360 1401 2386 caussa.
1468 2347 1552 2384 Iam

232 2419 353 2458 quum
379 2406 506 2445 omnia
542 2410 610 2445 aut
645 2407 744 2444 bona
780 2410 849 2443 aut
883 2405 984 2443 mala
1018 2404 1096 2442 sint
1132 2409 1199 2442 aut
1235 2415 1305 2441 nee
1347 2402 1447 2440 bona
1483 2414 1553 2439 nec

232 2461 352 2508 mala,
390 2474 456 2508 ea,
485 2474 583 2512 quae
610 2461 651 2498 in
677 2461 813 2499 horum
840 2473 997 2499 numero
1024 2459 1232 2506 habentur,
1267 2470 1344 2496 non
1370 2456 1450 2503 sui,
1486 2457 1552 2494 sed

232 2517 416 2555 bonorum
444 2529 577 2555 caussa
603 2516 702 2555 velle
730 2520 846 2567 atque
873 2517 995 2554 faeere
1022 2515 1197 2554 solemus.
1253 2512 1442 2555 Quorsum
1469 2524 1552 2561 per·

233 2572 358 2612 tinent
395 2585 470 2610 non
498 2571 621 2610 solum
658 2571 743 2618 illa,
781 2583 879 2623 quae
922 2571 999 2618 ire,
1036 2571 1185 2617 sedere,
1223 2581 1393 2614 currere,
1431 2567 1553 2613 edere,

236 2628 366 2667 bibere
401 2640 591 2673 vocamus,
635 2627 701 2665 sed
738 2626 853 2665 etiam
890 2639 956 2672 ea,
992 2639 1090 2677 quae
1127 2630 1171 2665 tu
1198 2623 1337 2663 oratori
1373 2622 1554 2669 tribuisti,

233 2680 347 2722 buem
373 2684 524 2722 dicebas
552 2682 645 2721 alios
672 2695 782 2732 posse
808 2682 1032 2729 interficere,
1062 2681 1171 2721 bonis
1198 2679 1278 2719 suis
1304 2678 1474 2729 privare,
1509 2677 1551 2715 in
