1702 2924
486 198 728 239 GORGIAS.
757 199 803 238 P.
833 197 926 238 473.
956 199 1016 238 ed.
1048 199 1104 237 St.
1396 199 1473 234 169

213 310 320 370 Cap.
351 310 526 354 XXIX.
595 311 692 352 ΣΩ.
741 309 1046 363 Μορμολύττει
1095 303 1176 358 αὖ,
1225 302 1259 350 ὦ
1306 310 1476 360 γενναῖε

127 380 276 429 Hane,
319 377 390 420 καὶ
427 377 507 419 οὐκ
536 374 736 430 ἐλέγχεις·
776 377 871 428 ἀρτι
910 374 956 416 δὲ
995 373 1249 428 ἐμαρτύρου.
1287 372 1402 427 ὅμως
1430 372 1475 414 δὲ

126 444 378 498 ὑπόμνησόν
404 457 456 498 με
483 442 663 496 σμικρόν
679 457 687 465 ·
718 439 793 482 ἐὰν
821 440 977 490 ἀδίκως
1004 439 1296 494 ἐπιβουλεύων
1322 453 1475 493 τυραν-

127 510 226 561 νίδι,
255 506 390 559 εἶπες;
443 509 586 549 ΠΩΛ.
612 502 802 561 ’Ἔγωγε
853 507 951 556 Σῼ.
981 503 1374 559 Εὐδαιμονέστερος
1400 503 1478 559 μὲν

126 576 277 618 τοίνυν
305 572 509 617 οὐδέποτε
536 570 652 615 ἔσται
678 568 902 625 οὐδέτερος
930 566 1098 623 αὐτῶν,
1140 573 1238 612 οὔτε
1266 570 1290 613 ὁ
1318 584 1477 624 κατειρ-

126 640 337 695 γασμένος
375 638 454 695 τὴν
490 638 726 693 τυραννίδα
763 638 920 686 ἀδίκως
961 640 1059 679 οὔτε
1096 636 1120 679 ὁ
1148 636 1271 691 δίκην
1309 636 1475 687 διδούς·

126 707 253 749 δυοῖν
290 705 374 760 γὰρ
411 705 582 748 ἀθλίοιν
631 701 1006 759 εὐδαιμονέστερος
1051 701 1130 757 μὲν
1167 699 1249 744 οὐκ
1296 702 1350 744 ἂν
1389 702 1477 757 εἴη·

125 772 384 826 ἀθλιώτερος
421 768 567 824 μέντοι
603 770 627 813 ὁ
662 769 890 824 διαφυγὼν
935 767 1005 811 καὶ
1045 767 1349 823 τυραννεύσας.
1427 769 1479 810 Τί
1508 765 1545 808 Ε

126 907 250 950 ληφθῇ
274 903 457 949 τυραννίδι
481 903 724 948 ἐπιβουλεύων
756 917 785 939 κ.
810 917 837 938 τ.
862 905 909 943 L,
945 902 1091 947 abrupte
1115 913 1136 936 a
1159 903 1299 936 Socrate
1322 906 1478 946 repetan-

125 957 181 986 tur
215 951 275 986 sed
299 963 331 985 v.
356 963 434 987 ann.

182 977 291 1031 ὀὔτε
321 995 341 1029 ὁ
374 996 503 1040 δίκην
540 994 708 1040 διδούς]
749 994 851 1039 δίκην
889 1006 954 1029 om.
986 994 1104 1028 Clark.
1142 994 1221 1027 Vat.
1253 993 1359 1027 Coisl.
1391 994 1478 1027 Ven.

132 1042 212 1077 ΞΣ.
235 1043 337 1076 vind.
362 1041 395 1076 1.
417 1041 451 1076 2.
474 1041 507 1076 6.
531 1040 562 1075 7.
586 1042 664 1074 Par.
688 1041 878 1074 BCEIW.
911 1044 945 1074 et
966 1051 1018 1084 pr.
1040 1041 1079 1074 F.
1103 1040 1195 1073 Flor.
1220 1050 1251 1072 a.
1274 1040 1308 1072 b.
1333 1049 1363 1072 c.
1387 1040 1409 1072 f.
1433 1052 1478 1074 m.

130 1100 160 1122 o.
185 1099 212 1121 s.
235 1089 326 1132 Aug.
348 1087 447 1121 Bodl.
469 1087 609 1120 Meerm.
656 1087 698 1119 In
722 1087 812 1120 Flor.
838 1098 872 1119 x.
904 1090 938 1119 et
961 1097 1044 1119 corr.
1068 1087 1107 1119 F.
1137 1089 1190 1118 est
1221 1082 1240 1118 ὁ
1273 1083 1394 1120 διδοὺς
1427 1085 1477 1118 δι’·

128 1146 203 1177 κην.
251 1135 349 1167 Unus
372 1133 464 1166 Flor.
490 1133 521 1166 d.
546 1130 567 1165 ὁ
592 1132 694 1176 δίκην
719 1130 848 1167 διδούς.
889 1132 1039 1165 Omissio
1063 1131 1160 1164 vocis
1182 1133 1320 1174 propter
1342 1131 1477 1164 initium

128 1179 308 1213 consimile
331 1178 494 1212 vocabuli
524 1179 739 1221 insequentis
768 1178 879 1218 faeta,
927 1177 996 1210 nisi
1024 1177 1111 1210 forte
1142 1187 1224 1209 vera
1255 1176 1358 1210 lectio
1384 1181 1437 1210 est
1460 1175 1479 1209 ὁ

130 1225 232 1268 δίκην
256 1223 357 1263 δούς,
390 1223 480 1267 quod
504 1223 612 1257 latere
635 1224 773 1256 videtur
803 1224 839 1255 in
862 1222 1088 1266 plurimorum
1110 1222 1277 1256 librorum
1300 1223 1479 1265 scriptura.

128 1270 440 1304 Winckelmannus
472 1270 551 1302 Aet.
574 1269 699 1302 Societ.
735 1269 793 1302 Gr.
818 1269 911 1311 Lips.
937 1269 1017 1301 Vol.
1038 1268 1083 1300 ΙΙ.
1114 1269 1215 1302 Fasc.
1238 1267 1266 1300 1.
1297 1278 1329 1310 p.
1354 1267 1410 1301 19.
1431 1268 1479 1301 le-

127 1315 277 1360 gendum
302 1316 395 1348 coni.
425 1312 547 1352 ἁλούς,
580 1318 620 1347 ut
652 1314 814 1348 audacter
846 1314 983 1357 scripsit
1013 1314 1130 1347 Herm.
1166 1315 1212 1346 Et
1241 1317 1383 1346 tuentur
1404 1314 1480 1346 vul-

128 1365 245 1405 gatam
267 1360 330 1393 illa
353 1371 385 1403 p.
409 1358 487 1393 478.
511 1360 550 1392 Ε.

195 1407 235 1439 Ε.
275 1403 294 1438 ὁ
330 1403 565 1448 διαφυγών
604 1404 673 1438 καὶ
707 1404 808 1448 τυρ.]
857 1404 972 1438 Clark.
1005 1404 1083 1438 Vat.
1114 1404 1220 1438 Coisl.
1250 1404 1353 1437 Vind.
1385 1403 1417 1437 1.
1447 1403 1479 1438 2.

127 1453 206 1484 Par.
245 1451 476 1484 BCEFIW.
528 1450 721 1484 Florentini
762 1448 967 1494 διαφεύγων
1011 1450 1183 1494 frequenti
1217 1451 1478 1494 permutatione.

128 1498 296 1531 Praesens
318 1497 449 1540 recepit
470 1496 589 1529 Herm.
611 1496 749 1529 iniuria.

130 1610 283 1653 plicium,
307 1609 399 1652 quod
420 1611 552 1642 veteres
575 1612 590 1641 t
596 1620 620 1641 u
628 1620 650 1641 n
658 1610 670 1641 i
678 1619 697 1642 0
705 1619 725 1641 a
733 1620 767 1641 m

128 1667 163 1688 m
172 1667 191 1688 o
200 1655 213 1688 l
221 1667 239 1688 e
249 1666 266 1689 s
274 1659 314 1688 ta
321 1667 356 1688 m
378 1654 629 1698 nuncupabant
638 1680 646 1696 ,
670 1655 768 1687 ouius

836 1606 914 1652 ἄρτι
952 1608 992 1642 δὲ
1036 1607 1253 1652 ἐμαρτύρου,
1298 1608 1478 1642 adduntur.

837 1654 987 1688 Gravius
1035 1655 1126 1688 enim
1170 1655 1481 1689 commonefaciunt

129 1702 358 1734 meminerunt
371 1701 460 1733 inter
475 1700 562 1733 alios
586 1701 603 1732 I
611 1711 635 1732 u
643 1711 666 1732 v
675 1711 693 1733 e
703 1711 726 1732 n
735 1711 768 1733 a-

130 1747 188 1779 lis
218 1747 288 1780 Sat.
313 1747 410 1779 VIII.
439 1756 472 1778 v.
496 1744 573 1779 235.
604 1750 638 1778 et
665 1747 770 1778 Mar-

130 1792 221 1824 tial.
245 1792 360 1834 Epigr.
386 1791 429 1832 X,
453 1790 507 1824 25.
550 1791 648 1824 Haec
669 1792 769 1824 nimi-

129 1848 206 1870 rum
243 1838 412 1880 ignium
452 1837 682 1869 alimentis
719 1837 769 1869 il-

130 1883 215 1915 lita
244 1887 285 1915 et
316 1883 513 1922 intexta,
549 1885 588 1914 ut
619 1882 769 1915 Senec.

130 1928 240 1970 Epist.
264 1927 318 1960 14.
346 1931 507 1960 testatum
535 1927 693 1970 reliquit,
723 1938 770 1960 ac

132 1984 226 2005 mox
267 1983 480 2005 succensa
519 1972 611 2005 dire
645 1972 770 2006 obvo-

131 2019 252 2051 lutos
275 2019 450 2059 noxios,
479 2018 552 2060 qui
583 2018 770 2051 sceleris

130 2063 355 2107 gravioris
379 2063 588 2106 comperti
612 2063 769 2105 forent,

131 2108 341 2141 incendio
381 2108 664 2141 absumebat.”
701 2109 769 2142 vid.

133 2153 369 2187 Gallonius
400 2154 441 2187 de
471 2154 663 2196 Martyrum
688 2155 771 2188 Cru-

77 2242 79 2245 .
133 2198 280 2232 ciatibus
302 2210 335 2242 p.
357 2198 435 2233 360.
459 2210 486 2232 c.
510 2199 605 2232 VIII.

179 2245 248 2276 καὶ
296 2248 376 2277 τῶν
427 2242 568 2277 ἄλλων
614 2244 769 2289 ξένων]

133 2294 262 2332 atque
286 2293 538 2332 ‚praeterea
583 2301 610 2323 s.
641 2295 770 2333 atque

134 2336 267 2367 etiam
307 2345 328 2367 a
364 2336 622 2377 peregrinis.
664 2347 697 2368 V.
727 2336 770 2369 ad

133 2380 280 2424 Apolog.
303 2380 431 2412 Socrat.
455 2391 487 2422 p.
510 2378 565 2413 36.
589 2381 627 2414 Β.
653 2382 769 2425 Symp.

133 2436 165 2468 p.
189 2424 265 2458 191.
290 2426 329 2457 Β.
353 2425 398 2457 al.

180 2471 263 2513 Cap.
287 2470 415 2503 XXIX.
439 2470 483 2502 D.
516 2469 769 2512 Μορμολύτ·

137 2527 199 2548 tec
223 2509 771 2569 a5—]·T·errieulamenta

136 2562 370 2649 ἓὲἒξςιῖξειί
379 2571 398 2594 e
406 2571 695 2648 lqsug-mzztgloed
705 2574 770 2640 311ιῖ

135 2651 286 2728 ἷῇἕξέο
329 2656 434 2684 ante
471 2652 662 2729 tei-sttibus
707 2653 771 2731 {d-

136 2707 246 2775 debla
254 2707 298 2774 sle
319 2708 402 2776 Νῗιῗ
421 2708 496 2775 sii-12
520 2707 650 2776 (151εέξέ
666 2709 770 2778 Ιιῗιοὲζ

837 1701 1026 1742 legentium
1049 1701 1182 1734 animos
1206 1700 1248 1733 de
1270 1701 1377 1734 variis
1401 1702 1480 1734 arti-

837 1746 903 1779 bus
912 1770 921 1787 ,
951 1756 1038 1788 quas
1063 1746 1219 1789 sophista
1240 1746 1284 1779 ad
1306 1747 1480 1780 Socratem

839 1791 1095 1834 coarguendum
1106 1792 1232 1824 frustra
1244 1791 1393 1825 adhibet.
1413 1793 1481 1824 Ita-

839 1847 904 1879 que
928 1837 1036 1869 nolim
1059 1838 1146 1870 haec
1167 1838 1211 1870 ab
1235 1837 1267 1870 A
1277 1838 1360 1870 stio
1384 1839 1482 1870 unci-

839 1883 893 1915 nis
915 1882 960 1914 ab
992 1883 1124 1925 reliquo
1155 1893 1311 1916 sermone
1347 1883 1482 1916 seclusa

840 1931 964 1961 essent.
1010 1928 1130 1970 Neque
1161 1928 1331 1961 assentior
1353 1929 1387 1960 H
1396 1929 1481 1961 ein-

839 1973 860 2006 d
870 1984 889 2006 0
897 1984 914 2005 r
922 1974 939 2004 f
941 1974 954 2005 i
963 1985 982 2007 ο
992 1998 1000 2014 ,
1049 1974 1107 2016 qui
1146 1973 1345 2016 requirebat
1386 1974 1481 2007 huno

840 2020 1019 2051 verborum
1053 2018 1225 2052 ordinem:
1261 2017 1339 2061 ἄρτι
1375 2019 1480 2063 ἐμαρ-

840 2062 947 2106 τύρου
959 2089 967 2105 ,
1010 2068 1076 2097 νῦν
1109 2062 1138 2097 δ’
1171 2059 1216 2097 αὖ
1246 2063 1479 2107 μορμολύττει.

839 2110 893 2142 De
916 2111 1022 2143 verbo
1053 2109 1351 2151 μορμολύττεσθαι
1379 2122 1413 2144 v.
1436 2111 1480 2144 ad

839 2155 969 2188 Criton.
992 2166 1024 2198 p.
1049 2154 1126 2189 116.

887 2197 1154 2244 ὑπόμνησόν
1191 2212 1240 2241 με
1273 2200 1478 2243 σμικρόν·

840 2243 886 2278 ἑὰ
901 2258 919 2278 ν
950 2243 1012 2279 α’δ.
1045 2265 1089 2270 -
1122 2242 1287 2290 εἶπες,·]
1332 2257 1480 2280 verum

839 2295 981 2324 tamen
1024 2292 1273 2334 paullulum
1311 2303 1372 2324 me
1415 2293 1479 2325 ad-

839 2347 981 2370 mone:
1006 2347 1123 2377 „num
1147 2337 1327 2379 dixisti,
1362 2338 1400 2371 si
1422 2339 1480 2371 in-

838 2383 954 2415 iuste
1023 2383 1310 2426 tyrannidem
1374 2383 1481 2417 affe-

840 2432 904 2460 cte
913 2427 970 2460 t‘?''
1016 2429 1068 2461 Ita
1090 2429 1176 2461 haec
1205 2433 1297 2462 recte
1321 2428 1481 2462 distinxit

838 2473 1085 2514 Bekkerus‚
1130 2484 1240 2516 neque
1287 2485 1372 2517 opus
1416 2480 1479 2516 est,

839 2522 877 2551 ut
900 2523 979 2551 ante
1005 2516 1068 2551 ἐάν
1090 2519 1262 2552 inseratur
1285 2531 1302 2552 ε
1312 2519 1342 2558 ί,
1374 2531 1479 2563 quum

838 2564 1072 2607 interrogandi
1100 2564 1225 2598 vocula
1252 2570 1344 2598 reete
1368 2566 1479 2598 omitti

838 2612 996 2652 potuerit.
1040 2609 1095 2642 Ad
1118 2609 1224 2643 verba
1262 2609 1326 2643 ἐὰν
1350 2608 1478 2646 ἀδίκως

840 2654 992 2696 ἑπιβουλ.
1018 2655 1200 2697 τυραννίδι
1211 2667 1229 2689 e
1244 2656 1479 2699 superioribus

838 2704 951 2732 mente
979 2701 1217 2744 repetendum:
1250 2705 1352 2734 ταῦτα
1386 2705 1477 2745 ποιῇ,

841 2742 989 2788 ζηλωτὸς
1021 2747 1114 2780 ἔσται
1149 2747 1206 2781 καὶ
1237 2744 1478 2790 εὐδαιμονιζό-
