<?xml version="1.0" encoding="UTF-8"?>
<!DOCTYPE html PUBLIC "-//W3C//DTD XHTML 1.0 Transitional//EN"
    "http://www.w3.org/TR/xhtml1/DTD/xhtml1-transitional.dtd">
<html xmlns="http://www.w3.org/1999/xhtml" xml:lang="en" lang="en">
 <head>
  <title>
</title>
<meta http-equiv="Content-Type" content="text/html;charset=utf-8" />
  <meta name='ocr-system' content='tesseract 3.04.00' />
  <meta name='ocr-capabilities' content='ocr_page ocr_carea ocr_par ocr_line ocrx_word'/>
</head>
<body>
  <div class='ocr_page' id='page_1' title='image "./operaomniarecens02platuoft/operaomniarecens02platuoft_0085.png"; bbox 0 0 1690 2912; ppageno 0'>
   <div class='ocr_carea' id='block_1_1' title="bbox 487 183 1469 226">
    <p class='ocr_par' dir='ltr' id='par_1_1' title="bbox 487 183 1469 226">
     <span class='ocr_line' id='line_1_1' title="bbox 487 183 1469 226; baseline -0.007 1"><span class='ocrx_word' id='word_1_1' title='bbox 487 186 716 226; x_wconf 81' lang='lat' dir='ltr'><strong>GORGIAS</strong></span> <span class='ocrx_word' id='word_1_2' title='bbox 743 187 786 226; x_wconf 93' lang='lat' dir='ltr'>P.</span> <span class='ocrx_word' id='word_1_3' title='bbox 818 186 911 225; x_wconf 81' lang='lat'>447.</span> <span class='ocrx_word' id='word_1_4' title='bbox 942 185 999 223; x_wconf 90' lang='lat' dir='ltr'>ed.</span> <span class='ocrx_word' id='word_1_5' title='bbox 1030 183 1086 223; x_wconf 84' lang='lat' dir='ltr'>St.</span> <span class='ocrx_word' id='word_1_6' title='bbox 1417 184 1469 221; x_wconf 88' lang='grc'>79</span> 
     </span>
    </p>
   </div>
   <div class='ocr_carea' id='block_1_2' title="bbox 113 285 1553 352">
    <p class='ocr_par' dir='ltr' id='par_1_2' title="bbox 113 285 1553 352">
     <span class='ocr_line' id='line_1_2' title="bbox 113 285 1553 352; baseline -0.005 -11"><span class='ocrx_word' id='word_1_7' title='bbox 113 299 253 352; x_wconf 70' lang='grc' dir='ltr'><em>ἀγορᾷ·</em></span> <span class='ocrx_word' id='word_1_8' title='bbox 269 298 514 352; x_wconf 77' lang='grc' dir='ltr'><em>ἀναγκάσας</em></span> <span class='ocrx_word' id='word_1_9' title='bbox 534 297 647 352; x_wconf 74' lang='grc' dir='ltr'>ἡμᾶς</span> <span class='ocrx_word' id='word_1_10' title='bbox 668 297 740 338; x_wconf 84' lang='grc' dir='ltr'>δια</span> <span class='ocrx_word' id='word_1_11' title='bbox 754 299 912 350; x_wconf 79' lang='grc' dir='ltr'><strong>τρῖψαι.</strong></span> <span class='ocrx_word' id='word_1_12' title='bbox 945 297 1064 337; x_wconf 90' lang='grc' dir='ltr'><strong>ΧΑΙ.</strong></span> <span class='ocrx_word' id='word_1_13' title='bbox 1077 293 1216 336; x_wconf 75' lang='grc' dir='ltr'><strong>Οὐδὲν</strong></span> <span class='ocrx_word' id='word_1_14' title='bbox 1236 298 1423 346; x_wconf 79' lang='grc' dir='ltr'><em>πρᾶγμα,</em></span> <span class='ocrx_word' id='word_1_15' title='bbox 1440 285 1474 331; x_wconf 80' lang='grc' dir='ltr'><strong>ὦ</strong></span> <span class='ocrx_word' id='word_1_16' title='bbox 1515 292 1553 334; x_wconf 93' lang='grc' dir='ltr'>Β</span> 
     </span>
    </p>
   </div>
   <div class='ocr_carea' id='block_1_3' title="bbox 112 425 758 1736">
    <p class='ocr_par' dir='ltr' id='par_1_3' title="bbox 112 425 758 1736">
     <span class='ocr_line' id='line_1_3' title="bbox 115 425 758 470; baseline -0.003 -12"><span class='ocrx_word' id='word_1_17' title='bbox 115 427 288 470; x_wconf 82' lang='lat' dir='ltr'>insignem</span> <span class='ocrx_word' id='word_1_18' title='bbox 313 431 347 459; x_wconf 91' lang='lat' dir='ltr'>et</span> <span class='ocrx_word' id='word_1_19' title='bbox 377 427 619 469; x_wconf 88' lang='lat' dir='ltr'>conspicuum,</span> <span class='ocrx_word' id='word_1_20' title='bbox 656 425 758 457; x_wconf 91' lang='lat' dir='ltr'>multi</span> 
     </span>
     <span class='ocr_line' id='line_1_4' title="bbox 113 471 756 513; baseline -0.003 -9"><span class='ocrx_word' id='word_1_21' title='bbox 113 478 195 504; x_wconf 89' lang='lat' dir='ltr'>sunt</span> <span class='ocrx_word' id='word_1_22' title='bbox 209 472 384 513; x_wconf 84' lang='lat' dir='ltr'>aemulati,</span> <span class='ocrx_word' id='word_1_23' title='bbox 404 472 555 513; x_wconf 82' lang='lat' dir='ltr'><strong>adeoque</strong></span> <span class='ocrx_word' id='word_1_24' title='bbox 569 472 643 513; x_wconf 90' lang='lat' dir='ltr'>ipse</span> <span class='ocrx_word' id='word_1_25' title='bbox 656 471 756 502; x_wconf 85' lang='lat' dir='ltr'>Plato</span> 
     </span>
     <span class='ocr_line' id='line_1_5' title="bbox 115 515 756 561; baseline 0 -14"><span class='ocrx_word' id='word_1_26' title='bbox 115 517 315 561; x_wconf 73' lang='grc' dir='ltr'>γοργιάζειι·</span> <span class='ocrx_word' id='word_1_27' title='bbox 333 529 352 549; x_wconf 87' lang='lat' dir='ltr'>a</span> <span class='ocrx_word' id='word_1_28' title='bbox 376 516 555 550; x_wconf 77' lang='lat' dir='ltr'>nonnullis</span> <span class='ocrx_word' id='word_1_29' title='bbox 584 515 756 548; x_wconf 86' lang='lat' dir='ltr'>iudicatus</span> 
     </span>
     <span class='ocr_line' id='line_1_6' title="bbox 116 559 756 600; baseline -0.003 -6"><span class='ocrx_word' id='word_1_30' title='bbox 116 569 176 596; x_wconf 86' lang='lat' dir='ltr'>est.</span> <span class='ocrx_word' id='word_1_31' title='bbox 202 565 435 595; x_wconf 86' lang='lat' dir='ltr'>v.Demctr.</span> <span class='ocrx_word' id='word_1_32' title='bbox 459 561 630 594; x_wconf 82' lang='lat' dir='ltr'>Phaler.</span> <span class='ocrx_word' id='word_1_33' title='bbox 657 559 756 600; x_wconf 48' lang='lat'>528.</span> 
     </span>
     <span class='ocr_line' id='line_1_7' title="bbox 114 606 756 650; baseline -0.005 -10"><span class='ocrx_word' id='word_1_34' title='bbox 114 612 148 640; x_wconf 87' lang='lat' dir='ltr'>et</span> <span class='ocrx_word' id='word_1_35' title='bbox 179 607 234 640; x_wconf 81' lang='lat'>29.</span> <span class='ocrx_word' id='word_1_36' title='bbox 269 609 456 650; x_wconf 85' lang='lat' dir='ltr'><strong>Dionys.</strong></span> <span class='ocrx_word' id='word_1_37' title='bbox 492 606 586 638; x_wconf 83' lang='lat' dir='ltr'>Hal.</span> <span class='ocrx_word' id='word_1_38' title='bbox 628 606 664 638; x_wconf 93' lang='lat' dir='ltr'>ll.</span> <span class='ocrx_word' id='word_1_39' title='bbox 705 616 756 638; x_wconf 92' lang='lat' dir='ltr'>ce.</span> 
     </span>
     <span class='ocr_line' id='line_1_8' title="bbox 116 651 758 695; baseline -0.005 -10"><span class='ocrx_word' id='word_1_40' title='bbox 116 653 160 685; x_wconf 85' lang='lat' dir='ltr'>al.</span> <span class='ocrx_word' id='word_1_41' title='bbox 206 654 284 695; x_wconf 89' lang='lat' dir='ltr'>Ipse</span> <span class='ocrx_word' id='word_1_42' title='bbox 307 657 422 685; x_wconf 78' lang='lat' dir='ltr'>autem</span> <span class='ocrx_word' id='word_1_43' title='bbox 446 652 581 684; x_wconf 90' lang='lat' dir='ltr'>dicendi</span> <span class='ocrx_word' id='word_1_44' title='bbox 605 651 758 694; x_wconf 89' lang='lat' dir='ltr'>discipli-</span> 
     </span>
     <span class='ocr_line' id='line_1_9' title="bbox 116 697 758 739; baseline -0.003 -9"><span class='ocrx_word' id='word_1_45' title='bbox 116 709 195 730; x_wconf 87' lang='lat' dir='ltr'>nam</span> <span class='ocrx_word' id='word_1_46' title='bbox 220 698 307 730; x_wconf 86' lang='lat' dir='ltr'>tanti</span> <span class='ocrx_word' id='word_1_47' title='bbox 329 699 422 739; x_wconf 88' lang='lat' dir='ltr'>fecit,</span> <span class='ocrx_word' id='word_1_48' title='bbox 445 702 484 730; x_wconf 86' lang='lat' dir='ltr'>ut</span> <span class='ocrx_word' id='word_1_49' title='bbox 507 709 542 730; x_wconf 90' lang='lat' dir='ltr'>se</span> <span class='ocrx_word' id='word_1_50' title='bbox 566 697 676 729; x_wconf 86' lang='lat' dir='ltr'>nollet</span> <span class='ocrx_word' id='word_1_51' title='bbox 705 707 758 729; x_wconf 86' lang='lat' dir='ltr'>so-</span> 
     </span>
     <span class='ocr_line' id='line_1_10' title="bbox 114 743 757 787; baseline 0 -13"><span class='ocrx_word' id='word_1_52' title='bbox 114 744 260 786; x_wconf 85' lang='lat' dir='ltr'>phistae,</span> <span class='ocrx_word' id='word_1_53' title='bbox 269 743 327 775; x_wconf 85' lang='lat' dir='ltr'>sed</span> <span class='ocrx_word' id='word_1_54' title='bbox 341 745 454 787; x_wconf 84' lang='lat' dir='ltr'>potius</span> <span class='ocrx_word' id='word_1_55' title='bbox 462 743 608 775; x_wconf 87' lang='lat' dir='ltr'>rhetoris</span> <span class='ocrx_word' id='word_1_56' title='bbox 619 743 757 774; x_wconf 88' lang='lat' dir='ltr'>nomine</span> 
     </span>
     <span class='ocr_line' id='line_1_11' title="bbox 115 785 756 831; baseline -0.002 -11"><span class='ocrx_word' id='word_1_57' title='bbox 115 790 286 831; x_wconf 84' lang='lat' dir='ltr'>insigniri,</span> <span class='ocrx_word' id='word_1_58' title='bbox 311 799 342 820; x_wconf 89' lang='lat' dir='ltr'>v.</span> <span class='ocrx_word' id='word_1_59' title='bbox 368 789 475 820; x_wconf 78' lang='lat' dir='ltr'>Plat.</span> <span class='ocrx_word' id='word_1_60' title='bbox 503 789 607 830; x_wconf 82' lang='lat' dir='ltr'>Gorg.</span> <span class='ocrx_word' id='word_1_61' title='bbox 631 798 662 830; x_wconf 88' lang='lat' dir='ltr'>p.</span> <span class='ocrx_word' id='word_1_62' title='bbox 679 785 756 820; x_wconf 84' lang='lat'>449.</span> 
     </span>
     <span class='ocr_line' id='line_1_12' title="bbox 117 834 758 875; baseline -0.003 -9"><span class='ocrx_word' id='word_1_63' title='bbox 117 835 156 866; x_wconf 92' lang='lat' dir='ltr'>A.</span> <span class='ocrx_word' id='word_1_64' title='bbox 167 834 243 866; x_wconf 84' lang='lat' dir='ltr'>coll.</span> <span class='ocrx_word' id='word_1_65' title='bbox 254 834 329 866; x_wconf 74' lang='lat'>451.</span> <span class='ocrx_word' id='word_1_66' title='bbox 342 836 394 874; x_wconf 87' lang='lat' dir='ltr'>D.‚</span> <span class='ocrx_word' id='word_1_67' title='bbox 413 844 616 875; x_wconf 86' lang='lat' dir='ltr'>quamquam</span> <span class='ocrx_word' id='word_1_68' title='bbox 632 837 758 865; x_wconf 83' lang='lat' dir='ltr'>utram·</span> 
     </span>
     <span class='ocr_line' id='line_1_13' title="bbox 118 878 758 922; baseline -0.003 -11"><span class='ocrx_word' id='word_1_69' title='bbox 118 890 183 921; x_wconf 91' lang='lat' dir='ltr'>que</span> <span class='ocrx_word' id='word_1_70' title='bbox 208 879 421 922; x_wconf 82' lang='lat' dir='ltr'>disciplinam</span> <span class='ocrx_word' id='word_1_71' title='bbox 439 878 566 921; x_wconf 86' lang='lat' dir='ltr'>ubique</span> <span class='ocrx_word' id='word_1_72' title='bbox 586 878 701 910; x_wconf 86' lang='lat' dir='ltr'>iunxit</span> <span class='ocrx_word' id='word_1_73' title='bbox 723 882 758 909; x_wconf 88' lang='lat' dir='ltr'>et</span> 
     </span>
     <span class='ocr_line' id='line_1_14' title="bbox 117 923 758 959; baseline -0.002 -3"><span class='ocrx_word' id='word_1_74' title='bbox 117 926 341 959; x_wconf 80' lang='lat' dir='ltr'>commiscuit.</span> <span class='ocrx_word' id='word_1_75' title='bbox 366 925 493 957; x_wconf 90' lang='lat' dir='ltr'>Verum</span> <span class='ocrx_word' id='word_1_76' title='bbox 511 924 596 956; x_wconf 85' lang='lat' dir='ltr'>satis</span> <span class='ocrx_word' id='word_1_77' title='bbox 619 923 661 956; x_wconf 87' lang='lat' dir='ltr'>de</span> <span class='ocrx_word' id='word_1_78' title='bbox 673 923 758 956; x_wconf 82' lang='lat' dir='ltr'>Gor-</span> 
     </span>
     <span class='ocr_line' id='line_1_15' title="bbox 115 969 757 1012; baseline -0.002 -11"><span class='ocrx_word' id='word_1_79' title='bbox 115 970 183 1011; x_wconf 87' lang='lat' dir='ltr'>gia,</span> <span class='ocrx_word' id='word_1_80' title='bbox 208 981 308 1012; x_wconf 90' lang='lat' dir='ltr'>quem</span> <span class='ocrx_word' id='word_1_81' title='bbox 327 971 409 1002; x_wconf 81' lang='lat' dir='ltr'>artis</span> <span class='ocrx_word' id='word_1_82' title='bbox 425 970 593 1002; x_wconf 84' lang='lat' dir='ltr'>oratoriae</span> <span class='ocrx_word' id='word_1_83' title='bbox 607 969 757 1001; x_wconf 83' lang='lat' dir='ltr'>novitiae</span> 
     </span>
     <span class='ocr_line' id='line_1_16' title="bbox 116 1015 757 1057; baseline -0.002 -10"><span class='ocrx_word' id='word_1_84' title='bbox 116 1016 390 1057; x_wconf 81' lang='lat' dir='ltr'>coniunctaeque</span> <span class='ocrx_word' id='word_1_85' title='bbox 421 1026 498 1047; x_wconf 85' lang='lat' dir='ltr'>eum</span> <span class='ocrx_word' id='word_1_86' title='bbox 525 1026 564 1047; x_wconf 85' lang='lat' dir='ltr'>ea</span> <span class='ocrx_word' id='word_1_87' title='bbox 595 1015 678 1046; x_wconf 88' lang='lat' dir='ltr'>artis</span> <span class='ocrx_word' id='word_1_88' title='bbox 710 1015 757 1047; x_wconf 90' lang='lat' dir='ltr'>ci—</span> 
     </span>
     <span class='ocr_line' id='line_1_17' title="bbox 114 1059 758 1103; baseline 0.002 -12"><span class='ocrx_word' id='word_1_89' title='bbox 114 1060 194 1092; x_wconf 85' lang='lat' dir='ltr'>vilis</span> <span class='ocrx_word' id='word_1_90' title='bbox 233 1061 306 1092; x_wconf 81' lang='lat' dir='ltr'>sive</span> <span class='ocrx_word' id='word_1_91' title='bbox 338 1061 501 1103; x_wconf 80' lang='lat' dir='ltr'>politicae</span> <span class='ocrx_word' id='word_1_92' title='bbox 534 1059 626 1092; x_wconf 88' lang='lat' dir='ltr'>bello</span> <span class='ocrx_word' id='word_1_93' title='bbox 660 1059 758 1092; x_wconf 89' lang='lat' dir='ltr'>Pelo-</span> 
     </span>
     <span class='ocr_line' id='line_1_18' title="bbox 114 1106 757 1148; baseline 0 -11"><span class='ocrx_word' id='word_1_94' title='bbox 114 1106 324 1148; x_wconf 85' lang='lat' dir='ltr'>ponnesiaco</span> <span class='ocrx_word' id='word_1_95' title='bbox 366 1111 541 1147; x_wconf 80' lang='lat' dir='ltr'><strong>tamquam</strong></span> <span class='ocrx_word' id='word_1_96' title='bbox 580 1110 757 1147; x_wconf 83' lang='lat' dir='ltr'>parentem</span> 
     </span>
     <span class='ocr_line' id='line_1_19' title="bbox 113 1150 757 1183; baseline -0.002 0"><span class='ocrx_word' id='word_1_97' title='bbox 113 1151 286 1183; x_wconf 80' lang='lat' dir='ltr'>exstitisse</span> <span class='ocrx_word' id='word_1_98' title='bbox 317 1151 362 1183; x_wconf 85' lang='lat' dir='ltr'>ad</span> <span class='ocrx_word' id='word_1_99' title='bbox 392 1151 559 1183; x_wconf 89' lang='lat' dir='ltr'>sermonis</span> <span class='ocrx_word' id='word_1_100' title='bbox 583 1150 757 1183; x_wconf 83' lang='lat' dir='ltr'>Platonici</span> 
     </span>
     <span class='ocr_line' id='line_1_20' title="bbox 113 1196 758 1239; baseline -0.002 -11"><span class='ocrx_word' id='word_1_101' title='bbox 113 1196 328 1239; x_wconf 85' lang='lat' dir='ltr'>cognominis</span> <span class='ocrx_word' id='word_1_102' title='bbox 359 1196 624 1239; x_wconf 81' lang='lat' dir='ltr'>intelligentiam</span> <span class='ocrx_word' id='word_1_103' title='bbox 661 1200 758 1228; x_wconf 89' lang='lat' dir='ltr'>tenu-</span> 
     </span>
     <span class='ocr_line' id='line_1_21' title="bbox 115 1241 757 1283; baseline 0 -11"><span class='ocrx_word' id='word_1_104' title='bbox 115 1242 183 1274; x_wconf 85' lang='lat' dir='ltr'>isse</span> <span class='ocrx_word' id='word_1_105' title='bbox 215 1252 403 1283; x_wconf 85' lang='lat' dir='ltr'>sanequam</span> <span class='ocrx_word' id='word_1_106' title='bbox 435 1241 620 1283; x_wconf 82' lang='lat' dir='ltr'>plurimum</span> <span class='ocrx_word' id='word_1_107' title='bbox 644 1242 757 1273; x_wconf 86' lang='lat' dir='ltr'>refert.</span> 
     </span>
     <span class='ocr_line' id='line_1_22' title="bbox 115 1286 758 1319; baseline -0.002 -1"><span class='ocrx_word' id='word_1_108' title='bbox 115 1287 196 1318; x_wconf 84' lang='lat' dir='ltr'>Alia</span> <span class='ocrx_word' id='word_1_109' title='bbox 220 1286 261 1318; x_wconf 90' lang='lat' dir='ltr'>de</span> <span class='ocrx_word' id='word_1_110' title='bbox 286 1287 359 1319; x_wconf 90' lang='lat' dir='ltr'>eius</span> <span class='ocrx_word' id='word_1_111' title='bbox 383 1288 516 1319; x_wconf 86' lang='lat' dir='ltr'>ratione</span> <span class='ocrx_word' id='word_1_112' title='bbox 539 1297 578 1318; x_wconf 85' lang='lat' dir='ltr'>ac</span> <span class='ocrx_word' id='word_1_113' title='bbox 601 1286 758 1318; x_wconf 84' lang='lat' dir='ltr'>doctrina</span> 
     </span>
     <span class='ocr_line' id='line_1_23' title="bbox 114 1331 758 1374; baseline -0.002 -11"><span class='ocrx_word' id='word_1_114' title='bbox 114 1331 352 1374; x_wconf 81' lang='lat' dir='ltr'>philosophiae</span> <span class='ocrx_word' id='word_1_115' title='bbox 383 1332 479 1364; x_wconf 90' lang='lat' dir='ltr'>nullo</span> <span class='ocrx_word' id='word_1_116' title='bbox 511 1332 651 1374; x_wconf 87' lang='lat' dir='ltr'>negotio</span> <span class='ocrx_word' id='word_1_117' title='bbox 689 1332 758 1373; x_wconf 89' lang='lat' dir='ltr'>peti</span> 
     </span>
     <span class='ocr_line' id='line_1_24' title="bbox 115 1376 758 1419; baseline 0.002 -11"><span class='ocrx_word' id='word_1_118' title='bbox 115 1380 277 1419; x_wconf 87' lang='lat' dir='ltr'>poterunt</span> <span class='ocrx_word' id='word_1_119' title='bbox 314 1376 357 1408; x_wconf 81' lang='lat' dir='ltr'>ab</span> <span class='ocrx_word' id='word_1_120' title='bbox 398 1377 622 1419; x_wconf 84' lang='lat' dir='ltr'>scriptoribus</span> <span class='ocrx_word' id='word_1_121' title='bbox 653 1377 758 1409; x_wconf 90' lang='lat' dir='ltr'>histo-</span> 
     </span>
     <span class='ocr_line' id='line_1_25' title="bbox 118 1421 757 1464; baseline 0.002 -11"><span class='ocrx_word' id='word_1_122' title='bbox 118 1422 190 1454; x_wconf 87' lang='lat' dir='ltr'>riae</span> <span class='ocrx_word' id='word_1_123' title='bbox 219 1422 470 1464; x_wconf 79' lang='lat' dir='ltr'>philosophiae.</span> <span class='ocrx_word' id='word_1_124' title='bbox 494 1441 537 1446; x_wconf 89' lang='lat'>—</span> <span class='ocrx_word' id='word_1_125' title='bbox 562 1423 614 1454; x_wconf 91' lang='lat' dir='ltr'>De</span> <span class='ocrx_word' id='word_1_126' title='bbox 638 1421 757 1462; x_wconf 90' lang='lat' dir='ltr'>Polo,</span> 
     </span>
     <span class='ocr_line' id='line_1_26' title="bbox 114 1467 757 1509; baseline -0.002 -10"><span class='ocrx_word' id='word_1_127' title='bbox 114 1467 190 1499; x_wconf 90' lang='lat' dir='ltr'>eius</span> <span class='ocrx_word' id='word_1_128' title='bbox 198 1467 378 1509; x_wconf 83' lang='lat' dir='ltr'>discipulo,</span> <span class='ocrx_word' id='word_1_129' title='bbox 385 1467 536 1499; x_wconf 86' lang='lat' dir='ltr'>diximus</span> <span class='ocrx_word' id='word_1_130' title='bbox 545 1467 633 1499; x_wconf 86' lang='lat' dir='ltr'>infra</span> <span class='ocrx_word' id='word_1_131' title='bbox 641 1471 757 1499; x_wconf 86' lang='lat' dir='ltr'>annot.</span> 
     </span>
     <span class='ocr_line' id='line_1_27' title="bbox 112 1511 756 1555; baseline 0.002 -12"><span class='ocrx_word' id='word_1_132' title='bbox 112 1523 143 1554; x_wconf 91' lang='lat' dir='ltr'>p.</span> <span class='ocrx_word' id='word_1_133' title='bbox 167 1511 245 1545; x_wconf 85' lang='lat'>448.</span> <span class='ocrx_word' id='word_1_134' title='bbox 270 1513 312 1544; x_wconf 88' lang='lat' dir='ltr'>A.</span> <span class='ocrx_word' id='word_1_135' title='bbox 341 1516 375 1544; x_wconf 92' lang='lat' dir='ltr'>et</span> <span class='ocrx_word' id='word_1_136' title='bbox 398 1513 556 1555; x_wconf 88' lang='lat' dir='ltr'>Prolegg.</span> <span class='ocrx_word' id='word_1_137' title='bbox 589 1512 672 1555; x_wconf 84' lang='lat' dir='ltr'>Cap.</span> <span class='ocrx_word' id='word_1_138' title='bbox 697 1512 756 1544; x_wconf 90' lang='lat' dir='ltr'>IV.</span> 
     </span>
     <span class='ocr_line' id='line_1_28' title="bbox 114 1557 756 1600; baseline -0.002 -10"><span class='ocrx_word' id='word_1_139' title='bbox 114 1562 199 1590; x_wconf 83' lang='lat' dir='ltr'>extr.</span> <span class='ocrx_word' id='word_1_140' title='bbox 223 1576 266 1582; x_wconf 90' lang='lat'>—</span> <span class='ocrx_word' id='word_1_141' title='bbox 292 1557 516 1590; x_wconf 79' lang='lat' dir='ltr'>Callicles</span> <span class='ocrx_word' id='word_1_142' title='bbox 540 1558 618 1600; x_wconf 90' lang='lat' dir='ltr'>quis</span> <span class='ocrx_word' id='word_1_143' title='bbox 642 1558 756 1598; x_wconf 89' lang='lat' dir='ltr'>fuerit,</span> 
     </span>
     <span class='ocr_line' id='line_1_29' title="bbox 114 1602 757 1645; baseline -0.002 -10"><span class='ocrx_word' id='word_1_144' title='bbox 114 1602 157 1635; x_wconf 85' lang='lat' dir='ltr'>ab</span> <span class='ocrx_word' id='word_1_145' title='bbox 182 1604 256 1645; x_wconf 89' lang='lat' dir='ltr'>ipso</span> <span class='ocrx_word' id='word_1_146' title='bbox 280 1603 424 1635; x_wconf 86' lang='lat' dir='ltr'>Platone</span> <span class='ocrx_word' id='word_1_147' title='bbox 448 1603 642 1636; x_wconf 84' lang='lat' dir='ltr'>edocemur.</span> <span class='ocrx_word' id='word_1_148' title='bbox 676 1603 757 1635; x_wconf 86' lang='lat' dir='ltr'>Fuit</span> 
     </span>
     <span class='ocr_line' id='line_1_30' title="bbox 113 1648 758 1690; baseline -0.002 -10"><span class='ocrx_word' id='word_1_149' title='bbox 113 1648 205 1680; x_wconf 90' lang='lat' dir='ltr'>enim</span> <span class='ocrx_word' id='word_1_150' title='bbox 230 1649 316 1681; x_wconf 89' lang='lat' dir='ltr'>civis</span> <span class='ocrx_word' id='word_1_151' title='bbox 334 1648 570 1689; x_wconf 88' lang='lat' dir='ltr'>Atheniensis,</span> <span class='ocrx_word' id='word_1_152' title='bbox 593 1648 653 1690; x_wconf 90' lang='lat' dir='ltr'>qui</span> <span class='ocrx_word' id='word_1_153' title='bbox 669 1648 758 1680; x_wconf 89' lang='lat' dir='ltr'>infra</span> 
     </span>
     <span class='ocr_line' id='line_1_31' title="bbox 112 1691 758 1736; baseline -0.002 -10"><span class='ocrx_word' id='word_1_154' title='bbox 112 1704 145 1736; x_wconf 85' lang='lat' dir='ltr'>p.</span> <span class='ocrx_word' id='word_1_155' title='bbox 169 1691 248 1726; x_wconf 85' lang='lat'>495.</span> <span class='ocrx_word' id='word_1_156' title='bbox 272 1695 310 1726; x_wconf 91' lang='lat' dir='ltr'>B.</span> <span class='ocrx_word' id='word_1_157' title='bbox 339 1699 484 1726; x_wconf 82' lang='lat' dir='ltr'>vocatur</span> <span class='ocrx_word' id='word_1_158' title='bbox 513 1694 758 1734; x_wconf 85' lang='lat' dir='ltr'>Acharnensis,</span> 
     </span>
    </p>
   </div>
   <div class='ocr_carea' id='block_1_4' title="bbox 112 1738 772 1781">
    <p class='ocr_par' dir='ltr' id='par_1_4' title="bbox 112 1738 772 1781">
     <span class='ocr_line' id='line_1_32' title="bbox 112 1738 772 1781; baseline 0 -11"><span class='ocrx_word' id='word_1_159' title='bbox 112 1739 214 1771; x_wconf 91' lang='lat' dir='ltr'>homo</span> <span class='ocrx_word' id='word_1_160' title='bbox 238 1740 286 1771; x_wconf 87' lang='lat' dir='ltr'>rei</span> <span class='ocrx_word' id='word_1_161' title='bbox 308 1738 469 1781; x_wconf 87' lang='lat' dir='ltr'>publicae</span> <span class='ocrx_word' id='word_1_162' title='bbox 495 1738 676 1771; x_wconf 85' lang='lat' dir='ltr'>ambitiose</span> <span class='ocrx_word' id='word_1_163' title='bbox 702 1748 772 1771; x_wconf 69' lang='lat' dir='ltr'>cu-‘</span> 
     </span>
    </p>
   </div>
   <div class='ocr_carea' id='block_1_5' title="bbox 108 1784 759 2775">
    <p class='ocr_par' dir='ltr' id='par_1_5' title="bbox 108 1784 759 2775">
     <span class='ocr_line' id='line_1_33' title="bbox 113 1784 758 1817; baseline 0.002 -2"><span class='ocrx_word' id='word_1_164' title='bbox 113 1784 225 1817; x_wconf 87' lang='lat' dir='ltr'>riosus</span> <span class='ocrx_word' id='word_1_165' title='bbox 278 1794 320 1816; x_wconf 82' lang='lat' dir='ltr'>ac</span> <span class='ocrx_word' id='word_1_166' title='bbox 371 1785 525 1816; x_wconf 86' lang='lat' dir='ltr'>novitiae</span> <span class='ocrx_word' id='word_1_167' title='bbox 569 1784 758 1816; x_wconf 81' lang='lat' dir='ltr'>rhetoricae</span> 
     </span>
     <span class='ocr_line' id='line_1_34' title="bbox 112 1830 758 1872; baseline 0 -11"><span class='ocrx_word' id='word_1_168' title='bbox 112 1830 246 1871; x_wconf 87' lang='lat' dir='ltr'>artique</span> <span class='ocrx_word' id='word_1_169' title='bbox 259 1830 355 1862; x_wconf 87' lang='lat' dir='ltr'>civili</span> <span class='ocrx_word' id='word_1_170' title='bbox 370 1830 577 1872; x_wconf 85' lang='lat' dir='ltr'>sophisticae</span> <span class='ocrx_word' id='word_1_171' title='bbox 588 1830 758 1872; x_wconf 82' lang='lat' dir='ltr'>pravitate</span> 
     </span>
     <span class='ocr_line' id='line_1_35' title="bbox 115 1874 757 1917; baseline 0 -11"><span class='ocrx_word' id='word_1_172' title='bbox 115 1875 264 1907; x_wconf 82' lang='lat' dir='ltr'>infectae</span> <span class='ocrx_word' id='word_1_173' title='bbox 287 1875 389 1917; x_wconf 84' lang='lat' dir='ltr'>plane</span> <span class='ocrx_word' id='word_1_174' title='bbox 414 1875 550 1907; x_wconf 86' lang='lat' dir='ltr'>deditus</span> <span class='ocrx_word' id='word_1_175' title='bbox 575 1879 677 1917; x_wconf 86' lang='lat' dir='ltr'>atque</span> <span class='ocrx_word' id='word_1_176' title='bbox 701 1874 757 1906; x_wconf 89' lang='lat' dir='ltr'>de-</span> 
     </span>
     <span class='ocr_line' id='line_1_36' title="bbox 112 1919 755 1952; baseline 0.002 -1"><span class='ocrx_word' id='word_1_177' title='bbox 112 1921 300 1952; x_wconf 81' lang='lat' dir='ltr'>mocratiae</span> <span class='ocrx_word' id='word_1_178' title='bbox 345 1919 567 1952; x_wconf 84' lang='lat' dir='ltr'>immoderate</span> <span class='ocrx_word' id='word_1_179' title='bbox 620 1921 755 1952; x_wconf 80' lang='lat' dir='ltr'>favens.</span> 
     </span>
     <span class='ocr_line' id='line_1_37' title="bbox 114 1965 759 2005; baseline 0.002 -9"><span class='ocrx_word' id='word_1_180' title='bbox 114 1965 282 2005; x_wconf 80' lang='lat' dir='ltr'>Quocirca</span> <span class='ocrx_word' id='word_1_181' title='bbox 326 1969 498 1998; x_wconf 86' lang='lat' dir='ltr'>contemta</span> <span class='ocrx_word' id='word_1_182' title='bbox 546 1965 678 1997; x_wconf 81' lang='lat' dir='ltr'>iustitia</span> <span class='ocrx_word' id='word_1_183' title='bbox 725 1969 759 1997; x_wconf 92' lang='lat' dir='ltr'>et</span> 
     </span>
     <span class='ocr_line' id='line_1_38' title="bbox 114 2009 758 2053; baseline 0.002 -11"><span class='ocrx_word' id='word_1_184' title='bbox 114 2010 291 2042; x_wconf 78' lang='lat' dir='ltr'>honestate</span> <span class='ocrx_word' id='word_1_185' title='bbox 306 2020 463 2042; x_wconf 83' lang='lat' dir='ltr'>caussam</span> <span class='ocrx_word' id='word_1_186' title='bbox 472 2011 545 2053; x_wconf 86' lang='lat' dir='ltr'>agit</span> <span class='ocrx_word' id='word_1_187' title='bbox 554 2009 758 2052; x_wconf 86' lang='lat' dir='ltr'>disciplinae</span> 
     </span>
     <span class='ocr_line' id='line_1_39' title="bbox 114 2055 759 2097; baseline 0.002 -11"><span class='ocrx_word' id='word_1_188' title='bbox 114 2056 265 2088; x_wconf 79' lang='lat' dir='ltr'>novitiae</span> <span class='ocrx_word' id='word_1_189' title='bbox 306 2055 452 2097; x_wconf 90' lang='lat' dir='ltr'>ideoque</span> <span class='ocrx_word' id='word_1_190' title='bbox 483 2056 601 2088; x_wconf 86' lang='lat' dir='ltr'>omnia</span> <span class='ocrx_word' id='word_1_191' title='bbox 636 2055 759 2087; x_wconf 84' lang='lat' dir='ltr'>tribuit</span> 
     </span>
     <span class='ocr_line' id='line_1_40' title="bbox 112 2101 758 2143; baseline -0.002 -10"><span class='ocrx_word' id='word_1_192' title='bbox 112 2101 251 2140; x_wconf 86' lang='lat' dir='ltr'>honori,</span> <span class='ocrx_word' id='word_1_193' title='bbox 283 2101 498 2141; x_wconf 82' lang='lat' dir='ltr'>auctoritati,</span> <span class='ocrx_word' id='word_1_194' title='bbox 522 2101 697 2143; x_wconf 86' lang='lat' dir='ltr'>potentiae</span> <span class='ocrx_word' id='word_1_195' title='bbox 721 2101 758 2132; x_wconf 91' lang='lat' dir='ltr'>in</span> 
     </span>
     <span class='ocr_line' id='line_1_41' title="bbox 113 2145 759 2188; baseline 0 -10"><span class='ocrx_word' id='word_1_196' title='bbox 113 2145 290 2188; x_wconf 83' lang='lat' dir='ltr'>republica</span> <span class='ocrx_word' id='word_1_197' title='bbox 321 2146 599 2188; x_wconf 86' lang='lat' dir='ltr'>consequendae,</span> <span class='ocrx_word' id='word_1_198' title='bbox 640 2147 689 2178; x_wconf 88' lang='lat' dir='ltr'>ita</span> <span class='ocrx_word' id='word_1_199' title='bbox 719 2150 759 2178; x_wconf 88' lang='lat' dir='ltr'>ut</span> 
     </span>
     <span class='ocr_line' id='line_1_42' title="bbox 114 2191 758 2234; baseline 0.002 -12"><span class='ocrx_word' id='word_1_200' title='bbox 114 2201 178 2223; x_wconf 88' lang='lat' dir='ltr'>nec</span> <span class='ocrx_word' id='word_1_201' title='bbox 201 2192 485 2233; x_wconf 84' lang='lat' dir='ltr'>intemperantiae</span> <span class='ocrx_word' id='word_1_202' title='bbox 516 2191 638 2224; x_wconf 89' lang='lat' dir='ltr'>laudes</span> <span class='ocrx_word' id='word_1_203' title='bbox 661 2202 758 2234; x_wconf 89' lang='lat' dir='ltr'>prae-</span> 
     </span>
     <span class='ocr_line' id='line_1_43' title="bbox 114 2235 757 2279; baseline 0.003 -12"><span class='ocrx_word' id='word_1_204' title='bbox 114 2235 226 2268; x_wconf 80' lang='lat' dir='ltr'>dicare</span> <span class='ocrx_word' id='word_1_205' title='bbox 265 2236 514 2268; x_wconf 86' lang='lat' dir='ltr'>verecundetur</span> <span class='ocrx_word' id='word_1_206' title='bbox 559 2240 594 2269; x_wconf 89' lang='lat' dir='ltr'>et</span> <span class='ocrx_word' id='word_1_207' title='bbox 638 2240 757 2279; x_wconf 84' lang='lat' dir='ltr'>poten-</span> 
     </span>
     <span class='ocr_line' id='line_1_44' title="bbox 114 2281 758 2324; baseline 0.002 -10"><span class='ocrx_word' id='word_1_208' title='bbox 114 2281 235 2314; x_wconf 86' lang='lat' dir='ltr'>tiorem</span> <span class='ocrx_word' id='word_1_209' title='bbox 258 2282 424 2324; x_wconf 87' lang='lat' dir='ltr'>imperare</span> <span class='ocrx_word' id='word_1_210' title='bbox 448 2281 636 2315; x_wconf 88' lang='lat' dir='ltr'>secundum</span> <span class='ocrx_word' id='word_1_211' title='bbox 660 2286 758 2315; x_wconf 89' lang='lat' dir='ltr'>natu-</span> 
     </span>
     <span class='ocr_line' id='line_1_45' title="bbox 113 2326 756 2360; baseline 0.002 -2"><span class='ocrx_word' id='word_1_212' title='bbox 113 2337 188 2359; x_wconf 88' lang='lat' dir='ltr'>ram</span> <span class='ocrx_word' id='word_1_213' title='bbox 218 2327 346 2359; x_wconf 84' lang='lat' dir='ltr'>iustum</span> <span class='ocrx_word' id='word_1_214' title='bbox 376 2337 450 2360; x_wconf 87' lang='lat' dir='ltr'>esse</span> <span class='ocrx_word' id='word_1_215' title='bbox 482 2326 682 2360; x_wconf 83' lang='lat' dir='ltr'>contendat:</span> <span class='ocrx_word' id='word_1_216' title='bbox 715 2327 756 2359; x_wconf 90' lang='lat' dir='ltr'>de</span> 
     </span>
     <span class='ocr_line' id='line_1_46' title="bbox 113 2371 753 2414; baseline 0.003 -11"><span class='ocrx_word' id='word_1_217' title='bbox 113 2371 239 2413; x_wconf 89' lang='lat' dir='ltr'>quibus</span> <span class='ocrx_word' id='word_1_218' title='bbox 274 2371 495 2414; x_wconf 83' lang='lat' dir='ltr'>opinionibus</span> <span class='ocrx_word' id='word_1_219' title='bbox 536 2373 645 2414; x_wconf 86' lang='lat' dir='ltr'>ipsius</span> <span class='ocrx_word' id='word_1_220' title='bbox 683 2372 753 2407; x_wconf 85' lang='lat' dir='ltr'>vid.</span> 
     </span>
     <span class='ocr_line' id='line_1_47' title="bbox 112 2415 755 2460; baseline 0.002 -12"><span class='ocrx_word' id='word_1_221' title='bbox 112 2427 142 2458; x_wconf 92' lang='lat' dir='ltr'>p.</span> <span class='ocrx_word' id='word_1_222' title='bbox 153 2415 231 2450; x_wconf 83' lang='lat'>482.</span> <span class='ocrx_word' id='word_1_223' title='bbox 255 2415 434 2450; x_wconf 83' lang='lat' dir='ltr'>C.—488.</span> <span class='ocrx_word' id='word_1_224' title='bbox 448 2418 492 2449; x_wconf 89' lang='lat' dir='ltr'>D.</span> <span class='ocrx_word' id='word_1_225' title='bbox 516 2421 550 2449; x_wconf 87' lang='lat' dir='ltr'>et</span> <span class='ocrx_word' id='word_1_226' title='bbox 573 2428 608 2460; x_wconf 90' lang='lat' dir='ltr'>p.</span> <span class='ocrx_word' id='word_1_227' title='bbox 624 2415 701 2450; x_wconf 87' lang='grc'><strong>491.</strong></span> <span class='ocrx_word' id='word_1_228' title='bbox 717 2417 755 2450; x_wconf 83' lang='lat' dir='ltr'>C.</span> 
     </span>
     <span class='ocr_line' id='line_1_48' title="bbox 111 2461 755 2505; baseline 0.003 -12"><span class='ocrx_word' id='word_1_229' title='bbox 111 2462 232 2504; x_wconf 84' lang='lat' dir='ltr'>Itaque</span> <span class='ocrx_word' id='word_1_230' title='bbox 252 2461 340 2494; x_wconf 88' lang='lat' dir='ltr'>ridet</span> <span class='ocrx_word' id='word_1_231' title='bbox 359 2462 461 2495; x_wconf 85' lang='lat' dir='ltr'>etiam</span> <span class='ocrx_word' id='word_1_232' title='bbox 474 2462 755 2505; x_wconf 89' lang='lat' dir='ltr'>philosophorum</span> 
     </span>
     <span class='ocr_line' id='line_1_49' title="bbox 115 2507 756 2550; baseline 0 -11"><span class='ocrx_word' id='word_1_233' title='bbox 115 2507 297 2539; x_wconf 85' lang='lat' dir='ltr'>stultitiam</span> <span class='ocrx_word' id='word_1_234' title='bbox 322 2507 458 2539; x_wconf 88' lang='lat' dir='ltr'>scilieet</span> <span class='ocrx_word' id='word_1_235' title='bbox 487 2511 522 2539; x_wconf 87' lang='lat' dir='ltr'>et</span> <span class='ocrx_word' id='word_1_236' title='bbox 552 2507 756 2550; x_wconf 87' lang='lat' dir='ltr'>simplicita-</span> 
     </span>
     <span class='ocr_line' id='line_1_50' title="bbox 111 2552 756 2595; baseline 0 -11"><span class='ocrx_word' id='word_1_237' title='bbox 111 2556 189 2592; x_wconf 83' lang='lat' dir='ltr'>tem,</span> <span class='ocrx_word' id='word_1_238' title='bbox 213 2553 272 2594; x_wconf 90' lang='lat' dir='ltr'>qui</span> <span class='ocrx_word' id='word_1_239' title='bbox 295 2552 415 2584; x_wconf 86' lang='lat' dir='ltr'>virtuti</span> <span class='ocrx_word' id='word_1_240' title='bbox 439 2555 472 2584; x_wconf 85' lang='lat' dir='ltr'>et</span> <span class='ocrx_word' id='word_1_241' title='bbox 496 2553 686 2595; x_wconf 86' lang='lat' dir='ltr'>sapientiae</span> <span class='ocrx_word' id='word_1_242' title='bbox 718 2553 756 2584; x_wconf 91' lang='lat' dir='ltr'>in</span> 
     </span>
     <span class='ocr_line' id='line_1_51' title="bbox 112 2596 757 2639; baseline 0.002 -10"><span class='ocrx_word' id='word_1_243' title='bbox 112 2598 184 2629; x_wconf 82' lang='lat' dir='ltr'>vita</span> <span class='ocrx_word' id='word_1_244' title='bbox 207 2597 305 2629; x_wconf 89' lang='lat' dir='ltr'>civili</span> <span class='ocrx_word' id='word_1_245' title='bbox 328 2597 460 2639; x_wconf 82' lang='lat' dir='ltr'>aliquid</span> <span class='ocrx_word' id='word_1_246' title='bbox 485 2596 648 2630; x_wconf 86' lang='lat' dir='ltr'>tribuant.</span> <span class='ocrx_word' id='word_1_247' title='bbox 695 2598 757 2630; x_wconf 86' lang='lat' dir='ltr'>Ni-</span> 
     </span>
     <span class='ocr_line' id='line_1_52' title="bbox 112 2641 757 2685; baseline 0 -11"><span class='ocrx_word' id='word_1_248' title='bbox 112 2643 236 2674; x_wconf 81' lang='lat' dir='ltr'>mirum</span> <span class='ocrx_word' id='word_1_249' title='bbox 253 2653 392 2685; x_wconf 86' lang='lat' dir='ltr'>prorsus</span> <span class='ocrx_word' id='word_1_250' title='bbox 410 2641 547 2674; x_wconf 88' lang='lat' dir='ltr'>imbibit</span> <span class='ocrx_word' id='word_1_251' title='bbox 569 2643 669 2675; x_wconf 92' lang='lat' dir='ltr'>homo</span> <span class='ocrx_word' id='word_1_252' title='bbox 687 2646 757 2674; x_wconf 86' lang='lat' dir='ltr'>tur-</span> 
     </span>
     <span class='ocr_line' id='line_1_53' title="bbox 110 2687 756 2729; baseline 0 -10"><span class='ocrx_word' id='word_1_253' title='bbox 110 2687 252 2728; x_wconf 79' lang='lat' dir='ltr'>pissima</span> <span class='ocrx_word' id='word_1_254' title='bbox 266 2687 328 2720; x_wconf 83' lang='lat' dir='ltr'>illa</span> <span class='ocrx_word' id='word_1_255' title='bbox 345 2688 491 2727; x_wconf 82' lang='lat' dir='ltr'>decreta,</span> <span class='ocrx_word' id='word_1_256' title='bbox 515 2687 640 2729; x_wconf 91' lang='lat' dir='ltr'>quibus</span> <span class='ocrx_word' id='word_1_257' title='bbox 662 2687 756 2720; x_wconf 91' lang='lat' dir='ltr'>labe-</span> 
     </span>
     <span class='ocr_line' id='line_1_54' title="bbox 108 2732 757 2775; baseline 0.003 -11"><span class='ocrx_word' id='word_1_258' title='bbox 108 2732 202 2765; x_wconf 83' lang='lat' dir='ltr'>facta</span> <span class='ocrx_word' id='word_1_259' title='bbox 229 2736 282 2765; x_wconf 87' lang='lat' dir='ltr'>est</span> <span class='ocrx_word' id='word_1_260' title='bbox 317 2733 407 2766; x_wconf 85' lang='lat' dir='ltr'>vitae</span> <span class='ocrx_word' id='word_1_261' title='bbox 439 2732 599 2775; x_wconf 84' lang='lat' dir='ltr'>publicae</span> <span class='ocrx_word' id='word_1_262' title='bbox 628 2733 757 2775; x_wconf 88' lang='lat' dir='ltr'>pariter</span> 
     </span>
    </p>
   </div>
   <div class='ocr_carea' id='block_1_6' title="bbox 822 422 1473 2775">
    <p class='ocr_par' dir='ltr' id='par_1_6' title="bbox 826 422 1472 594">
     <span class='ocr_line' id='line_1_55' title="bbox 826 422 1471 468; baseline -0.008 -11"><span class='ocrx_word' id='word_1_263' title='bbox 826 429 929 467; x_wconf 83' lang='lat' dir='ltr'>atque</span> <span class='ocrx_word' id='word_1_264' title='bbox 953 426 1107 468; x_wconf 83' lang='lat' dir='ltr'>privatae</span> <span class='ocrx_word' id='word_1_265' title='bbox 1132 422 1333 465; x_wconf 80' lang='lat' dir='ltr'>disciplina,</span> <span class='ocrx_word' id='word_1_266' title='bbox 1362 431 1471 463; x_wconf 89' lang='lat' dir='ltr'>eoque</span> 
     </span>
     <span class='ocr_line' id='line_1_56' title="bbox 826 466 1472 503; baseline -0.006 -1"><span class='ocrx_word' id='word_1_267' title='bbox 826 472 965 503; x_wconf 89' lang='lat' dir='ltr'>nomine</span> <span class='ocrx_word' id='word_1_268' title='bbox 996 482 1066 503; x_wconf 86' lang='lat' dir='ltr'>una</span> <span class='ocrx_word' id='word_1_269' title='bbox 1098 481 1177 502; x_wconf 91' lang='lat' dir='ltr'>cum</span> <span class='ocrx_word' id='word_1_270' title='bbox 1209 468 1288 501; x_wconf 90' lang='lat' dir='ltr'>aliis</span> <span class='ocrx_word' id='word_1_271' title='bbox 1313 466 1472 498; x_wconf 84' lang='lat' dir='ltr'>similiter</span> 
     </span>
     <span class='ocr_line' id='line_1_57' title="bbox 826 513 1469 559; baseline -0.008 -11"><span class='ocrx_word' id='word_1_272' title='bbox 826 516 1058 548; x_wconf 86' lang='lat' dir='ltr'>sentientibus</span> <span class='ocrx_word' id='word_1_273' title='bbox 1082 515 1219 559; x_wconf 83' lang='lat' dir='ltr'>egregie</span> <span class='ocrx_word' id='word_1_274' title='bbox 1250 523 1369 555; x_wconf 86' lang='lat' dir='ltr'>sapere</span> <span class='ocrx_word' id='word_1_275' title='bbox 1404 513 1469 544; x_wconf 89' lang='lat' dir='ltr'>sibi</span> 
     </span>
     <span class='ocr_line' id='line_1_58' title="bbox 826 562 1008 594; baseline 0.005 -1"><span class='ocrx_word' id='word_1_276' title='bbox 826 562 922 593; x_wconf 88' lang='lat' dir='ltr'>visus</span> <span class='ocrx_word' id='word_1_277' title='bbox 947 566 1008 594; x_wconf 89' lang='lat' dir='ltr'>est.</span> 
     </span>
    </p>

    <p class='ocr_par' dir='ltr' id='par_1_7' title="bbox 825 601 1472 1554">
     <span class='ocr_line' id='line_1_59' title="bbox 877 601 1470 646; baseline -0.01 -7"><span class='ocrx_word' id='word_1_278' title='bbox 877 607 928 639; x_wconf 89' lang='lat'>&#39;1&#39;0</span> <span class='ocrx_word' id='word_1_279' title='bbox 943 605 1057 639; x_wconf 70' lang='lat' dir='ltr'><em>v&#39;zwv·</em></span> <span class='ocrx_word' id='word_1_280' title='bbox 1082 604 1241 644; x_wconf 76' lang='grc' dir='ltr'><em>μέντοι</em></span> <span class='ocrx_word' id='word_1_281' title='bbox 1266 602 1321 646; x_wconf 94' lang='grc'>-]</span> <span class='ocrx_word' id='word_1_282' title='bbox 1357 601 1470 634; x_wconf 84' lang='grc'><strong>1111811.</strong></span> 
     </span>
     <span class='ocr_line' id='line_1_60' title="bbox 827 647 1470 692; baseline -0.008 -8"><span class='ocrx_word' id='word_1_283' title='bbox 827 655 886 684; x_wconf 75' lang='grc' dir='ltr'>τοῦ</span> <span class='ocrx_word' id='word_1_284' title='bbox 918 650 1064 684; x_wconf 77' lang='grc' dir='ltr'><em>κατόπιν</em></span> <span class='ocrx_word' id='word_1_285' title='bbox 1094 650 1217 692; x_wconf 77' lang='grc' dir='ltr'><em>ἑορτῆς</em></span> <span class='ocrx_word' id='word_1_286' title='bbox 1252 647 1356 691; x_wconf 75' lang='grc' dir='ltr'><strong>ἣκειν.</strong></span> <span class='ocrx_word' id='word_1_287' title='bbox 1404 649 1470 679; x_wconf 80' lang='lat' dir='ltr'>Ita-</span> 
     </span>
     <span class='ocr_line' id='line_1_61' title="bbox 826 693 1470 739; baseline -0.009 -9"><span class='ocrx_word' id='word_1_288' title='bbox 826 708 892 739; x_wconf 87' lang='lat' dir='ltr'>que</span> <span class='ocrx_word' id='word_1_289' title='bbox 911 698 1077 730; x_wconf 84' lang='lat' dir='ltr'>Coraes</span> <span class='ocrx_word' id='word_1_290' title='bbox 1103 693 1225 727; x_wconf 58' lang='lat' dir='ltr'>zozimi·</span> <span class='ocrx_word' id='word_1_291' title='bbox 1248 693 1470 726; x_wconf 89' lang='lat' dir='ltr'>scribendum</span> 
     </span>
     <span class='ocr_line' id='line_1_62' title="bbox 826 740 1470 785; baseline -0.008 -10"><span class='ocrx_word' id='word_1_292' title='bbox 826 744 1030 785; x_wconf 87' lang='lat' dir='ltr'>suspicatur.</span> <span class='ocrx_word' id='word_1_293' title='bbox 1087 741 1164 781; x_wconf 82' lang='lat' dir='ltr'>Qua</span> <span class='ocrx_word' id='word_1_294' title='bbox 1187 740 1377 772; x_wconf 82' lang='lat' dir='ltr'>mutatione</span> <span class='ocrx_word' id='word_1_295' title='bbox 1401 749 1470 770; x_wconf 89' lang='lat' dir='ltr'>non</span> 
     </span>
     <span class='ocr_line' id='line_1_63' title="bbox 826 785 1471 830; baseline -0.008 -10"><span class='ocrx_word' id='word_1_296' title='bbox 826 798 922 830; x_wconf 87' lang='lat' dir='ltr'>opus.</span> <span class='ocrx_word' id='word_1_297' title='bbox 982 789 1103 820; x_wconf 86' lang='lat' dir='ltr'>Solent</span> <span class='ocrx_word' id='word_1_298' title='bbox 1133 786 1224 818; x_wconf 87' lang='lat' dir='ltr'>enim</span> <span class='ocrx_word' id='word_1_299' title='bbox 1255 785 1471 827; x_wconf 77' lang='lat' dir='ltr'>pronomina,</span> 
     </span>
     <span class='ocr_line' id='line_1_64' title="bbox 826 833 1470 865; baseline -0.008 0"><span class='ocrx_word' id='word_1_300' title='bbox 826 834 961 865; x_wconf 80' lang='lat' dir='ltr'>etiamsi</span> <span class='ocrx_word' id='word_1_301' title='bbox 984 833 1026 865; x_wconf 91' lang='lat' dir='ltr'>de</span> <span class='ocrx_word' id='word_1_302' title='bbox 1050 842 1121 864; x_wconf 85' lang='lat' dir='ltr'>una</span> <span class='ocrx_word' id='word_1_303' title='bbox 1145 835 1278 863; x_wconf 83' lang='lat' dir='ltr'>tantum</span> <span class='ocrx_word' id='word_1_304' title='bbox 1299 841 1335 862; x_wconf 93' lang='lat' dir='ltr'>re</span> <span class='ocrx_word' id='word_1_305' title='bbox 1359 841 1470 861; x_wconf 80' lang='lat' dir='ltr'>sermo</span> 
     </span>
     <span class='ocr_line' id='line_1_65' title="bbox 825 875 1470 919; baseline -0.009 -8"><span class='ocrx_word' id='word_1_306' title='bbox 825 880 886 919; x_wconf 89' lang='lat' dir='ltr'>sit,</span> <span class='ocrx_word' id='word_1_307' title='bbox 918 880 955 910; x_wconf 91' lang='lat' dir='ltr'>in</span> <span class='ocrx_word' id='word_1_308' title='bbox 979 888 1120 910; x_wconf 88' lang='lat' dir='ltr'>numero</span> <span class='ocrx_word' id='word_1_309' title='bbox 1144 876 1271 919; x_wconf 86' lang='lat' dir='ltr'>plurali</span> <span class='ocrx_word' id='word_1_310' title='bbox 1296 875 1470 915; x_wconf 83' lang='lat' dir='ltr'>collocari,</span> 
     </span>
     <span class='ocr_line' id='line_1_66' title="bbox 825 920 1472 966; baseline -0.008 -10"><span class='ocrx_word' id='word_1_311' title='bbox 825 925 855 956; x_wconf 89' lang='lat' dir='ltr'>si</span> <span class='ocrx_word' id='word_1_312' title='bbox 879 924 962 966; x_wconf 90' lang='lat' dir='ltr'>quid</span> <span class='ocrx_word' id='word_1_313' title='bbox 991 924 1107 956; x_wconf 90' lang='lat' dir='ltr'>minus</span> <span class='ocrx_word' id='word_1_314' title='bbox 1136 922 1276 953; x_wconf 88' lang='lat' dir='ltr'>definite</span> <span class='ocrx_word' id='word_1_315' title='bbox 1298 920 1472 963; x_wconf 74' lang='lat' dir='ltr'>signifiea-</span> 
     </span>
     <span class='ocr_line' id='line_1_67' title="bbox 826 965 1470 1010; baseline -0.006 -8"><span class='ocrx_word' id='word_1_316' title='bbox 826 974 896 1009; x_wconf 87' lang='lat' dir='ltr'>tur;</span> <span class='ocrx_word' id='word_1_317' title='bbox 931 980 965 1001; x_wconf 84' lang='lat' dir='ltr'>v.</span> <span class='ocrx_word' id='word_1_318' title='bbox 990 968 1032 1000; x_wconf 87' lang='lat' dir='ltr'>ad</span> <span class='ocrx_word' id='word_1_319' title='bbox 1058 967 1204 1010; x_wconf 88' lang='lat' dir='ltr'>Apolog.</span> <span class='ocrx_word' id='word_1_320' title='bbox 1230 966 1325 998; x_wconf 80' lang='lat' dir='ltr'>Socr.</span> <span class='ocrx_word' id='word_1_321' title='bbox 1358 976 1389 1008; x_wconf 92' lang='lat' dir='ltr'>p.</span> <span class='ocrx_word' id='word_1_322' title='bbox 1418 965 1470 998; x_wconf 73' lang='lat'>19.</span> 
     </span>
     <span class='ocr_line' id='line_1_68' title="bbox 825 1011 1470 1056; baseline -0.006 -9"><span class='ocrx_word' id='word_1_323' title='bbox 825 1016 869 1047; x_wconf 91' lang='lat' dir='ltr'>D.</span> <span class='ocrx_word' id='word_1_324' title='bbox 897 1016 946 1047; x_wconf 87' lang='lat' dir='ltr'>De</span> <span class='ocrx_word' id='word_1_325' title='bbox 970 1015 1055 1056; x_wconf 85' lang='lat' dir='ltr'>Rep.</span> <span class='ocrx_word' id='word_1_326' title='bbox 1080 1014 1138 1045; x_wconf 94' lang='lat' dir='ltr'>VI.</span> <span class='ocrx_word' id='word_1_327' title='bbox 1159 1023 1190 1055; x_wconf 88' lang='lat' dir='ltr'>p.</span> <span class='ocrx_word' id='word_1_328' title='bbox 1205 1011 1282 1046; x_wconf 81' lang='lat'>504.</span> <span class='ocrx_word' id='word_1_329' title='bbox 1295 1012 1339 1043; x_wconf 93' lang='lat' dir='ltr'>D.</span> <span class='ocrx_word' id='word_1_330' title='bbox 1362 1012 1470 1054; x_wconf 85' lang='lat' dir='ltr'>Legg.</span> 
     </span>
     <span class='ocr_line' id='line_1_69' title="bbox 826 1056 1471 1100; baseline -0.005 -9"><span class='ocrx_word' id='word_1_331' title='bbox 826 1061 894 1100; x_wconf 84' lang='lat'>111,</span> <span class='ocrx_word' id='word_1_332' title='bbox 932 1058 1008 1093; x_wconf 74' lang='lat'>689.</span> <span class='ocrx_word' id='word_1_333' title='bbox 1034 1060 1072 1091; x_wconf 88' lang='grc' dir='ltr'><strong>Β.</strong></span> <span class='ocrx_word' id='word_1_334' title='bbox 1104 1059 1188 1098; x_wconf 89' lang='lat' dir='ltr'>VII,</span> <span class='ocrx_word' id='word_1_335' title='bbox 1219 1056 1297 1090; x_wconf 83' lang='lat'>816.</span> <span class='ocrx_word' id='word_1_336' title='bbox 1328 1057 1380 1097; x_wconf 87' lang='grc' dir='ltr'>Ε.,</span> <span class='ocrx_word' id='word_1_337' title='bbox 1410 1057 1471 1088; x_wconf 88' lang='lat' dir='ltr'>ubi</span> 
     </span>
     <span class='ocr_line' id='line_1_70' title="bbox 826 1100 1470 1148; baseline -0.005 -11"><span class='ocrx_word' id='word_1_338' title='bbox 826 1110 903 1148; x_wconf 88' lang='lat' dir='ltr'>post</span> <span class='ocrx_word' id='word_1_339' title='bbox 927 1103 1059 1136; x_wconf 74' lang='grc' dir='ltr'><em>τούτων</em></span> <span class='ocrx_word' id='word_1_340' title='bbox 1083 1104 1186 1135; x_wconf 80' lang='grc' dir='ltr'><em>ἕνεκα</em></span> <span class='ocrx_word' id='word_1_341' title='bbox 1207 1100 1324 1134; x_wconf 65' lang='grc' dir='ltr'><em>αὐτῶν</em></span> <span class='ocrx_word' id='word_1_342' title='bbox 1347 1101 1470 1134; x_wconf 82' lang='lat' dir='ltr'>deindo</span> 
     </span>
     <span class='ocr_line' id='line_1_71' title="bbox 827 1147 1469 1182; baseline -0.005 0"><span class='ocrx_word' id='word_1_343' title='bbox 827 1154 888 1182; x_wconf 81' lang='grc' dir='ltr'>τοῦ</span> <span class='ocrx_word' id='word_1_344' title='bbox 920 1161 999 1182; x_wconf 86' lang='grc'><strong>011111</strong></span> <span class='ocrx_word' id='word_1_345' title='bbox 1036 1149 1209 1181; x_wconf 86' lang='lat' dir='ltr'>infinitivo</span> <span class='ocrx_word' id='word_1_346' title='bbox 1248 1147 1469 1180; x_wconf 88' lang='lat' dir='ltr'>subiunctum</span> 
     </span>
     <span class='ocr_line' id='line_1_72' title="bbox 826 1193 1471 1239; baseline -0.008 -11"><span class='ocrx_word' id='word_1_347' title='bbox 826 1196 972 1239; x_wconf 80' lang='lat' dir='ltr'>legitur,</span> <span class='ocrx_word' id='word_1_348' title='bbox 1010 1195 1111 1227; x_wconf 89' lang='lat' dir='ltr'>sicuti</span> <span class='ocrx_word' id='word_1_349' title='bbox 1150 1194 1241 1225; x_wconf 80' lang='lat' dir='ltr'>infra</span> <span class='ocrx_word' id='word_1_350' title='bbox 1271 1193 1307 1224; x_wconf 90' lang='lat' dir='ltr'>in</span> <span class='ocrx_word' id='word_1_351' title='bbox 1341 1193 1471 1235; x_wconf 75' lang='lat' dir='ltr'>Gorgia</span> 
     </span>
     <span class='ocr_line' id='line_1_73' title="bbox 826 1239 1471 1283; baseline -0.005 -11"><span class='ocrx_word' id='word_1_352' title='bbox 826 1252 858 1283; x_wconf 89' lang='lat' dir='ltr'>p.</span> <span class='ocrx_word' id='word_1_353' title='bbox 882 1239 960 1274; x_wconf 75' lang='lat'>474.</span> <span class='ocrx_word' id='word_1_354' title='bbox 991 1241 1048 1280; x_wconf 89' lang='grc' dir='ltr'>Ε.,</span> <span class='ocrx_word' id='word_1_355' title='bbox 1083 1249 1184 1282; x_wconf 89' lang='lat' dir='ltr'>quem</span> <span class='ocrx_word' id='word_1_356' title='bbox 1215 1239 1330 1271; x_wconf 87' lang='lat' dir='ltr'>loeum</span> <span class='ocrx_word' id='word_1_357' title='bbox 1361 1249 1471 1280; x_wconf 89' lang='lat' dir='ltr'>nuper</span> 
     </span>
     <span class='ocr_line' id='line_1_74' title="bbox 827 1284 1470 1326; baseline -0.005 -8"><span class='ocrx_word' id='word_1_358' title='bbox 827 1287 938 1318; x_wconf 89' lang='lat' dir='ltr'>critici</span> <span class='ocrx_word' id='word_1_359' title='bbox 976 1287 1085 1318; x_wconf 89' lang='lat' dir='ltr'>eiecto</span> <span class='ocrx_word' id='word_1_360' title='bbox 1134 1287 1194 1316; x_wconf 79' lang='grc' dir='ltr'>τοῦ</span> <span class='ocrx_word' id='word_1_361' title='bbox 1229 1284 1470 1326; x_wconf 84' lang='lat' dir='ltr'>depravarunt.</span> 
     </span>
     <span class='ocr_line' id='line_1_75' title="bbox 827 1329 1468 1372; baseline -0.006 -8"><span class='ocrx_word' id='word_1_362' title='bbox 827 1350 870 1354; x_wconf 97' lang='lat'><strong>—</strong></span> <span class='ocrx_word' id='word_1_363' title='bbox 901 1330 1194 1372; x_wconf 87' lang='lat' dir='ltr'>Chaerephon</span> <span class='ocrx_word' id='word_1_364' title='bbox 1235 1329 1468 1367; x_wconf 86' lang='lat' dir='ltr'>Atheniensis,</span> 
     </span>
     <span class='ocr_line' id='line_1_76' title="bbox 827 1375 1470 1413; baseline -0.005 -4"><span class='ocrx_word' id='word_1_365' title='bbox 827 1377 962 1409; x_wconf 86' lang='lat' dir='ltr'>Socrati</span> <span class='ocrx_word' id='word_1_366' title='bbox 997 1376 1082 1408; x_wconf 90' lang='lat' dir='ltr'>adeo</span> <span class='ocrx_word' id='word_1_367' title='bbox 1121 1375 1277 1413; x_wconf 88' lang='lat' dir='ltr'>deditus,</span> <span class='ocrx_word' id='word_1_368' title='bbox 1318 1379 1357 1406; x_wconf 91' lang='grc'>111</span> <span class='ocrx_word' id='word_1_369' title='bbox 1395 1375 1470 1406; x_wconf 88' lang='lat' dir='ltr'>eius</span> 
     </span>
     <span class='ocr_line' id='line_1_77' title="bbox 826 1420 1470 1463; baseline -0.005 -9"><span class='ocrx_word' id='word_1_370' title='bbox 826 1432 919 1454; x_wconf 89' lang='lat' dir='ltr'>more</span> <span class='ocrx_word' id='word_1_371' title='bbox 935 1426 1111 1463; x_wconf 87' lang='lat' dir='ltr'>tamquam</span> <span class='ocrx_word' id='word_1_372' title='bbox 1127 1430 1225 1453; x_wconf 88' lang='lat' dir='ltr'>sacro</span> <span class='ocrx_word' id='word_1_373' title='bbox 1249 1420 1363 1452; x_wconf 90' lang='lat' dir='ltr'>furore</span> <span class='ocrx_word' id='word_1_374' title='bbox 1388 1431 1470 1461; x_wconf 89' lang='lat' dir='ltr'>quo-</span> 
     </span>
     <span class='ocr_line' id='line_1_78' title="bbox 826 1465 1471 1499; baseline -0.003 0"><span class='ocrx_word' id='word_1_375' title='bbox 826 1467 903 1499; x_wconf 88' lang='lat' dir='ltr'>dam</span> <span class='ocrx_word' id='word_1_376' title='bbox 930 1466 1071 1499; x_wconf 84' lang='lat' dir='ltr'>arderet.</span> <span class='ocrx_word' id='word_1_377' title='bbox 1119 1466 1225 1498; x_wconf 89' lang='lat' dir='ltr'>Plura</span> <span class='ocrx_word' id='word_1_378' title='bbox 1254 1465 1295 1497; x_wconf 91' lang='lat' dir='ltr'>de</span> <span class='ocrx_word' id='word_1_379' title='bbox 1319 1476 1359 1498; x_wconf 91' lang='grc' dir='ltr'>8ο</span> <span class='ocrx_word' id='word_1_380' title='bbox 1381 1465 1471 1497; x_wconf 85' lang='lat' dir='ltr'>dixi-</span> 
     </span>
     <span class='ocr_line' id='line_1_79' title="bbox 826 1509 1468 1554; baseline -0.003 -10"><span class='ocrx_word' id='word_1_381' title='bbox 826 1523 901 1545; x_wconf 88' lang='lat' dir='ltr'>mus</span> <span class='ocrx_word' id='word_1_382' title='bbox 925 1512 969 1544; x_wconf 85' lang='lat' dir='ltr'>ad</span> <span class='ocrx_word' id='word_1_383' title='bbox 986 1512 1133 1554; x_wconf 88' lang='lat' dir='ltr'>Apolog.</span> <span class='ocrx_word' id='word_1_384' title='bbox 1149 1511 1280 1543; x_wconf 81' lang='lat' dir='ltr'>Socrat.</span> <span class='ocrx_word' id='word_1_385' title='bbox 1304 1521 1336 1553; x_wconf 89' lang='lat' dir='ltr'>p.</span> <span class='ocrx_word' id='word_1_386' title='bbox 1356 1509 1412 1543; x_wconf 79' lang='lat'>20.</span> <span class='ocrx_word' id='word_1_387' title='bbox 1428 1511 1468 1542; x_wconf 90' lang='grc' dir='ltr'>Ε.</span> 
     </span>
    </p>

    <p class='ocr_par' dir='ltr' id='par_1_8' title="bbox 822 1555 1473 2775">
     <span class='ocr_line' id='line_1_80' title="bbox 870 1555 1470 1599; baseline -0.005 -9"><span class='ocrx_word' id='word_1_388' title='bbox 870 1558 909 1590; x_wconf 91' lang='grc' dir='ltr'>Β.</span> <span class='ocrx_word' id='word_1_389' title='bbox 940 1555 1090 1590; x_wconf 74' lang='grc' dir='ltr'><em>Οὐδὲν</em></span> <span class='ocrx_word' id='word_1_390' title='bbox 1114 1555 1366 1599; x_wconf 78' lang='grc' dir='ltr'>πρᾶγμα-]</span> <span class='ocrx_word' id='word_1_391' title='bbox 1393 1556 1470 1588; x_wconf 82' lang='lat' dir='ltr'>Das</span> 
     </span>
     <span class='ocr_line' id='line_1_81' title="bbox 826 1601 1470 1644; baseline -0.005 -9"><span class='ocrx_word' id='word_1_392' title='bbox 826 1602 887 1635; x_wconf 78' lang='lat' dir='ltr'>hat</span> <span class='ocrx_word' id='word_1_393' title='bbox 895 1603 1003 1635; x_wconf 69' lang='lat' dir='ltr'>nicht-3</span> <span class='ocrx_word' id='word_1_394' title='bbox 1014 1614 1056 1635; x_wconf 74' lang='lat' dir='ltr'>zu</span> <span class='ocrx_word' id='word_1_395' title='bbox 1068 1612 1183 1644; x_wconf 78' lang='lat' dir='ltr'>saqen,</span> <span class='ocrx_word' id='word_1_396' title='bbox 1212 1602 1276 1634; x_wconf 74' lang='lat' dir='ltr'>das</span> <span class='ocrx_word' id='word_1_397' title='bbox 1289 1601 1350 1633; x_wconf 79' lang='lat' dir='ltr'>hat</span> <span class='ocrx_word' id='word_1_398' title='bbox 1360 1601 1470 1634; x_wconf 70' lang='lat' dir='ltr'>‘nicht-s·</span> 
     </span>
     <span class='ocr_line' id='line_1_82' title="bbox 827 1645 1469 1690; baseline 0 -11"><span class='ocrx_word' id='word_1_399' title='bbox 827 1649 896 1690; x_wconf 80' lang='lat' dir='ltr'>auf</span> <span class='ocrx_word' id='word_1_400' title='bbox 921 1648 1000 1681; x_wconf 78' lang='lat' dir='ltr'>sich.</span> <span class='ocrx_word' id='word_1_401' title='bbox 1033 1659 1064 1679; x_wconf 90' lang='lat' dir='ltr'>v.</span> <span class='ocrx_word' id='word_1_402' title='bbox 1089 1647 1282 1689; x_wconf 87' lang='lat' dir='ltr'>Euthyphr.</span> <span class='ocrx_word' id='word_1_403' title='bbox 1314 1657 1346 1689; x_wconf 90' lang='lat' dir='ltr'>p.</span> <span class='ocrx_word' id='word_1_404' title='bbox 1371 1645 1403 1680; x_wconf 88' lang='lat'>3.</span> <span class='ocrx_word' id='word_1_405' title='bbox 1430 1647 1469 1679; x_wconf 89' lang='lat' dir='ltr'>C.</span> 
     </span>
     <span class='ocr_line' id='line_1_83' title="bbox 826 1691 1470 1736; baseline -0.002 -11"><span class='ocrx_word' id='word_1_406' title='bbox 826 1694 1023 1736; x_wconf 85' lang='lat' dir='ltr'>Legg.V11.</span> <span class='ocrx_word' id='word_1_407' title='bbox 1036 1703 1068 1735; x_wconf 88' lang='lat' dir='ltr'>p.</span> <span class='ocrx_word' id='word_1_408' title='bbox 1086 1691 1162 1725; x_wconf 83' lang='lat'>794.</span> <span class='ocrx_word' id='word_1_409' title='bbox 1179 1693 1220 1724; x_wconf 80' lang='lat' dir='ltr'>E.</span> <span class='ocrx_word' id='word_1_410' title='bbox 1243 1692 1470 1734; x_wconf 83' lang='lat' dir='ltr'>Aristoph.</span> 
     </span>
     <span class='ocr_line' id='line_1_84' title="bbox 825 1734 1468 1771; baseline -0.005 0"><span class='ocrx_word' id='word_1_411' title='bbox 825 1739 937 1771; x_wconf 88' lang='lat' dir='ltr'>Rann.</span> <span class='ocrx_word' id='word_1_412' title='bbox 959 1749 993 1770; x_wconf 81' lang='lat' dir='ltr'>v.</span> <span class='ocrx_word' id='word_1_413' title='bbox 1016 1736 1124 1771; x_wconf 79' lang='lat'>1226:</span> <span class='ocrx_word' id='word_1_414' title='bbox 1148 1735 1216 1769; x_wconf 79' lang='grc' dir='ltr'>ἀλλ’</span> <span class='ocrx_word' id='word_1_415' title='bbox 1243 1734 1354 1769; x_wconf 66' lang='grc' dir='ltr'><em>οὐδὲν·</em></span> <span class='ocrx_word' id='word_1_416' title='bbox 1379 1737 1468 1769; x_wconf 77' lang='grc' dir='ltr'><em>ἔσται</em></span> 
     </span>
     <span class='ocr_line' id='line_1_85' title="bbox 828 1782 1469 1828; baseline -0.003 -12"><span class='ocrx_word' id='word_1_417' title='bbox 828 1788 977 1828; x_wconf 79' lang='grc' dir='ltr'><strong>πρᾶγμα.</strong></span> <span class='ocrx_word' id='word_1_418' title='bbox 991 1784 1046 1816; x_wconf 86' lang='grc'>1)8</span> <span class='ocrx_word' id='word_1_419' title='bbox 1054 1783 1221 1826; x_wconf 86' lang='lat' dir='ltr'>proximis</span> <span class='ocrx_word' id='word_1_420' title='bbox 1230 1787 1323 1815; x_wconf 89' lang='lat' dir='ltr'>recte</span> <span class='ocrx_word' id='word_1_421' title='bbox 1335 1782 1469 1824; x_wconf 89' lang='lat' dir='ltr'>Olym-</span> 
     </span>
     <span class='ocr_line' id='line_1_86' title="bbox 826 1826 1468 1871; baseline 0 -11"><span class='ocrx_word' id='word_1_422' title='bbox 826 1830 1058 1871; x_wconf 89' lang='lat' dir='ltr'>piodorus:</span> <span class='ocrx_word' id='word_1_423' title='bbox 1084 1826 1102 1859; x_wconf 87' lang='grc' dir='ltr'><em>ὁ</em></span> <span class='ocrx_word' id='word_1_424' title='bbox 1130 1828 1329 1868; x_wconf 78' lang='grc' dir='ltr'><strong><em>Χαιρεφῶν</em></strong></span> <span class='ocrx_word' id='word_1_425' title='bbox 1350 1839 1468 1870; x_wconf 80' lang='grc' dir='ltr'><strong>φησιν.</strong></span> 
     </span>
     <span class='ocr_line' id='line_1_87' title="bbox 828 1870 1467 1917; baseline -0.003 -11"><span class='ocrx_word' id='word_1_426' title='bbox 828 1873 875 1906; x_wconf 83' lang='grc' dir='ltr'>ὅτι</span> <span class='ocrx_word' id='word_1_427' title='bbox 914 1871 1024 1906; x_wconf 74' lang='grc' dir='ltr'><em>οὐδὲν</em></span> <span class='ocrx_word' id='word_1_428' title='bbox 1053 1873 1216 1917; x_wconf 74' lang='grc' dir='ltr'>γέγονεν’</span> <span class='ocrx_word' id='word_1_429' title='bbox 1248 1872 1316 1915; x_wconf 80' lang='grc' dir='ltr'>ἐγώ</span> <span class='ocrx_word' id='word_1_430' title='bbox 1347 1872 1413 1915; x_wconf 79' lang='grc' dir='ltr'>γὰρ</span> <span class='ocrx_word' id='word_1_431' title='bbox 1448 1870 1467 1904; x_wconf 89' lang='grc' dir='ltr'>ὁ</span> 
     </span>
     <span class='ocr_line' id='line_1_88' title="bbox 826 1915 1469 1962; baseline -0.002 -11"><span class='ocrx_word' id='word_1_432' title='bbox 826 1919 935 1953; x_wconf 67' lang='grc' dir='ltr'><em>αἴτιος</em></span> <span class='ocrx_word' id='word_1_433' title='bbox 970 1918 1165 1962; x_wconf 66' lang='grc' dir='ltr'><em>γενόμενος</em></span> <span class='ocrx_word' id='word_1_434' title='bbox 1205 1915 1355 1958; x_wconf 81' lang='grc' dir='ltr'><strong>ἰάσομαι.</strong></span> <span class='ocrx_word' id='word_1_435' title='bbox 1416 1918 1469 1950; x_wconf 81' lang='lat' dir='ltr'>Ita</span> 
     </span>
     <span class='ocr_line' id='line_1_89' title="bbox 827 1963 1473 2007; baseline -0.003 -10"><span class='ocrx_word' id='word_1_436' title='bbox 827 1965 918 1997; x_wconf 90' lang='lat' dir='ltr'>enim</span> <span class='ocrx_word' id='word_1_437' title='bbox 944 1969 1096 2007; x_wconf 88' lang='lat' dir='ltr'>apparet,</span> <span class='ocrx_word' id='word_1_438' title='bbox 1122 1974 1283 2006; x_wconf 88' lang='lat' dir='ltr'>quorsum</span> <span class='ocrx_word' id='word_1_439' title='bbox 1302 1963 1391 1995; x_wconf 89' lang='lat' dir='ltr'>illud</span> <span class='ocrx_word' id='word_1_440' title='bbox 1413 1965 1473 1996; x_wconf 81' lang='grc' dir='ltr'>καί</span> 
     </span>
     <span class='ocr_line' id='line_1_90' title="bbox 826 2009 1468 2042; baseline -0.002 0"><span class='ocrx_word' id='word_1_441' title='bbox 826 2009 1042 2042; x_wconf 88' lang='lat' dir='ltr'>referendum</span> <span class='ocrx_word' id='word_1_442' title='bbox 1076 2010 1130 2042; x_wconf 89' lang='lat' dir='ltr'>sit.</span> <span class='ocrx_word' id='word_1_443' title='bbox 1195 2009 1367 2042; x_wconf 90' lang='lat' dir='ltr'>Videlicet</span> <span class='ocrx_word' id='word_1_444' title='bbox 1402 2009 1468 2041; x_wconf 91' lang='lat' dir='ltr'>hoc</span> 
     </span>
     <span class='ocr_line' id='line_1_91' title="bbox 826 2054 1469 2098; baseline -0.002 -11"><span class='ocrx_word' id='word_1_445' title='bbox 826 2055 911 2087; x_wconf 87' lang='lat' dir='ltr'>dicit</span> <span class='ocrx_word' id='word_1_446' title='bbox 953 2054 1198 2098; x_wconf 87' lang='lat' dir='ltr'>Chaerephon:</span> <span class='ocrx_word' id='word_1_447' title='bbox 1246 2065 1341 2097; x_wconf 85' lang='lat' dir='ltr'>ego,</span> <span class='ocrx_word' id='word_1_448' title='bbox 1391 2054 1469 2096; x_wconf 91' lang='lat' dir='ltr'>qui</span> 
     </span>
     <span class='ocr_line' id='line_1_92' title="bbox 826 2100 1467 2139; baseline -0.002 -7"><span class='ocrx_word' id='word_1_449' title='bbox 826 2100 959 2133; x_wconf 91' lang='lat' dir='ltr'>huius</span> <span class='ocrx_word' id='word_1_450' title='bbox 988 2100 1093 2132; x_wconf 83' lang='lat' dir='ltr'>mali</span> <span class='ocrx_word' id='word_1_451' title='bbox 1122 2103 1274 2132; x_wconf 87' lang='lat' dir='ltr'>auctor</span> <span class='ocrx_word' id='word_1_452' title='bbox 1299 2100 1467 2139; x_wconf 84' lang='lat' dir='ltr'>exstiti,</span> 
     </span>
     <span class='ocr_line' id='line_1_93' title="bbox 826 2145 1468 2188; baseline -0.003 -10"><span class='ocrx_word' id='word_1_453' title='bbox 826 2157 950 2188; x_wconf 92' lang='lat' dir='ltr'>quum</span> <span class='ocrx_word' id='word_1_454' title='bbox 968 2145 1140 2178; x_wconf 88' lang='lat' dir='ltr'>diutius</span> <span class='ocrx_word' id='word_1_455' title='bbox 1165 2149 1205 2178; x_wconf 89' lang='lat' dir='ltr'>te</span> <span class='ocrx_word' id='word_1_456' title='bbox 1225 2146 1267 2177; x_wconf 92' lang='lat' dir='ltr'>in</span> <span class='ocrx_word' id='word_1_457' title='bbox 1289 2146 1380 2178; x_wconf 89' lang='lat' dir='ltr'>foro</span> <span class='ocrx_word' id='word_1_458' title='bbox 1405 2145 1468 2177; x_wconf 91' lang='lat' dir='ltr'>de-</span> 
     </span>
     <span class='ocr_line' id='line_1_94' title="bbox 822 2191 1468 2230; baseline -0.002 -7"><span class='ocrx_word' id='word_1_459' title='bbox 822 2192 1052 2230; x_wconf 87' lang='lat' dir='ltr'>tinuerim,</span> <span class='ocrx_word' id='word_1_460' title='bbox 1092 2191 1220 2223; x_wconf 80' lang='lat' dir='ltr'>etiam</span> <span class='ocrx_word' id='word_1_461' title='bbox 1250 2191 1468 2223; x_wconf 87' lang='lat' dir='ltr'>resarcire</span> 
     </span>
     <span class='ocr_line' id='line_1_95' title="bbox 825 2236 1468 2278; baseline 0 -10"><span class='ocrx_word' id='word_1_462' title='bbox 825 2236 1022 2268; x_wconf 84' lang='lat' dir='ltr'>damnum</span> <span class='ocrx_word' id='word_1_463' title='bbox 1045 2236 1244 2268; x_wconf 86' lang='lat' dir='ltr'>studebo.</span> <span class='ocrx_word' id='word_1_464' title='bbox 1277 2237 1395 2278; x_wconf 88' lang='lat' dir='ltr'>Pergit</span> <span class='ocrx_word' id='word_1_465' title='bbox 1418 2237 1468 2268; x_wconf 91' lang='lat' dir='ltr'>in-</span> 
     </span>
     <span class='ocr_line' id='line_1_96' title="bbox 825 2280 1466 2324; baseline -0.003 -10"><span class='ocrx_word' id='word_1_466' title='bbox 825 2286 955 2324; x_wconf 87' lang='lat' dir='ltr'>terpres</span> <span class='ocrx_word' id='word_1_467' title='bbox 992 2283 1061 2314; x_wconf 82' lang='lat' dir='ltr'>ita:</span> <span class='ocrx_word' id='word_1_468' title='bbox 1101 2280 1138 2312; x_wconf 82' lang='grc' dir='ltr'>τό</span> <span class='ocrx_word' id='word_1_469' title='bbox 1176 2280 1242 2324; x_wconf 82' lang='grc' dir='ltr'>γὰρ</span> <span class='ocrx_word' id='word_1_470' title='bbox 1281 2280 1359 2324; x_wconf 80' lang='grc' dir='ltr'>ἐγώ</span> <span class='ocrx_word' id='word_1_471' title='bbox 1398 2281 1466 2314; x_wconf 82' lang='grc' dir='ltr'>καὶ</span> 
     </span>
     <span class='ocr_line' id='line_1_97' title="bbox 826 2324 1468 2368; baseline 0 -10"><span class='ocrx_word' id='word_1_472' title='bbox 826 2325 1005 2366; x_wconf 80' lang='grc' dir='ltr'><em>ἰάσομαι</em></span> <span class='ocrx_word' id='word_1_473' title='bbox 1054 2329 1220 2368; x_wconf 82' lang='grc' dir='ltr'><em>παροιμία</em></span> <span class='ocrx_word' id='word_1_474' title='bbox 1259 2325 1357 2358; x_wconf 72' lang='grc' dir='ltr'><em>ἐστὶν</em></span> <span class='ocrx_word' id='word_1_475' title='bbox 1400 2324 1468 2359; x_wconf 79' lang='grc' dir='ltr'>ἀπὸ</span> 
     </span>
     <span class='ocr_line' id='line_1_98' title="bbox 827 2370 1469 2412; baseline 0.003 -9"><span class='ocrx_word' id='word_1_476' title='bbox 827 2375 887 2404; x_wconf 76' lang='grc' dir='ltr'>τοῦ</span> <span class='ocrx_word' id='word_1_477' title='bbox 917 2371 1076 2412; x_wconf 72' lang='grc' dir='ltr'><strong><em>Τνλέφου</em></strong></span> <span class='ocrx_word' id='word_1_478' title='bbox 1105 2373 1160 2403; x_wconf 88' lang='grc' dir='ltr'>καὶ</span> <span class='ocrx_word' id='word_1_479' title='bbox 1187 2375 1248 2404; x_wconf 83' lang='grc' dir='ltr'>τοῦ</span> <span class='ocrx_word' id='word_1_480' title='bbox 1272 2370 1469 2412; x_wconf 70' lang='grc' dir='ltr'><em>τρώσαντος</em></span> 
     </span>
     <span class='ocr_line' id='line_1_99' title="bbox 825 2414 1468 2458; baseline -0.002 -9"><span class='ocrx_word' id='word_1_481' title='bbox 825 2414 931 2449; x_wconf 75' lang='grc' dir='ltr'><em>αὐτὸν</em></span> <span class='ocrx_word' id='word_1_482' title='bbox 968 2416 1135 2458; x_wconf 76' lang='grc' dir='ltr'>Αχιλλέως</span> <span class='ocrx_word' id='word_1_483' title='bbox 1160 2420 1220 2449; x_wconf 81' lang='grc' dir='ltr'>τοῦ</span> <span class='ocrx_word' id='word_1_484' title='bbox 1245 2417 1300 2449; x_wconf 85' lang='grc' dir='ltr'>καὶ</span> <span class='ocrx_word' id='word_1_485' title='bbox 1326 2416 1468 2457; x_wconf 84' lang='grc' dir='ltr'><em>ιάσαμὲ-</em></span> 
     </span>
     <span class='ocr_line' id='line_1_100' title="bbox 827 2459 1468 2504; baseline 0.003 -11"><span class='ocrx_word' id='word_1_486' title='bbox 827 2474 909 2500; x_wconf 79' lang='lat' dir='ltr'>rov,</span> <span class='ocrx_word' id='word_1_487' title='bbox 950 2463 1114 2504; x_wconf 73' lang='grc' dir='ltr'><strong><em>λεχθεῖσα</em></strong></span> <span class='ocrx_word' id='word_1_488' title='bbox 1147 2460 1196 2494; x_wconf 85' lang='grc' dir='ltr'>ὅτι</span> <span class='ocrx_word' id='word_1_489' title='bbox 1237 2459 1256 2494; x_wconf 86' lang='grc' dir='ltr'>ὁ</span> <span class='ocrx_word' id='word_1_490' title='bbox 1291 2461 1468 2504; x_wconf 64' lang='grc' dir='ltr'><em>τρώσας</em></span> 
     </span>
     <span class='ocr_line' id='line_1_101' title="bbox 825 2506 1468 2550; baseline 0.003 -12"><span class='ocrx_word' id='word_1_491' title='bbox 825 2508 897 2539; x_wconf 83' lang='grc' dir='ltr'>καὶ</span> <span class='ocrx_word' id='word_1_492' title='bbox 934 2506 1118 2539; x_wconf 82' lang='grc' dir='ltr'><strong>ἰάσεται.</strong></span> <span class='ocrx_word' id='word_1_493' title='bbox 1179 2508 1232 2540; x_wconf 84' lang='grc'>1)8</span> <span class='ocrx_word' id='word_1_494' title='bbox 1272 2507 1398 2550; x_wconf 84' lang='lat' dir='ltr'>quibus</span> <span class='ocrx_word' id='word_1_495' title='bbox 1435 2518 1468 2540; x_wconf 72' lang='lat' dir='ltr'>V.</span> 
     </span>
     <span class='ocr_line' id='line_1_102' title="bbox 825 2552 1469 2594; baseline 0 -10"><span class='ocrx_word' id='word_1_496' title='bbox 825 2563 910 2594; x_wconf 89' lang='lat' dir='ltr'>quos</span> <span class='ocrx_word' id='word_1_497' title='bbox 972 2552 1129 2584; x_wconf 82' lang='lat' dir='ltr'>laudavit</span> <span class='ocrx_word' id='word_1_498' title='bbox 1179 2553 1215 2584; x_wconf 91' lang='lat' dir='ltr'>H</span> <span class='ocrx_word' id='word_1_499' title='bbox 1230 2554 1270 2585; x_wconf 92' lang='lat' dir='ltr'>ei</span> <span class='ocrx_word' id='word_1_500' title='bbox 1283 2564 1305 2585; x_wconf 89' lang='lat' dir='ltr'>n</span> <span class='ocrx_word' id='word_1_501' title='bbox 1326 2553 1347 2585; x_wconf 91' lang='lat' dir='ltr'>d</span> <span class='ocrx_word' id='word_1_502' title='bbox 1364 2564 1383 2585; x_wconf 94' lang='lat' dir='ltr'>o</span> <span class='ocrx_word' id='word_1_503' title='bbox 1399 2564 1416 2584; x_wconf 86' lang='lat' dir='ltr'>r</span> <span class='ocrx_word' id='word_1_504' title='bbox 1434 2553 1469 2592; x_wconf 86' lang='lat' dir='ltr'>f.,</span> 
     </span>
     <span class='ocr_line' id='line_1_103' title="bbox 823 2597 1468 2631; baseline 0 -2"><span class='ocrx_word' id='word_1_505' title='bbox 823 2597 1128 2630; x_wconf 86' lang='lat' dir='ltr'>Hemsterhus.</span> <span class='ocrx_word' id='word_1_506' title='bbox 1152 2597 1386 2631; x_wconf 90' lang='lat' dir='ltr'>adLucian.</span> <span class='ocrx_word' id='word_1_507' title='bbox 1411 2598 1468 2630; x_wconf 93' lang='lat' dir='ltr'>Ni-</span> 
     </span>
     <span class='ocr_line' id='line_1_104' title="bbox 823 2643 1468 2685; baseline 0.002 -11"><span class='ocrx_word' id='word_1_508' title='bbox 823 2643 912 2685; x_wconf 85' lang='lat' dir='ltr'>grin.</span> <span class='ocrx_word' id='word_1_509' title='bbox 936 2647 1078 2675; x_wconf 84' lang='lat' dir='ltr'>extrem.</span> <span class='ocrx_word' id='word_1_510' title='bbox 1101 2647 1136 2675; x_wconf 86' lang='lat' dir='ltr'>et</span> <span class='ocrx_word' id='word_1_511' title='bbox 1153 2643 1400 2676; x_wconf 85' lang='lat' dir='ltr'>Casaubon.</span> <span class='ocrx_word' id='word_1_512' title='bbox 1425 2643 1468 2675; x_wconf 83' lang='lat' dir='ltr'>ad</span> 
     </span>
     <span class='ocr_line' id='line_1_105' title="bbox 824 2687 1467 2721; baseline 0.002 -1"><span class='ocrx_word' id='word_1_513' title='bbox 824 2688 963 2720; x_wconf 88' lang='lat' dir='ltr'>Sueton.</span> <span class='ocrx_word' id='word_1_514' title='bbox 1003 2688 1124 2720; x_wconf 86' lang='lat' dir='ltr'>Claud.</span> <span class='ocrx_word' id='word_1_515' title='bbox 1155 2699 1183 2720; x_wconf 92' lang='grc'>0.</span> <span class='ocrx_word' id='word_1_516' title='bbox 1215 2687 1269 2721; x_wconf 88' lang='lat'>43.</span> <span class='ocrx_word' id='word_1_517' title='bbox 1336 2687 1467 2721; x_wconf 83' lang='lat' dir='ltr'>Eadem</span> 
     </span>
     <span class='ocr_line' id='line_1_106' title="bbox 823 2732 1466 2775; baseline 0 -10"><span class='ocrx_word' id='word_1_518' title='bbox 823 2733 914 2774; x_wconf 87' lang='lat' dir='ltr'>fere,</span> <span class='ocrx_word' id='word_1_519' title='bbox 962 2743 1049 2775; x_wconf 80' lang='lat' dir='ltr'>quae</span> <span class='ocrx_word' id='word_1_520' title='bbox 1104 2732 1466 2775; x_wconf 85' lang='lat' dir='ltr'>Olympiodorus‚</span> 
     </span>
    </p>
   </div>
  </div>
 </body>
</html>
