1722 2964
499 88 914 125 PROTAGORAS.
944 88 985 126 P.
1016 89 1095 125 340.
1117 90 1181 125 341
1206 87 1288 122 ST.
1537 83 1618 126 123

287 205 392 265 Cap.
429 203 612 249 XXVII.
659 202 708 250 ‘O
737 221 820 261 μεν
860 196 943 248 οὖν
973 200 1196 258 Πρόδικος
1237 199 1430 255 ἀκούσας
1479 204 1618 248 ταῦτα

192 275 385 335 ἐπῄνεσέ
405 285 478 333 με
505 271 528 318 ὁ
554 273 604 318 δὲ
626 269 951 331 Πρωταγόρας,
990 269 1048 316 Τὸ
1075 268 1375 328 ἐπανόρθωμα
1400 283 1484 326 σοι,
1511 274 1615 328 ἔφη,

192 345 226 390 ὠ
254 342 503 402 Σώκρατες,
535 344 684 399 μεῖζον
706 336 941 398 ἁμάρτημα
974 335 1105 397 ἔχει’
1087 337 1115 396 ἡ
1145 335 1169 384 ὃ
1195 340 1476 398 επανορθοῖς
1525 339 1615 383 Καὶ

192 410 277 470 ἐγὼ
303 410 444 468 εἷπον,
469 407 623 456 Κακὸν
640 405 725 467 ἄρα
742 425 817 465 μοι
837 413 1080 466 εἴργασται,
1106 404 1164 459 ὡς
1189 411 1347 463 ἔοικεν,
1373 425 1408 451 ω
1426 412 1619 463 Πρωτα-

190 477 316 539 γόρα,
343 479 416 524 καὶ
434 481 527 536 εἰμί
540 495 605 530 τις
623 481 792 534 γελοῖος
812 473 958 533 ἰατρός
972 486 979 493 ·
1011 473 1195 532 ἰώμενος
1211 479 1360 533 μεῖζον
1377 473 1425 519 τὸ
1444 472 1618 532 νόσημα

191 550 316 593 ποιῶ.
337 543 453 593 Ἀλλ’
483 543 622 598 οὕτως
646 548 750 602 ἔχει,
775 546 872 601 ἔφη.
907 545 1014 595 Πῶς
1040 541 1120 600 δή;
1160 543 1217 600 ἠν
1242 540 1284 587 δ’
1315 540 1412 599 ἐγώ.
1464 539 1619 600 Πολλὴ

191 613 263 671 ἄν,
284 620 385 673 ἔφη,
404 611 577 672 ἀμαθία
602 618 670 670 εἴη
693 612 772 656 τοῦ
795 613 994 669 ποιητοῦ,
1022 614 1063 655 εἰ
1085 608 1200 656 οὕτω
1219 608 1395 669 φαῦλόν
1413 614 1461 655 τί
1479 623 1620 669 φησιν

192 682 308 728 εἶναι
331 681 413 740 τὴν
437 679 599 740 ἀρετὴν
631 681 865 737 ἐκτῆσθαι,
899 675 923 724 ὃ
956 682 1048 724 ἔστι
1079 677 1262 724 πάντων
1294 676 1619 737 χαλεπώτατον,

191 749 250 803 ὥς
274 747 412 796 ἅπασι
437 753 561 795 δοκεῖ
590 745 859 806 ἀνθρώποις.
908 747 997 792 Καὶ
1024 745 1109 804 ἐγώ
1134 745 1276 804 εἷπον,
1310 744 1386 803 Νὴ
1409 745 1488 792 τὸν
1512 751 1619 803 Δία,

193 822 255 871 εἰς
289 815 445 877 καιρόν
475 835 526 874 γε
558 813 916 873 παρατετύχηκεν
947 812 1056 872 ημῖν
1088 816 1138 859 ἐν
1160 824 1252 867 τοῖς
1278 812 1424 871 λόγοις
1448 812 1622 871 Πρόδι-

191 904 266 939 κος
290 884 377 931 ὅδε.
405 882 658 930 κινδυνεύει
682 881 766 942 γάρ
790 901 879 940 τοι,
924 883 957 927 ὠ
981 881 1282 941 Πρωταγόρα,
1330 879 1358 939 ἡ
1382 885 1614 941 Προδίκου

190 957 327 1011 σοφία
349 957 456 998 θεία
479 971 544 1005 τις
569 950 684 997 εἶναι
702 949 853 1007 πάλαι,
879 948 973 1008 ἤτοι
992 948 1078 995 ἀπὸ
1091 954 1353 1008 Σιμωνίδου
1377 947 1616 1008 ἄρξαμένη,
1631 965 1699 998 341

190 1017 216 1079 ἢ
241 1021 316 1066 καὶ
348 1024 411 1065 ἔτι
443 1020 721 1077 παλαιοτέρα.
772 1016 829 1063 σὺ
862 1018 911 1063 δὲ
935 1015 1084 1063 ἄλλων
1116 1020 1295 1063 πολλῶν
1319 1022 1522 1077 ἔμπειρος
1557 1014 1620 1063 ὧν

189 1087 350 1146 ταύτης
374 1085 554 1147 ἄπειρος
580 1086 694 1132 εἶναι
717 1090 884 1143 φαίνει,
916 1083 997 1144 οὐχ
1030 1083 1178 1145 ὥσπερ
1205 1084 1290 1143 ἐγὼ
1315 1090 1520 1145 ἔμπειρος
1546 1084 1621 1131 διὰ

191 1155 240 1201 τὸ
264 1154 465 1214 μαθητὴς
498 1155 612 1201 εἶναι
636 1157 867 1212 Προδίκου
898 1158 1089 1199 τουτουΐ,
1139 1154 1213 1198 καὶ
1247 1156 1334 1199 νῦν
1368 1172 1443 1211 μοι
1475 1157 1622 1207 δοκεῖς

190 1355 220 1387 Β
267 1309 557 1388 bCaplXXVII.
605 1310 648 1341 E.
683 1303 730 1342 ἐν
762 1309 860 1347 τοῖς
895 1302 1078 1352 λόγοις]
1115 1303 1156 1342 ἐν
1179 1319 1247 1342 οιιι.
1271 1309 1363 1342 Ven.
1390 1309 1437 1342 Σ.
1468 1310 1552 1342 Par.
1579 1308 1619 1342 C.

226 1366 264 1387 31¹
294 1365 344 1388 er·
364 1365 385 1387 a
405 1381 413 1389 ι

191 1467 405 1510 κεκτῆσθαι
423 1468 594 1509 usur-3pat
619 1465 872 1499 memorabilis

191 1484 304 1545 locus!
312 1515 369 1544 est
384 1512 540 1546 Theaet.
562 1522 597 1554 p.
616 1512 680 1544 198
697 1512 750 1543 D:
782 1509 873 1553 πρὶν

190 1552 278 1600 ε’κτη
264 1557 379 1590 σθαι
405 1555 472 1590 τοῦ
502 1555 719 1599 κεκτῆσθαι
744 1552 870 1599 ἕνεκα,

190 1602 257 1635 sed
260 1569 420 1634 rifauimr
437 1602 657 1635 Eustathius
674 1612 782 1644 quum
800 1603 874 1634 for-

189 1658 287 1680 mam
309 1647 406 1679 hanc
426 1647 578 1679 Platoni
598 1647 874 1689 frequentatam

193 1693 346 1724 att-icam
371 1702 453 1724 esse
476 1691 584 1725 docet
602 1692 648 1724 ad
664 1692 773 1725 11.11.
792 1694 871 1725 272.

193 1739 255 1770 30:
289 1732 330 1769 τὸ
365 1731 552 1779 ἐκτῆσθαι
583 1731 750 1770 Ἀττικόν
779 1732 868 1770 ἐστι.

190 1782 285 1814 Nam
315 1781 428 1814 semel
458 1782 646 1814 invenitur
676 1781 773 1834 apud
802 1783 870 1815 Ae-

193 1826 362 1868 schylum
377 1827 496 1861 Prom.
516 1828 580 1859 792
604 1821 810 1869 ἐκτημέναι
835 1831 871 1860 et

192 1873 231 1903 in
256 1871 473 1914 quibusdam
502 1871 607 1903 libris
631 1872 868 1913 Thucyd.11.

192 1918 277 1954 62,4
294 1914 598 1958 προσεκτημένα,
617 1927 651 1949 v.
670 1917 871 1950 Schneider

193 1961 239 1994 ad
260 1971 371 2003 remp.
391 1972 425 2003 p.
441 1962 508 1994 464
522 1962 555 1993 D
584 1964 620 1994 et
642 1962 786 2005 Kriiger
808 1963 868 1997 Gr.

239 2050 334 2093 Cap.
365 2034 516 2084 XXVII.

192 2096 328 2138 θωμα
361 2114 402 2119 -—

586 2046 642 2084 Τὸ
678 2046 871 2094 ἐπανόρ-

442 2087 467 2139 ἤ
500 2088 521 2129 ὀ
560 2091 867 2141 ἐπανορθοις]

193 2141 387 2174 Sententia
403 2141 496 2174 haec
525 2145 597 2175 est:
632 2141 869 2176 eorrectio

191 2189 270 2219 tua
293 2187 462 2219 maiore
494 2188 628 2220 etiam
652 2189 871 2230 premitur

192 2231 470 2264 incommodo
494 2242 619 2274 quam
643 2233 756 2275 quod
780 2244 869 2266 cor-

194 2277 321 2318 rigis,
355 2277 380 2308 i.
406 2287 437 2310 e
471 2287 597 2318 quam
628 2280 873 2319 sententia,

194 2331 320 2363 quam
362 2321 590 2364 corrigere
629 2323 789 2356 studes
830 2328 874 2356 et

194 2365 442 2398 emendare.
461 2365 581 2399 Stazlb.
604 2367 748 2400 Devoe.
759 2363 873 2402 ἔπαν-

192 2406 352 2453 ὀρθωμα
383 2411 490 2451 eique
527 2411 699 2444 affinibus
730 2424 763 2446 v.
791 2414 871 2447 Lo-

192 2456 309 2489 beek
328 2455 485 2507 adPhry
488 2466 523 2488 n.
542 2467 575 2498 p.
585 2458 662 2491 250

238 2501 280 2535 E.
310 2498 350 2533 εἰ
381 2494 498 2533 οὕτω
532 2500 714 2542 φαῦλον
739 2501 797 2546 -]
833 2505 871 2536 si

196 2555 242 2578 re
259 2545 516 2587 veradicat
534 2546 576 2578 id
594 2547 708 2589 quod
725 2550 873 2591 tuqui

195 2589 287 2623 dem
306 2591 386 2632 ais,
406 2601 440 2625 v.
450 2601 484 2633 p.
495 2571 872 2626 3⁷360etStallbaum.

197 2635 243 2666 ad
257 2636 358 2678 Apol.
376 2647 411 2679 p.
420 2636 512 2670 2513.
543 2636 695 2678 φαῦλον
711 2637 746 2670 h.
756 2649 786 2673 e.
807 2634 874 2682 ρᾴ-

198 2678 282 2712 διον
301 2679 364 2722 (cf.
383 2691 463 2723 cap.
483 2683 525 2713 26
545 2681 651 2723 extr.)
670 2683 875 2725 oppositum

198 2726 254 2756 est
266 2726 348 2757 voci
371 2721 549 2769 χαλεπόν.
574 2729 764 2770 utrumque
789 2737 873 2762 con-

197 2769 313 2801 traria
337 2770 379 2803 de
404 2781 516 2804 eausa
539 2773 702 2814 proxime
728 2773 836 2807 abest
854 2786 874 2808 a

196 2813 467 2856 significatione
483 2817 655 2851 vocabuli
673 2813 803 2852 κακόν.

991 1463 1057 1504 εἰς
1074 1460 1256 1509 καιρον]
1293 1471 1564 1509 opportune,
1581 1471 1622 1500 ut

942 1511 1138 1563 Xenoph.
1159 1511 1293 1554 Cyrop.
1308 1512 1381 1553 111,
1403 1515 1439 1554 1,
1458 1514 1491 1546 8.
1522 1513 1624 1546 Alibi

944 1553 998 1595 εἰς
1015 1551 1135 1590 καλόν
1152 1556 1298 1597 dieitur,
1316 1561 1358 1589 ut
1374 1537 1496 1600 Symp.
1512 1569 1549 1601 p.
1559 1560 1624 1591 174

942 1602 983 1640 E,
1003 1602 1112 1635 ubiv.
1132 1612 1219 1635 ann.
1236 1601 1358 1636 Stallb.

987 1641 1154 1690 πάλαι]
1182 1648 1269 1679 iam
1292 1647 1394 1680 inde
1420 1649 1624 1690 antiqui-

941 1694 1025 1724 tus.
1051 1692 1107 1725 De
1124 1702 1207 1725 voc.
1224 1692 1336 1731 θεῖος
1352 1704 1385 1727 v.
1402 1694 1496 1735 adp.
1505 1695 1622 1727 315E.

987 1730 1094 1780 ἤτοι
1119 1731 1208 1769 οἷπό
1232 1737 1337 1779 Σιμ
1362 1736 1427 1781 —]
1455 1738 1622 1781 Respicit

943 1782 989 1814 ad
1012 1793 1047 1824 p
1066 1784 1132 1815 316
1155 1782 1208 1821 D,
1234 1783 1298 1815 ubi
1319 1783 1544 1826 Protagoras
1568 1783 1622 1816 di-

941 1831 1049 1860 xerat
1062 1806 1315 1869 sophist'icen
1305 1838 1379 1860 iam
1393 1839 1414 1861 a
1423 1828 1621 1870 Simonide,

939 1873 1117 1914 Homero,
1152 1872 1254 1914 aliis,
1290 1883 1370 1906 esse
1393 1874 1621 1907 factitatam.

940 1918 1072 1959 Itaque
1105 1914 1308 1959 εἰρωνικῶς
1337 1919 1449 1951 etiam
1473 1919 1624 1952 Prodici

941 1966 1057 1994 artem
1074 1963 1268 1996 verborum
1285 1963 1501 1997 discrimina
1517 1964 1622 1998 inda-

942 2008 1054 2049 gandi
1088 2007 1134 2040 ad
1163 2009 1408 2041 remotissima
1437 2009 1505 2042 illa
1528 2013 1621 2042 tem-

940 2063 1032 2094 pora
1050 2054 1175 2086 refert.
1203 2054 1324 2086 Stallb.

985 2099 1026 2130 P
1044 2100 1122 2131 341.
1153 2093 1235 2141 οὐχ
1264 2092 1413 2156 ὥσπερ
1437 2094 1519 2143 ἐγὼ
1545 2096 1623 2142 ἔμ-

940 2141 1118 2187 πειρος]
1160 2144 1227 2175 int.
1267 2141 1357 2186 εἰμί.
1403 2148 1494 2187 ego
1533 2155 1621 2178 vero

939 2189 1078 2230 peritus
1111 2199 1205 2226 sum,
1247 2199 1357 2230 quum
1396 2189 1504 2222 huius
1533 2190 1624 2223 Pro-

940 2233 1013 2265 dici
1037 2234 1169 2266 fuerim
1192 2233 1422 2276 discipulus)
1457 2229 1527 2278 οὐχ
1551 2228 1623 2268 ω’σ-

943 2289 1012 2321 περ
1060 2279 1097 2310 in
1145 2279 1286 2311 talibus
1324 2279 1622 2322 b1ev1loquent1a

944 2323 1102 2365 quadam
1125 2324 1213 2366 poni
1230 2324 1312 2357 loco
1330 2325 1539 2366 particulae
1559 2326 1622 2358 ad—

941 2370 1170 2410 versativae,
1211 2369 1247 2401 id
1279 2370 1406 2412 docte,
1440 2372 1481 2403 ut
1513 2371 1621 2411 solet,

941 2413 1210 2447 demonstravit
1239 2415 1473 2448 Heindorfius
1506 2418 1544 2448 et
1577 2397 1624 2448 ad

940 2459 975 2491 h.
1018 2459 1042 2492 l.
1084 2461 1120 2491 et
1160 2459 1206 2491 ad
1245 2459 1355 2513 Gorg.
1394 2471 1429 2503 p.
1468 2462 1534 2493 522
1573 2460 1622 2492 A:

941 2498 1030 2542 τούς
1060 2499 1270 2544 νεωτάτους
1298 2501 1406 2557 ὑμῶν
1435 2504 1624 2556 διαφθεί-

942 2559 999 2600 ρει
1025 2546 1171 2602 τέμνων
1194 2561 1234 2583 τε
1261 2549 1327 2584 καὶ
1352 2546 1457 2584 κάων
1483 2575 1490 2583 .
1519 2576 1526 2583 .
1554 2561 1599 2583 ου

944 2588 1067 2636 ὥσπερ
1096 2589 1172 2648 ἐγώἱ
1192 2595 1316 2629 πολλὰ
1339 2594 1406 2628 καὶ
1434 2590 1533 2648 ᾐδέα
1555 2606 1623 2628 και

943 2636 1175 2672 παντοδαπα
1218 2635 1387 2684 εὐώχουν
1425 2636 1539 2682 υμᾶς.
1586 2651 1621 2675 ι.

944 2684 1193 2726 Symp-179E.
1211 2686 1360 2719 Prodici
1375 2689 1498 2718 autem
1511 2685 1621 2718 disci-

943 2729 1071 2772 pulum
1103 2729 1276 2763 Socrates
1310 2731 1423 2764 etiam
1456 2731 1548 2763 alibi
1580 2741 1620 2764 se

942 2774 1151 2817 profitetur,
1176 2779 1218 2807 ut
1233 2776 1331 2808 Men.
1349 2787 1383 2818 p.
1402 2777 1445 2808 96
1462 2776 1508 2811 D.
1534 2775 1621 2808 Cra-

943 2819 1010 2862 tyl.
1027 2830 1063 2862 p.
1082 2821 1148 2854 384
1166 2820 1205 2854 C.
1238 2820 1422 2854 Charmid.
1440 2832 1474 2864 p.
1493 2822 1558 2854 163
1574 2822 1619 2854 D.
