1702 2924
236 209 312 263 33⁶

771 207 978 249 PLATON
979 210 1029 248 IS

232 311 437 366 φέστερον
464 312 651 365 ἐπιδείξω
679 314 703 355 ὃ
731 311 849 368 λέγω.
902 319 1044 359 Δυοῖν
1082 318 1227 359 ὄντοιν
1258 320 1353 359 τοῖν
1378 319 1564 371 πραγμά-

231 392 324 419 τοιν
350 378 429 419 δύο
457 375 563 432 λέγω
590 376 735 432 τέχνας
748 394 757 403 ·
797 378 876 433 τὴν
902 379 979 434 μὲν
1015 379 1082 422 ἐπὶ
1117 387 1169 435 τῇ
1206 387 1322 436 ψυχῇ
1348 380 1566 436 πολιτικὴν

297 510 335 541 Β.
359 510 504 541 Δυοῖν
526 507 674 543 ὄντοιν
707 515 799 543 tota
823 510 1116 555 πραγμάτοιν]
1147 515 1239 549 τοῖν,
1262 511 1368 555 vulgo
1390 513 1565 554 omissum,

230 558 407 586 servarunt
420 554 498 587 Vat.
522 554 627 588 Coisl.
650 555 736 588 Ven.
752 555 791 589 Σ.
817 555 919 589 vind.
943 555 974 589 1.
986 554 1018 589 2.
1032 554 1065 589 6.
1083 554 1114 590 7.
1137 557 1216 590 Par.
1238 556 1404 590 BEFW.
1426 557 1518 590 Flor.
1538 569 1565 591 s.

231 598 370 631 Meerm.
394 598 492 632 Bodl.
515 600 663 635 Darmst.

297 684 369 729 τὴν
391 687 469 726 μὲν
493 686 563 720 ἐπὶ
589 690 633 730 τῇ
657 688 708 730 qm]
734 688 775 721 V.
800 689 867 720 καὶ
903 685 965 731 τὴν
986 688 1053 727 μὲν
1076 687 1132 721 ἐπὶ
1159 692 1197 732 τῇ
1220 695 1257 729 ψ.
1302 689 1369 723 Sed
1392 690 1448 722 καὶ
1471 700 1566 733 prae-

274 797 356 839 Cap.
371 797 465 830 XIX.
482 798 521 831 Β.
546 799 690 831 Δυοῖν
715 796 734 830 ὅ
747 809 866 831 ντοιν

231 854 253 873 ι.
287 853 344 883 πρ.
377 853 406 874 κ.
438 854 462 874 τ.
487 841 528 886 t]
590 843 767 876 Sententia
797 843 864 876 loci

232 886 317 919 haec
340 890 408 919 est:
432 887 530 919 Duae
554 892 643 928 sunt,
666 887 788 929 inquit,
813 898 866 919 ar-

228 935 278 963 tes
302 930 410 963 bonae
420 956 428 972 ‚
461 942 548 973 quae
570 932 612 964 ad
636 932 784 974 corporis
808 942 864 964 va-

231 975 418 1008 letudinem
452 977 653 1009 servandam
685 977 740 1008 vel
771 977 863 1008 resti-

230 1019 390 1052 tuendam
427 1021 597 1063 pertinent
610 1032 618 1061 ;
657 1020 744 1053 duae
783 1021 863 1053 item

230 1064 346 1096 valent
375 1064 419 1097 ad
449 1065 600 1098 animum
625 1071 714 1099 recte
743 1064 865 1107 guber—

230 1108 392 1141 nandum.
444 1110 585 1152 Corpori
615 1110 704 1142 enim
737 1110 865 1152 prospi-

229 1154 326 1185 ciunt
347 1164 402 1186 ars
424 1156 705 1196 gymnastica
734 1159 768 1186 et
790 1164 865 1186 me-

229 1197 339 1237 dica;
371 1199 483 1231 animo
513 1203 654 1241 prosunt
682 1198 774 1241 legi
784 1198 864 1231 sla-

229 1243 339 1274 toria
371 1246 404 1274 et
435 1243 475 1274 iu
486 1244 584 1275 stiti
597 1254 627 1275 a.
682 1243 749 1275 sed
772 1253 863 1285 repe-

226 1287 361 1319 riuntur
382 1287 484 1320 etiam
503 1292 591 1320 artes
614 1291 775 1330 quattuor
798 1291 865 1320 tur—

227 1342 303 1373 pes,
343 1341 486 1373 quarum
518 1343 650 1365 summa
680 1333 715 1364 in
748 1331 863 1365 adula-

229 1376 320 1408 tione
350 1377 554 1409 continetur.
601 1377 696 1417 Quae
728 1376 863 1418 quidem

227 1426 317 1452 artes
353 1420 550 1453 inhonestae
583 1420 863 1463 quemadmodum

227 1464 384 1507 singulae
408 1475 487 1497 suas
510 1465 638 1497 habent
660 1470 790 1508 partes,
815 1466 863 1497 ita

228 1509 330 1541 etiam
373 1509 526 1542 honestis
565 1511 694 1543 artibus
740 1509 862 1542 callide

229 1555 326 1595 quasi
364 1554 585 1595 insidiantur,
627 1555 750 1597 quippe
788 1564 862 1587 sese

229 1597 427 1630 simulantes
473 1598 542 1631 illis
585 1599 741 1631 meliores
778 1608 862 1631 esse.

229 1642 285 1675 Sic
308 1643 542 1697 gymnasticae
577 1643 611 1675 in
643 1643 753 1676 locum
785 1644 864 1675 sub-

227 1686 314 1729 repit
338 1698 358 1729 η
381 1685 588 1729 κομμωτική;
613 1689 694 1720 artis
710 1687 861 1719 medicae

230 1731 341 1764 locum
365 1737 508 1774 occupat
537 1729 558 1774 ἡ
584 1729 783 1786 ὀψοποιική;
817 1732 862 1764 le·

226 1775 423 1818 gislatoriae
471 1782 582 1808 autem
622 1773 642 1818 ἠ
683 1777 862 1818 σοφιστικὴ

228 1830 267 1851 ac
290 1820 440 1853 iustitiae
473 1818 493 1864 ἡ
520 1818 680 1863 ρηιυρικὴ
713 1820 861 1853 vicariae

226 1874 299 1897 esse
335 1875 356 1896 v
359 1865 466 1897 olunt.
536 1866 606 1897 Iam
652 1875 732 1898 vero
771 1865 860 1907 quod

225 1919 410 1950 coquorum
434 1919 488 1942 ars
511 1911 660 1952 corpori,
694 1910 727 1942 id
752 1910 861 1942 rheto-

226 1954 298 1986 rica
329 1954 444 1986 animo
482 1958 542 1986 est.
603 1955 690 1987 Nam
727 1955 859 1996 corpori

225 1997 313 2029 male
350 2008 441 2036 sano
471 2008 525 2030 ars
558 1998 704 2040 medica,
746 2000 859 2032 animo

226 2041 362 2074 turbato
386 2043 515 2075 iustitia
538 2043 697 2076 medetur.
755 2043 860 2076 Fallit

224 2090 336 2119 autem
379 2086 512 2119 deliciis
554 2092 587 2120 et
627 2086 859 2128 voluptatibus

225 2128 245 2174 ἠ
268 2128 451 2174 ὀψοποιικὴ
462 2141 595 2174 corpus,
608 2131 775 2164 rhetorica
788 2132 858 2164 ani-

225 2185 318 2208 mum
356 2176 400 2218 (p.
432 2174 508 2209 461.
540 2177 577 2208 B.
611 2194 651 2200 —
685 2174 762 2210 466.
792 2176 855 2214 A),

225 2219 416 2260 Quintil.
440 2221 522 2253 Inst.
546 2221 638 2253 Orat.
664 2220 713 2261 11,
738 2219 791 2259 15,
814 2219 857 2253 24

225 2274 314 2306 seq:
339 2264 540 2307 plerique
571 2269 712 2297 autem
725 2289 733 2304 ,
763 2264 857 2297 dum

224 2319 361 2351 pauca
385 2320 433 2341 ex
460 2309 618 2352 Gorgia
645 2309 855 2349 Platonis,

224 2364 245 2384 a
282 2354 502 2394 prioribus
548 2354 749 2397 imperite
792 2364 856 2386 ex-

222 2402 390 2439 cerpta,
455 2398 603 2440 legere
659 2398 856 2431 contenti

222 2451 362 2483 neque
406 2441 481 2474 hoc
532 2448 666 2475 totum
718 2452 855 2484 neque

222 2485 311 2518 alia
349 2486 443 2518 eius
482 2487 705 2519 volumina
745 2486 855 2519 evol·

221 2533 341 2570 vuut,
390 2530 432 2562 in
475 2532 703 2564 maximum
746 2541 855 2563 erro-

222 2584 303 2606 rem
354 2574 608 2607 inciderunt
659 2575 854 2608 credunt—

225 2629 301 2660 que
332 2628 419 2651 eum
453 2619 494 2651 in
528 2619 605 2652 hac
643 2631 739 2652 osse
773 2620 854 2663 opi—

223 2664 370 2703 nione,
411 2668 455 2695 ut
492 2663 741 2697 rhetoricen
771 2674 852 2697 uon

220 2712 372 2750 artem,
402 2707 475 2741 sed
499 2709 698 2752 peritiam
731 2718 853 2753 quan·

931 798 1023 830 dam
1045 800 1217 842 gratiae
1247 809 1297 833 ac
1320 799 1566 843 voluptatis

932 843 1178 885 existimet,
1207 847 1252 876 et
1279 844 1368 878 alio
1393 845 1488 878 loco
1513 846 1565 878 ci-

931 887 1130 921 vilitatis
1160 889 1411 931 particulae
1442 890 1564 922 simu·

932 932 1100 965 lacrum
1147 939 1187 965 et
1237 939 1433 975 quartam
1476 945 1565 977 par-

932 981 1013 1009 tem
1036 976 1339 1018 adulationis,
1364 978 1475 1020 quod
1498 979 1563 1011 du-

932 1031 975 1053 as
1013 1025 1161 1074 partes
1199 1022 1445 1055 civilitatis
1480 1034 1565 1056 cor-

932 1067 1025 1107 pori
1050 1066 1277 1109 assignet,
1301 1067 1563 1100 medicinam

932 1114 971 1141 et
1028 1121 1149 1152 quam
1211 1112 1564 1154 interpretantur

931 1155 1307 1196 exercitatricem,
1343 1156 1450 1188 duas
1478 1158 1564 1188 ani-

932 1208 1011 1238 mo,
1051 1199 1237 1242 legalem
1274 1205 1401 1242 atque
1442 1201 1562 1233 iusti-

932 1243 1056 1284 tiam,
1092 1244 1393 1277 adulationem
1426 1250 1563 1278 autem

931 1287 1177 1322 medicinae
1236 1295 1361 1321 vocet
1413 1299 1564 1332 coquo-

932 1342 1018 1364 rum
1069 1333 1319 1366 artificium
1370 1338 1410 1366 et
1448 1345 1565 1368 exer-

931 1377 1157 1410 citatricis
1186 1387 1466 1420 mangonum,
1488 1379 1563 1420 qui

932 1421 1124 1454 colorem
1148 1422 1250 1455 fuco
1275 1427 1317 1455 et
1339 1433 1481 1455 verum
1506 1434 1563 1456 ro-

933 1465 1011 1497 bur
1033 1466 1157 1498 inani
1180 1467 1334 1509 sagina
1357 1468 1564 1500 mentian-

931 1515 1016 1549 tur,
1041 1509 1198 1553 legalis
1224 1511 1565 1550 cavillatricem,

930 1554 1134 1587 iustitiae
1158 1555 1421 1588 rhetoricen.
1447 1557 1565 1597 Quae

930 1599 1072 1630 omnia
1095 1603 1195 1632 sunt
1214 1599 1383 1641 quidem
1401 1601 1563 1643 scripta

923 1643 972 1677 in
1011 1642 1089 1675 hoc
1134 1642 1249 1676 libro
1295 1643 1508 1686 dictaque
1544 1656 1564 1677 a

930 1687 1126 1728 Socrate,
1194 1689 1318 1721 cuius
1377 1696 1564 1731 persona

930 1731 1106 1765 videtur
1135 1733 1263 1765 Plato
1293 1733 1563 1776 significare

930 1776 1028 1818 quid
1052 1778 1240 1817 seutiat3
1264 1777 1335 1810 sed
1359 1777 1440 1810 alii
1464 1784 1564 1811 eunt

929 1821 1026 1867 ejus
1049 1831 1271 1854 sermones
1302 1822 1351 1854 ad
1388 1833 1563 1866 coargu

929 1865 1060 1898 eudes
1079 1875 1152 1908 qul
1169 1871 1319 1899 contra
1337 1866 1561 1909 disputant

928 1911 1175 1963 compositi.

972 1951 1045 1997 τὴν
1072 1955 1152 1994 μὲν
1182 1954 1252 1987 ἐπὶ
1292 1958 1336 1997 τῇ
1369 1958 1483 1999 ψυχῇ
1506 1955 1562 1999 -]

928 1999 1017 2031 Ante
1042 1997 1103 2042 τὴι
1124 1999 1190 2039 μὲν
1212 1998 1270 2032 ἐπὶ
1295 2002 1331 2042 τῇ
1356 2001 1448 2041 ψιχῆ
1472 2011 1505 2032 π.
1530 2012 1558 2033 κ,

927 2042 1016 2084 quod
1049 2042 1152 2087 vulgo
1185 2045 1239 2076 καὶ
1277 2045 1439 2076 insertum
1469 2043 1559 2089 lege

926 2087 1040 2127 batur,
1074 2092 1164 2120 recte
1193 2087 1279 2121 illud
1310 2088 1459 2121 omnium
1491 2083 1560 2122 sere

925 2131 1088 2163 librorum
1149 2134 1346 2166 auctoritate
1399 2133 1560 2166 omissum

926 2186 998 2208 esse
1050 2175 1221 2209 docebunt
1274 2176 1406 2219 aliquot
1457 2177 1559 2211 huius

925 2219 1080 2274 asyndeti
1103 2222 1269 2276 exempla.
1294 2221 1398 2264 Legg.
1408 2231 1458 2274 p
1482 2220 1559 2255 957.

926 2266 974 2297 A:
1014 2262 1123 2297 πάιια
1155 2264 1184 2297 δ’
1216 2278 1280 2298 ου·ι
1310 2284 1352 2290 -
1385 2263 1445 2297 ιὸι
1480 2266 1560 2299 νέοι·

923 2307 1149 2352 ἅναπληροῦι
1179 2309 1243 2354 χρὴ
1275 2308 1489 2351 eomn‘h'rrp·
1523 2309 1559 2343 ιὰ

924 2353 990 2392 μὲι
1023 2353 1095 2385 ἴδια
1135 2353 1333 2409 δικαστήρια
1372 2365 1471 2395 tany
1513 2366 1558 2396 πῃ

924 2396 1110 2451 γιγιόμεια
1134 2399 1259 2440 μέτρον
1281 2397 1327 2431 ἂι
1349 2399 1432 2440 ἔχοι·
1459 2396 1496 2430 ιὰ
1521 2398 1559 2431 δὲ

924 2440 1070 2485 δημόσια
1095 2444 1148 2475 καὶ
1175 2441 1272 2476 κοινὰ
1295 2443 1349 2476 καὶ
1374 2441 1471 2476 ὅσοις
1495 2441 1558 2483 ἀρ-

924 2486 1109 2529 χᾶςδεικ.
1137 2486 1554 2529 t.2.1b5d.lx.p..867

923 2532 964 2564 A.
999 2531 1172 2575 Protagor.
1211 2541 1241 2588 p.
1278 2530 1355 2566 338
1387 2531 1433 2564 C:
1478 2529 1559 2564 dud

923 2573 966 2618 δὴ
1010 2577 1168 2631 βελτίονα
1211 2575 1306 2620 ἡμῶν
1352 2573 1557 2628 αἱρήσεσθε.

924 2622 959 2676 τῆ
1003 2620 1066 2659 μὲν
1111 2618 1260 2664 ἀληθείᾳ
1297 2638 1340 2645 -
1381 2617 1558 2652 dovr-ator

928 2655 1025 2704 υμῖν,
1066 2664 1148 2699 ῶςιε
1184 2662 1420 2717 Πρωταγόρου
1459 2665 1557 2698 τοῦδε

924 2707 1128 2751 σοφώτερά»
1158 2721 1231 2743 τινα
1261 2709 1418 2743 ἑλεοθαι·
1453 2708 1491 2741 εἰ
1518 2709 1558 2742 δὲ
