1682 2944
456 224 528 262 AD
558 221 804 262 sonaim
832 198 1104 260 PLAroms
1400 218 1451 255 5⁷

106 338 158 375 sit
183 337 313 387 potius
342 341 494 387 tempus
522 335 678 386 aliquod
706 334 772 372 illo
799 333 1001 384 posterius,
1030 332 1206 385 quamvis
1234 344 1312 369 non
1340 331 1455 379 longe

105 394 195 432 inde
233 393 422 440 dissitum,
461 405 536 444 quo
573 391 788 430 Leontinus
827 390 1019 440 sophista,
1058 393 1213 439 peracto
1250 387 1456 436 legationis

106 463 285 497 munere,
315 450 491 488 Athenas
519 449 645 486 denuo
681 447 872 486 reviserit.
929 446 1101 495 Longius
1129 458 1222 484 vero
1250 445 1340 483 inde
1379 443 1456 482 dis-

107 506 222 545 cessit
268 507 348 544 Ed.
384 505 627 544 Munkius
662 504 704 541 in
741 504 859 542 libro:
908 504 984 541 Die
1022 503 1237 542 natdrliche
1276 503 1456 550 ordnung

106 565 172 602 der
200 564 350 601 Platon.
373 562 579 612 Schriften,
609 575 647 611 p.
672 563 774 608 120.,
803 559 872 612 qui
899 559 1067 597 maxime
1094 563 1252 610 propter
1269 571 1326 605 ea,
1356 570 1457 609 quae

106 633 143 669 p.
175 622 267 659 519.
296 619 354 657 ed.
376 619 508 669 Steph.
538 619 586 656 de
605 617 806 656 Alcibiade
834 617 1089 662 disseruntur,
1121 617 1168 654 de
1196 615 1338 667 quibus
1365 627 1458 652 mox

106 675 256 714 dicetur
293 675 542 726 explicatius,
583 674 778 723 dialogum
817 673 1028 712 arbitratur
1056 672 1208 723 Olymp.
1240 676 1304 718 90,
1338 673 1371 709 1.
1402 684 1456 704 Ξ

108 735 188 769 420
218 744 252 769 a.
281 732 369 770 Chr.
398 745 436 770 n.
464 731 642 770 habitum
676 730 782 780 fingi.
839 732 971 781 Atque
1009 729 1188 768 similiter
1226 728 1345 767 etiam
1379 726 1457 773 alii,

106 788 182 825 alia
208 788 350 826 similia
366 788 519 840 sequuti
547 791 763 837 temporum
789 787 965 836 vestigia,
996 785 1179 824 statuisse
1198 785 1457 834 reperiuntur,

107 844 148 882 in
175 845 316 895 quibus
344 849 404 883 est
431 845 510 882 Ed.
539 844 564 882 J
575 844 758 882 ahnius
786 843 912 882 Praef.
942 843 991 881 ad
1020 843 1134 891 Gorg.
1161 855 1198 892 p.
1228 842 1341 879 XVI.
1380 840 1456 878 Sed

104 901 313 939 maximam
341 903 389 939 ab
418 901 485 939 illa
513 900 707 939 sententia
743 900 1014 938 discessionem
1041 899 1178 937 fecisse
1207 897 1457 936 existimandi

105 961 196 995 sunt
225 958 291 1008 qui
319 957 444 996 habiti
471 957 612 1006 dialogi
641 961 794 1007 tempus
824 957 871 994 ad
902 960 1114 994 extremam
1148 955 1240 993 belli
1269 955 1458 1004 Pelopon-

104 1014 247 1052 nesiaci
275 1018 441 1053 aetatem
468 1015 714 1052 rettulerunt.
753 1013 866 1054 Quod
895 1013 1051 1064 quidem
1072 1015 1225 1062 praeter
1243 1011 1338 1049 alios
1358 1011 1458 1049 fece-

104 1074 197 1109 runt
233 1070 309 1110 viri
346 1070 667 1121 praestantissimi
705 1070 834 1108 Frid.
866 1069 1378 1108 Schleiermacherus
1419 1071 1460 1106 et

104 1127 236 1166 Frid.
268 1128 468 1174 Astius,
498 1127 566 1179 qui
584 1140 706 1179 quum
732 1126 775 1164 in
803 1126 890 1165 aliis
907 1126 1042 1164 multis
1061 1126 1108 1164 de
1129 1124 1293 1174 Gorgiae
1314 1123 1459 1162 caussis

105 1188 146 1221 et
175 1183 344 1222 consiliis
372 1184 623 1230 dissentiant,
661 1187 791 1222 tamen
819 1183 860 1221 in
897 1196 942 1220 eo
971 1182 1192 1232 conspirant
1219 1180 1459 1227 amicissime,

105 1241 207 1291 quod
245 1254 266 1278 e
305 1241 387 1278 loco
425 1254 462 1290 p.
503 1242 552 1278 47
559 1244 596 1278 3.
636 1240 676 1278 C.
722 1239 930 1278 clarissime
969 1252 1152 1289 apparere
1183 1238 1461 1276 'iudicaverunt

106 1309 319 1334 sermonem
356 1310 435 1334 11011
472 1297 547 1334 alio
585 1301 755 1346 tempore
793 1296 971 1334 habitum
1007 1295 1102 1344 fingi
1150 1308 1266 1346 quam
1305 1294 1458 1345 Olymp.

110 1356 174 1399 93,
205 1357 242 1390 4.
280 1353 345 1391 vel
384 1356 463 1391 405
505 1366 538 1391 a.
568 1353 655 1391 Chr.
686 1366 736 1399 n.,
777 1365 1012 1404 quamquam
1050 1365 1150 1403 quae
1188 1351 1280 1389 huic
1316 1350 1460 1390 rationi

107 1409 303 1448 adversari
336 1409 539 1456 videntur,
588 1422 634 1448 ea
674 1409 909 1458 diligentiori
949 1408 1118 1447 examini
1156 1408 1460 1459 haudquaquam

107 1465 364 1504 subiecerunt.
428 1467 560 1517 Atque
598 1466 699 1503 hanc
735 1465 924 1504 rationem
962 1465 1142 1515 probavit
1170 1464 1286 1503 etiam
1316 1465 1356 1502 O.
1386 1465 1458 1502 Fr.

108 1522 428 1560 Hermannus
455 1522 498 1560 111
516 1522 664 1561 Histor.
682 1522 825 1560 Philos.
846 1523 996 1560 Platon.
1025 1522 1110 1560 Vol.
1130 1522 1163 1559 I.
1191 1535 1228 1571 p.
1250 1522 1356 1567 476„
1386 1520 1460 1559 etsi

108 1579 156 1616 de
185 1579 318 1617 eadem
345 1593 381 1629 p.
415 1582 508 1616 634.
538 1592 626 1616 ann.
647 1582 740 1616 390.
769 1578 944 1630 loquitur
971 1578 1226 1625 dubitantius,
1255 1591 1459 1626 argumen-

107 1635 159 1673 tis
187 1635 271 1673 eius
300 1635 530 1686 quibusdam
558 1636 599 1673 in
628 1635 927 1673 controversiam
954 1635 1113 1674 vocatis.
1153 1636 1294 1686 Itaque
1323 1638 1460 1684 sponte

108 1691 350 1740 intelligitur,
380 1691 524 1741 opinor,
553 1692 723 1730 virorum
752 1693 963 1731 doctorum‘
985 1691 1126 1730 iudicia
1154 1692 1228 1729 hac
1255 1691 1297 1728 in
1326 1703 1462 1729 caussa

108 1748 322 1798 discrepare
349 1761 428 1785 non
454 1748 715 1795 mediocriter,
746 1748 1058 1800 quandoquidem
1086 1748 1215 1797 agitur
1252 1748 1299 1785 de
1328 1747 1460 1785 discri-

108 1804 210 1842 mine
239 1805 443 1843 dumtaxat
478 1804 617 1853 viginti
655 1805 774 1843 trium
812 1818 1012 1843 annorum.
1070 1803 1171 1845 Quid
1208 1803 1352 1853 igitur?
1390 1817 1461 1853 pu-

107 1861 326 1899 tabimusne
354 1861 482 1910 ipsum
502 1862 714 1908 Platonem,
743 1863 836 1899 dum
855 1862 1050 1910 dialogum
1074 1865 1114 1899 et
1133 1860 1462 1909 elegantissimum

109 1921 149 1954 et
177 1917 447 1965 gravissimum
476 1918 708 1968 composuit,
748 1918 788 1955 in
829 1917 1060 1956 adornandis
1089 1917 1329 1956 sermonibus
1367 1917 1462 1955 adeo

107 1972 228 2011 fuisse
256 1973 491 2011 incuriosum
519 1974 583 2013 vel
611 1974 904 2021 inconstantem,
933 1979 978 2013 ut
1007 1987 1057 2012 ne
1081 1973 1348 2012 informaverit
1375 1973 1460 2025 qui-

108 2030 196 2068 dem
224 2029 352 2068 animo
380 2029 474 2068 certi
512 2029 676 2069 alieuius
714 2031 897 2081 temporis
926 2034 1072 2070 statum
1110 2034 1158 2076 et*
1178 2029 1461 2069 conditionem?

108 2099 159 2123 an
194 2099 287 2124 vero
324 2085 435 2124 nobis
471 2087 786 2136 persuadebimus
831 2100 921 2125 eum
958 2087 1127 2125 confiisis
1164 2092 1204 2126 et
1242 2086 1461 2126 commixtis

108 2146 323 2192 temporum
351 2142 502 2181 indiciis
531 2156 772 2182 communem
800 2145 995 2195 quandam
1033 2148 1073 2183 et
1110 2157 1162 2182 ex
1198 2143 1318 2183 variis
1357 2148 1461 2183 aeta-

109 2198 215 2237 tibus
252 2199 458 2238 conflatam
503 2212 634 2238 rerum
680 2200 922 2250 publicarum
969 2200 1177 2250 imaginem
1214 2200 1461 2250 spectavisse,

109 2254 224 2293 sicuti
261 2268 385 2305 nuper
417 2255 731 2295 Deuschlius
768 2257 924 2304 statuit,
962 2257 1031 2308 qui
1058 2257 1332 2307 philosophum
1360 2257 1461 2295 arbi-

108 2315 235 2350 tratus
273 2317 334 2350 est
366 2325 446 2350 non
481 2314 562 2350 tam
597 2317 745 2351 certum
783 2314 976 2365 quoddam
1013 2318 1186 2363 tempus,
1226 2314 1294 2351 sed
1331 2313 1462 2363 potius

109 2381 350 2406 communem
377 2369 582 2419 quamdam
609 2370 792 2419 temporis
810 2370 938 2408 ideam
966 2383 1050 2408 esse
1078 2369 1292 2408 intuitum?
1327 2370 1462 2408 Enim-

108 2437 201 2463 vero
229 2425 339 2463 nobis
369 2423 524 2475 quidem
553 2430 694 2464 neutra
729 2426 856 2476 placet
891 2426 1096 2465 sententia,
1154 2427 1330 2478 Utroque
1359 2427 1462 2465 enim

109 2484 221 2530 pacto
249 2481 500 2531 philosophus
537 2482 762 2531 gravissime
790 2483 1007 2522 violaturus
1034 2483 1174 2521 fuisset
1211 2483 1306 2522 artis
1344 2484 1461 2532 leges,

110 2550 161 2574 ex
188 2537 340 2588 quibus,
369 2537 483 2575 sicuti
509 2538 652 2576 fabulis
680 2538 850 2586 scenicis,
880 2539 936 2577 ita
965 2539 1082 2577 etiam
1110 2539 1271 2588 dialogis
1300 2541 1349 2578 ad
1377 2540 1461 2577 illa-

109 2606 197 2631 rum
225 2593 515 2632 similitudinem
544 2595 762 2645 compositis
800 2598 947 2633 certum
986 2595 1142 2647 aliquod
1182 2600 1335 2646 tempus
1374 2609 1462 2633 con-

110 2650 292 2688 stitutum
319 2663 402 2689 esse
432 2651 557 2698 debet,
586 2652 635 2689 ad
663 2652 766 2703 quod
794 2651 961 2703 denique
995 2652 1133 2699 omnia,
1163 2666 1263 2704 quae
1293 2656 1463 2701 aguntur

113 2710 229 2757 atque
259 2707 510 2753 disseruntur,
539 2708 788 2757 probabiliter
814 2708 950 2746 referri
979 2712 1134 2760 queant.
1173 2710 1314 2760 Itaque
1343 2722 1460 2760 quae—

114 2762 249 2803 sivisse
278 2776 370 2802 sane
398 2763 559 2812 iuvabit,
588 2777 683 2802 num
701 2778 779 2818 qua
807 2768 958 2817 tempus
987 2765 1109 2817 possit
1134 2765 1276 2805 certius
1295 2765 1458 2818 definiri,
