1702 2924
384 113 631 154 GORGIAS.
663 111 709 151 P.
739 110 834 150 474.
855 110 960 153 4.75
990 109 1051 149 ed.
1083 107 1140 147 St.
1367 104 1444 143 173

90 227 252 280 νόμους
299 223 371 266 καὶ
413 224 464 265 τὰ
506 221 815 277 ἐπιτηδεύματα
855 220 908 262 οὐ
947 218 1088 294 δήπου
1125 214 1243 264 ἐκτὸς
1282 214 1448 256 τούτων

94 290 179 333 ἐστὶ
209 289 261 332 τὰ
289 289 398 332 καλά
414 317 429 341 ,
457 294 535 330 τοῦ
561 283 590 341 ἦ
616 286 808 341 ὠφέλιμα
837 281 947 327 εἶναι
974 281 1003 338 ἦ
1029 282 1133 339 ἡδέα
1160 278 1189 337 ἢ
1216 281 1448 336 ἀμφότεροι.

96 358 244 398 ΠΩΛ.
280 356 373 397 Οὐκ
401 352 543 408 ἔμοιγε
571 353 699 395 δοκεῖ.
749 354 810 393 Σ
801 353 852 393 Q,
885 351 1060 392 Οὐκοῦν
1087 347 1159 391 καὶ
1184 348 1232 389 τὸ
1260 349 1347 389 τῶν
1373 361 1448 400 μα·
1479 347 1561 391 475

94 422 303 476 θημάτων
333 421 485 468 κάλλος
513 418 731 468 ὠςαύτωςς
769 418 918 459 ΠιΩιΛ.
948 414 1077 456 Πάνυ
1104 425 1175 468 γε·
1214 412 1286 455 καὶ
1312 413 1452 460 καλῶς

94 502 142 541 γε
170 493 254 528 νῦν
282 486 438 540 ὁρίζει,
480 478 514 526 ὦ
542 485 791 538 Σώκρατες,
829 482 965 536 ηδονῇ
1004 494 1048 521 τε
1086 479 1158 521 καὶ
1187 479 1339 534 ἀγαθῷ
1366 477 1451 531 ὁρι-

95 553 269 606 ζόμενος
307 552 356 594 τὸ
394 550 537 593 καλόν.
595 551 697 591 Σῼ.
741 549 916 590 Οὐκοῦν
953 545 1002 587 τὸ
1030 545 1206 599 αἰσχρὸν
1245 551 1303 598 τῷ
1332 542 1451 586 ἐναν-

95 618 194 672 τίῳ,
232 618 346 672 λύπῃ
383 631 427 658 τε
467 614 540 658 καὶ
576 620 718 669 κακῷ;
761 614 909 654 ΠΩΛ.
934 607 1130 666 Ἀνάγκη.
1186 612 1288 652 ΣΩ.
1312 610 1451 652 “va

22 696 26 701 ’
96 686 180 736 ἄρα
207 683 333 724 δυοῖν
359 685 510 724 καλοῖν
537 683 725 735 θάτερον
752 680 926 721 κάλλιον
974 675 1018 732 η’,
1056 674 1086 731 ἦ
1113 682 1170 730 τῷ
1199 674 1327 732 ἑτέρῳ
1355 675 1450 716 τού-

97 763 190 790 τοιν
217 746 245 802 ἢ
272 746 530 803 ἀμφοτέροις
550 747 820 800 ὑπερβάλλον
845 743 1019 786 κάλλιόν
1044 741 1170 791 ἐστιν,
1201 745 1295 797 ἥτοι
1315 741 1451 796 ἡδονῇ

97 810 126 867 ἢ
153 812 334 868 ὠφελείᾳ
360 810 390 868 ἢ
417 812 689 867 ἀμφοτέροις.
760 811 907 851 ΠΩΛ.
954 809 1082 850 Πάνυ
1110 823 1170 863 γε.
1226 808 1324 849 ΣΩ.
1364 805 1452 848 Καὶ

97 878 200 921 ὅταν
237 878 282 921 δὲ
319 878 371 934 δὴ
410 879 536 921 δυοῖν
571 878 763 932 αἰσχροῖν
802 876 850 917 τὸ
888 874 1033 928 ἕτερον
1068 874 1234 928 αἴσχιον
1262 877 1315 927 ᾐ
1356 875 1450 927 ἤτοι
1479 875 1516 918 Β

101 945 214 1000 λύπῃ
242 941 272 999 ἢ
299 946 416 1000 κακῷ
443 944 714 998 ὑπερβάλλον
742 941 908 995 αἴσχιον
935 940 1060 982 ἔσται.
1098 939 1128 994 ἦ
1155 940 1236 981 οὐκ
1263 939 1449 993 ἀνάγκης

104 1012 253 1052 ΠΩΛ.
286 1010 391 1052 Ναί.
448 1011 549 1051 Σῼ.
594 1008 703 1062 Φέρε
730 1008 805 1062 δή,
847 1009 937 1055 πῶς
975 1004 1136 1059 ἐλέγετο
1163 1009 1249 1047 νῦν
1277 1003 1329 1059 δὴ
1357 1004 1454 1069 περὶ

99 1082 176 1118 τοῦ
215 1076 377 1117 ἀδικεῖν
415 1076 485 1117 καὶ
524 1075 784 1123 ἀδικεῖσθαι;
825 1073 905 1114 οὐκ
943 1070 1079 1125 ἔλεγες
1115 1072 1163 1113 τὸ
1191 1070 1269 1126 μὲν
1299 1071 1451 1112 ἀδικεῖ-

98 1145 202 1183 σθαι
230 1141 382 1183 κάκιον
411 1137 546 1191 εἶναι,
584 1141 632 1182 τὸ
663 1138 707 1181 δὲ
743 1139 905 1180 ἀδικεῖν
934 1138 1122 1191 αἴσχιονς
1162 1132 1451 1179 ΠΩΛ.”Ελε-

99 1222 191 1261 γον.
248 1208 349 1248 ΣΩ.
404 1206 578 1247 Οὐκοῦν
615 1205 730 1257 εἴπερ
770 1204 936 1258 αἴσχιον
963 1204 1011 1245 τὸ
1049 1203 1211 1244 ἀδικεῖν
1248 1208 1326 1244 τοῦ
1366 1202 1451 1244 ἀδι-

100 1351 184 1384 Ven.
212 1350 253 1383 Σ.
289 1350 392 1383 Vind.
416 1350 448 1384 2.
472 1350 563 1383 Flor.
590 1349 621 1382 d.
644 1361 679 1382 x.
703 1349 803 1382 Bodl.
826 1349 917 1392 Aug.
942 1350 1084 1382 Meerm.
1108 1360 1187 1383 eum
1211 1350 1290 1382 Bas.
1314 1348 1346 1382 2.
1393 1349 1453 1382 At-

99 1408 164 1439 que
189 1394 210 1440 ἢ
235 1393 390 1438 ὠφέλιμα
413 1395 546 1429 abiecto
571 1398 632 1428 τοῦ
656 1396 794 1439 scripsit
817 1395 957 1436 Herm.;
983 1395 1041 1429 sed
1066 1406 1098 1430 v,
1123 1395 1250 1438 explic.

165 1465 202 1497 P.
227 1462 302 1497 475.
343 1461 522 1496 Οὐκοῦν
555 1461 598 1496 τὸ
628 1460 820 1506 αἰσχρὸν
853 1466 906 1507 τῷ
931 1462 1002 1506 ἑν.]
1049 1463 1142 1496 Male
1166 1463 1272 1506 vulgo
1296 1464 1351 1495 καὶ
1376 1467 1454 1506 post

105 1507 246 1542 Οὐκοῦν
268 1509 514 1552 interponitur,
548 1509 640 1552 quod
662 1513 755 1542 recte
779 1510 942 1542 omittunt
964 1509 1050 1542 Ven.
1078 1508 1157 1543 ΞΣ.
1181 1509 1284 1541 vind.
1310 1509 1341 1542 1.
1364 1507 1396 1542 2.
1421 1508 1452 1544 6.

99 1554 189 1588 Flor.
214 1566 244 1588 a..
268 1554 302 1588 b.
327 1566 354 1587 c.
379 1554 411 1588 d.
434 1555 457 1587 f.
480 1565 524 1587 m.
549 1566 580 1587 ο.
605 1566 632 1587 s.
657 1566 690 1587 x.
721 1555 810 1598 Aug.
844 1555 982 1587 Meerm.
1016 1554 1115 1587 Bodl.
1171 1555 1306 1588 Tuetur
1338 1558 1452 1587 tamen

100 1600 188 1633 illud
212 1600 328 1635 Clark.
353 1611 431 1633 cum
455 1600 544 1641 aliis,
568 1599 609 1633 de
634 1611 701 1643 quo
726 1604 819 1633 tacet
842 1601 960 1635 Herm.

167 1669 207 1701 B.
245 1672 329 1703 πῶς
362 1667 537 1712 ἐλέγετο
571 1671 648 1700 νῦν
678 1667 739 1712 δὴ]
797 1667 831 1700 τὸ
867 1671 933 1701 νῦν
964 1665 1007 1711 δὴ
1038 1667 1142 1701 Coisl.
1175 1667 1279 1700 vind.
1310 1666 1342 1700 6.
1373 1667 1452 1700 Par.

102 1713 332 1748 BCEFIW.
357 1714 448 1747 Flor.
473 1725 504 1746 a.
528 1724 558 1747 c.
582 1714 605 1747 f.
628 1725 675 1747 m.
697 1724 728 1748 ο.
754 1724 780 1746 s.

105 1847 161 1881 ἐπὶ
187 1848 296 1892 τούτῳ
328 1847 506 1890 πέφυκεν,
541 1847 597 1880 ἐπὶ
630 1851 675 1892 τῷ
708 1846 743 1881 τὸ
813 1847 1012 1891 epexegesis
1066 1848 1132 1880 ista.
1185 1847 1349 1880 infinitivi
1395 1859 1455 1891 per

105 1893 288 1936 ξυμφέρον
303 1893 435 1937 ἑκάστῳ
449 1895 585 1936 §metm
601 1894 744 1928 Laehet.
811 1894 953 1937 linguae
984 1903 1087 1926 usum
1109 1904 1179 1926 non
1202 1894 1318 1927 locum
1339 1894 1455 1929 habet.
1503 1920 1510 1927 .

105 1951 137 1982 p.
164 1938 238 1974 183.
265 1940 301 1974 C.
396 1927 472 1973 191.
482 1940 535 2016 Ι,Β
568 1939 744 1983 Protagor.
814 1939 1016 1972 Tenendum
1048 1940 1154 1982 igitur
1187 1943 1264 1979 τοῦ,
1297 1940 1388 1982 quod
1411 1951 1454 1972 ne

105 1995 138 2027 p.
161 1983 239 2018 356.
263 1985 302 2019 C.
334 1985 499 2028 Legg.II
501 2010 508 2016 .
542 1995 574 2027 Ρ.
542 1983 675 2027 Ρ670.
700 1985 744 2019 D.
812 1985 901 2017 male
946 1985 1035 2018 feras
1082 1989 1280 2028 antegresso
1327 1984 1456 2018 τούτων

107 2031 252 2073 Apolog.
284 2031 412 2065 Socrat.
446 2041 479 2073 P.
509 2028 563 2064 35.
596 2030 635 2065 C.
672 2031 746 2062 Xe·
814 2030 988 2074 subiungi,
1006 2030 1124 2063 eodem
1138 2030 1239 2064 modo
1255 2032 1452 2075 Legg.V11.

108 2076 231 2119 noph.
255 2075 380 2119 Cyrop.
404 2076 468 2117 111,
485 2076 511 2116 1,
526 2074 580 2110 28.
602 2077 744 2110 Memor.
813 2087 846 2119 p.
878 2074 956 2111 816.
992 2077 1041 2109 E:
1080 2073 1148 2109 ἀλλ’
1188 2074 1303 2110 αὐτων
1353 2077 1455 2110 ἕνεκα

107 2121 169 2161 IV,
192 2119 223 2162 7,
246 2120 279 2156 5.
304 2122 347 2156 cf.
371 2121 522 2155 Matth.
556 2121 587 2161 ἓ.
610 2119 687 2156 468.
711 2121 744 2156 b.
815 2120 981 2154 τούτων
1027 2123 1081 2154 καὶ
1127 2120 1324 2162 μαιθάνειν
1369 2135 1414 2155 av
1418 2120 1455 2155 τὰ

109 2166 185 2198 Hoc
209 2171 322 2199 autem
345 2167 423 2200 loeo
454 2166 544 2209 quod
567 2171 644 2209 post
669 2165 745 2199 τοί·
816 2166 878 2206 δεῖ,
905 2170 980 2199 τοῦ
1002 2166 1132 2221 μήποτε
1149 2166 1190 2200 δι’
1207 2166 1351 2211 ἅγιοιαν
1365 2168 1456 2210 δρᾶι

110 2223 190 2250 των,
207 2222 385 2244 numemm
402 2211 579 2254 pluralem,
602 2212 747 2245 infertur
816 2210 836 2255 ἢ
869 2192 981 2256 λέγειν
1008 2211 1075 2245 ὅσα
1105 2212 1228 2256 γέλοια.
1275 2215 1457 2247 Praeterea

109 2257 145 2289 in
169 2257 383 2313 appositione
405 2267 546 2290 numero
578 2258 680 2300 singu
681 2258 747 2290 lari
815 2258 976 2291 consulas
1000 2263 1117 2293 annot.
1141 2259 1185 2292 ad
1202 2260 1306 2302 Gorg.
1330 2270 1362 2302 p.
1378 2258 1456 2293 447.

111 2306 183 2335 τοῦ
206 2301 275 2343 ὠφ.
301 2298 409 2342 εἶπ’,αι
442 2302 508 2335 fuit
529 2302 595 2335 hoe
619 2304 747 2336 criticis
815 2305 874 2344 in,
904 2303 966 2336 ubi
997 2303 1129 2336 τούτων
1152 2315 1212 2347 pro
1252 2303 1375 2337 τούτου
1407 2305 1456 2337 di-

109 2347 314 2390 quibusdam
343 2348 515 2380 veteribus
547 2352 581 2380 et
611 2349 650 2383 C.
682 2349 746 2383 Fr.
816 2354 909 2382 etum
939 2349 1193 2382 vindicavimus
1232 2360 1254 2382 a
1289 2361 1458 2394 gramma—

108 2393 361 2426 Hermanno
386 2392 471 2425 adeo
494 2393 687 2435 molestum,
710 2398 749 2426 ut
814 2396 961 2427 tieorum
984 2394 1270 2430 dubitationibus.

111 2442 170 2470 τοῦ
199 2439 283 2471 adeo
321 2442 454 2482 praeter
489 2442 618 2471 rectam
646 2441 748 2472 ratio-
860 2441 899 2475 Ρ.
922 2438 1001 2475 475.
1031 2438 1206 2473 Οὐκοῦν
1230 2442 1360 2474 καὶ-
1384 2439 1455 2476 ὥς·

110 2495 188 2516 nem
212 2485 487 2518 exterminarent.
512 2484 631 2527 Neque
657 2487 748 2517 enim
817 2485 957 2518 αύτως
967 2485 990 2529 ;]
1028 2486 1392 2528 Ιιιι811.ἐ’χει.ν.ιιᾶ
1422 2498 1455 2529 Ρ.

110 2533 202 2562 reete
226 2530 356 2563 dictum
378 2533 559 2572 putamus,
582 2529 674 2572 quod
695 2530 749 2562 illi
816 2529 893 2565 460.
930 2531 969 2565 B.
1007 2549 1052 2555 —
1093 2529 1136 2564 τὸ
1175 2530 1334 2574 αἰσχρὰ
1348 2545 1366 2564 ν
1406 2544 1456 2575 τῳ

111 2575 311 2618 corrigendo
357 2574 582 2608 extuderunt.
654 2574 750 2610 ἐκτὸς
818 2575 835 2608 ε’
849 2588 895 2608 να
907 2588 926 2607 ν
938 2589 952 2608 τ
962 2578 1028 2619 ίῳ,
1054 2587 1102 2609 se.
1125 2573 1332 2619 ὁριζόμενος
1348 2567 1458 2610 naza-1}

114 2619 246 2652 ιούιων
290 2619 402 2658 ἐστι’,ν
442 2639 487 2644 -
532 2618 552 2663 ἢ
596 2617 750 2661 ὠφέλιμα
819 2619 990 2663 ὁρι ζομαι
1037 2622 1158 2654 Placet
1195 2627 1310 2655 autem
1345 2622 1458 2665 sophi-

111 2660 492 2709 εἶναιῆ-ἀμφότερα,
517 2666 680 2708 quoniam
693 2666 749 2699 hie
818 2671 889 2700 stae
913 2667 999 2701 haec
1023 2667 1263 2710 pulcritudinis
1294 2668 1459 2710 definitio,
