1702 2924
236 167 312 204 124
779 165 1036 205 PLATONIS

317 272 421 331 Cap.
450 272 550 315 XV.
609 273 710 312 ΣΩ.
758 271 987 326 Μέμνησαι
1025 267 1105 314 οὖν
1143 268 1277 327 λέγων
1313 271 1440 328 ὀλίγῳ
1466 274 1567 324 πρό-

159 339 201 381 D
231 351 372 391 τερον,
412 335 476 379 ὅτι
513 333 566 378 οὐ
602 337 669 379 δεῖ
700 340 790 386 τοῖς
815 338 1105 391 παιδοτρίβαις
1130 335 1344 391 ἐγκαλεῖν,
1383 334 1477 381 οὐδ’
1506 337 1567 381 ἐκ·

234 403 402 454 βάλλειν
425 399 470 443 ἐκ
489 403 574 442 τῶν
594 402 772 449 πόλεων,
801 401 876 443 ἐὰν
902 402 926 444 ὁ
954 402 1112 456 πύκτης
1138 408 1189 456 τῇ
1216 409 1395 457 πυκτικῇ
1422 404 1569 457 χρῆταί

233 480 274 506 τε
312 466 380 507 καὶ
420 466 566 524 ἀδικῇς
613 465 808 515 ώςαύτως
847 466 891 508 δὲ
931 465 1041 508 οὕτω
1081 465 1149 507 καὶ
1188 464 1262 507 ἐὰν
1297 466 1322 508 ὁ
1349 466 1488 521 ῥήτωρ
1514 475 1567 523 τῇ

234 529 433 584 ῥητορικῇ
455 530 608 579 ἀδίκως
635 536 795 584 χρῆται,
823 529 879 585 μὴ
908 532 966 587 τῷ
994 529 1205 581 διδάξαντι
1233 528 1438 584 ἐγκαλεῖν,
1465 530 1567 586 μηδὲ

234 592 468 645 ἐξελαύνειν
506 591 551 635 ἐκ
588 599 660 647 τῆς
697 595 878 644 πόλεως,
918 594 1022 636 ἀλλὰ
1057 599 1115 646 τῷ
1143 594 1360 636 ἀδικοῦντι
1387 594 1458 637 καὶ
1486 593 1567 638 οὐκ

234 658 376 711 ὀρθῶς
421 657 622 713 χρωμένῳ
660 664 710 712 τῇ
751 658 971 713 ῥητορικὴ
1022 657 1183 712 {deman
1220 662 1378 711 ταῦτα,
1429 655 1458 713 ἢ
1494 662 1568 709 οῦς

235 724 275 763 Γ
275 723 358 763 ΟΡ.
401 717 609 776 Ἐρῤήθη.
667 724 766 764 Σῼ.
820 725 920 764 Νῦν
956 722 1002 764 δὲ
1035 737 1082 776 γε
1111 722 1135 764 ὁ
1163 718 1293 772 αὐτὸς
1320 716 1444 772 οὗτος
1470 724 1566 777 φαί-

166 783 205 825 Ε
235 800 362 835 νεται,
392 786 415 827 ό
443 785 675 839 ῥητορικός,
713 785 793 828 οὐκ
820 789 875 828 ἄν
902 801 1000 829 ποτε
1028 787 1239 841 ἀδικήσας.
1268 787 1297 840 ἦ
1324 790 1396 836 οὔ,
1440 790 1479 829 Γ
1480 789 1563 830 ΟΡ.

238 850 451 892 Φαίνεται.
512 851 613 892 Σῼ.
665 850 750 892 Καὶ
789 849 835 891 ἐν
873 854 960 900 τοῖς
996 851 1178 903 πρώτοις
1213 865 1280 904 γε,
1319 843 1354 892 ὦ
1394 854 1435 893 Γ
1431 853 1566 906 οργία,

233 915 374 968 λόγοις
402 911 576 967 ἐλέγετο,
622 910 686 956 ὅτι
712 915 741 969 ἡ
767 913 966 969 ῥητορικὴ
993 915 1085 968 περὶ
1114 916 1269 968 λόγους
1295 915 1358 969 εἴη
1386 915 1440 958 ου’
1467 912 1568 965 τοὺς

301 1047 343 1078 D.
391 1049 576 1089 πυκτικῇ
598 1046 675 1090 χρ.]
703 1048 781 1079 Par.
796 1047 821 1079 1.
845 1047 936 1080 Flor.
953 1057 988 1080 x.
1011 1050 1151 1090 πυκτικῇ
1167 1049 1290 1090 χρῆταί
1300 1058 1338 1090 γε
1361 1048 1416 1079 καὶ
1441 1045 1569 1082 ἀδίκως

234 1094 351 1133 χρῆται
365 1092 420 1123 κα)
437 1089 550 1134 ἀδικῇ.
574 1092 658 1124 Post
673 1095 789 1135 χρῆται
804 1092 880 1124 Vat.
905 1092 990 1126 Ven.
1018 1091 1095 1124 ΞΣ.
1126 1091 1229 1124 vind.
1251 1091 1283 1124 2.
1314 1093 1401 1135 Aug.
1426 1092 1565 1125 Meerm.

234 1135 331 1168 Bodl.
353 1135 444 1168 Flor.
461 1136 491 1168 d.
513 1136 670 1168 voculam
686 1148 719 1168 τε
743 1136 913 1177 omittunt,
935 1137 1099 1179 probante
1122 1135 1320 1169 Heindorfio
1343 1141 1377 1169 et
1399 1137 1568 1176 Bekkero,

235 1180 294 1212 sed
317 1190 350 1212 v.
373 1190 451 1212 ann.
497 1181 677 1213 Praeterea
704 1178 749 1224 μὴ
771 1181 880 1215 καλῶς
909 1181 1014 1224 vulgo
1043 1185 1120 1224 post
1150 1184 1289 1224 πυκιικῇ
1321 1180 1472 1213 additum
1501 1192 1567 1214 om.

236 1225 352 1257 Clark.
375 1225 477 1257 Viud.
502 1224 532 1258 1.
556 1224 586 1259 6.
617 1226 693 1258 Par.
717 1226 882 1258 BEFW.
905 1229 939 1258 et
961 1236 1009 1268 pr.
1033 1236 1079 1258 m.
1102 1225 1206 1258 Coisl.
1229 1226 1320 1258 Flor.
1343 1225 1365 1259 f.
1392 1236 1436 1265 3.,
1466 1231 1568 1266 recte,

235 1275 273 1302 ut
290 1268 443 1310 videtur,
467 1269 569 1312 idque
585 1270 742 1312 probavit
760 1270 861 1303 etiam
878 1270 1156 1303 Winckelmann.
1181 1270 1223 1303 ad
1237 1269 1442 1313 Euthydem.
1465 1280 1496 1313 p.
1514 1269 1568 1303 42.

235 1318 269 1346 et
291 1314 409 1349 Herm.

281 1442 454 1485 Gap.xv.
485 1443 527 1476 D.
560 1446 654 1477 τοῖς
678 1442 868 1484 παιδοτρ.

238 1485 340 1530 byn„
371 1484 456 1519 οὐδ’
489 1485 739 1530 ἐκβάλλειν]
771 1487 870 1528 Quod

235 1532 340 1564 verba
362 1531 517 1564 diversae
540 1532 801 1564 constructionis
821 1532 871 1565 ita

236 1576 492 1619 coniunguntur
506 1586 582 1608 cum
602 1577 806 1616 nominibus,
831 1586 871 1608 ea

236 1624 397 1663 perpetua
427 1625 479 1653 est
501 1626 603 1663 atque
626 1625 784 1653 constans
807 1621 871 1653 lin-

235 1676 323 1708 guae
338 1665 558 1706 consuetudo,
582 1666 623 1698 de
638 1676 706 1708 qua
725 1666 872 1698 breviter

237 1710 368 1742 monuit
390 1710 540 1742 Matth.
566 1711 595 1751 §-
611 1709 686 1744 428.
701 1710 733 1743 2.
770 1710 871 1742 vide-

236 1755 320 1787 licet
352 1754 395 1787 ad
427 1755 570 1787 alterum
602 1757 740 1787 verbum
773 1765 871 1787 casus

237 1800 385 1832 nominis
403 1804 522 1842 sponte
545 1800 756 1842 intelligitur.
787 1800 869 1831 Mox

238 1844 369 1886 aliquot
406 1844 502 1877 codd.
541 1842 585 1884 μὴ
617 1845 723 1878 καλῶς
755 1847 872 1887 χρῆται

238 1889 293 1921 καὶ
317 1886 429 1931 ἀδικῇ.
453 1889 542 1931 quod
567 1890 724 1931 probavit
746 1889 871 1920 Hein-

238 1933 340 1966 dors
344 1934 355 1965 i
365 1943 428 1974 ue,
453 1934 511 1976 qni
536 1933 570 1965 τὲ
592 1938 769 1976 propterea
792 1933 871 1965 ferri

238 1988 336 2021 posse
351 1982 465 2021 negat,
489 1978 577 2019 quod
594 1980 653 2010 nal
665 1978 789 2010 habeat
802 1978 870 2009 vim

239 2022 442 2065 explicandi.
487 2022 552 2055 Sed
582 2033 625 2055 ne
656 2023 703 2054 ibi
727 2022 874 2064 quidem,

239 2068 299 2099 ubi
329 2067 435 2099 altero
466 2067 617 2099 membro
649 2077 716 2099 non
740 2067 874 2099 diversa

238 2116 560 2150 commemorantur,
601 2122 634 2143 ιε
665 2114 726 2143 καί
751 2110 794 2143 ab
826 2112 874 2143 lo-

238 2155 365 2199 quendi
409 2155 654 2189 consuetudine
694 2155 874 2188 abhorrere

239 2201 414 2233 verissime
467 2202 599 2232 monuit
645 2200 872 2233 Thiersch.

241 2246 298 2278 Gr.
322 2256 356 2288 p.
377 2244 454 2279 570.
486 2245 535 2278 ed.
568 2249 641 2279 tert.
674 2255 873 2287 comparans

239 2290 298 2323 ille
323 2290 525 2322 Homerica:
560 2290 655 2322 Iliad.
688 2287 728 2321 α’.
758 2300 789 2321 v.
813 2288 872 2323 23:

240 2334 425 2367 αἰδεῖσθαί
454 2332 490 2366 θ’
534 2333 634 2377 ἱερῆα
673 2334 727 2366 καὶ
767 2331 875 2377 ἀγλαὰ

242 2379 360 2421 δέχθαι
381 2377 516 2411 ἄποινα.
561 2379 646 2411 Ibid.
671 2376 709 2411 κ’.
734 2388 765 2410 v-
791 2377 871 2411 121:

242 2422 378 2456 πολλάκι
411 2423 476 2467 γὰρ
513 2425 626 2463 μεθίει
660 2434 694 2455 τε
724 2423 779 2455 καὶ
811 2420 874 2456 οὐκ

241 2468 354 2501 ἐθέλει
377 2467 575 2500 πονέεσθαι.
611 2468 787 2501 Pei-tinent
808 2467 875 2500 huc

241 2514 342 2547 etiam
365 2513 426 2545 illa
451 2513 684 2555 Sophoclis
700 2512 782 2545 Oed.
800 2512 874 2545 Col.

242 2569 273 2590 v.
287 2556 372 2591 935:
396 2558 457 2600 βίᾳ
478 2568 510 2589 ιε
529 2555 609 2599 κούχ
627 2555 726 2590 ἑκών.
750 2556 876 2590 Electr.

243 2613 274 2637 v.
298 2601 382 2636 873:
413 2601 452 2644 ἐξ
482 2601 566 2641 ἐμοῦ
596 2613 629 2635 τε
655 2599 738 2634 κούκ
761 2599 874 2639 ἄλλου,

241 2647 303 2680 ubi
318 2658 350 2680 v.
365 2647 548 2680 Hermen
558 2657 592 2679 n.
614 2647 773 2689 Denique
785 2646 876 2680 haud

936 1443 1049 1484 inepte
1079 1453 1154 1474 cum
1183 1442 1248 1475 hoc
1276 1442 1353 1475 loco
1386 1442 1571 1475 contulisse

938 1486 1056 1519 videar
1078 1487 1249 1520 Phaedon.
1280 1497 1312 1529 p.
1337 1484 1390 1520 68.
1413 1488 1457 1519 B:
1488 1484 1570 1530 ἀγα-

940 1529 1095 1574 νακτήσει
1111 1542 1144 1563 τε
1165 1529 1405 1574 ἀποθνήσκων
1427 1532 1482 1563 καὶ
1507 1529 1571 1563 οὐκ

937 1574 1086 1616 ἄσμενος
1116 1571 1206 1608 εἶσιν
1228 1573 1364 1609 αὐτόσε.
1411 1577 1464 1608 De
1486 1577 1569 1618 Rep.

937 1621 979 1652 X.
1005 1619 1081 1653 602.
1105 1621 1149 1652 B:
1187 1625 1254 1654 τοῖς
1287 1622 1418 1654 πολλοῖς
1452 1632 1484 1652 τε
1514 1620 1569 1652 καὶ

938 1664 1046 1707 μηδὲν
1065 1663 1210 1697 εἰδόσιν.
1236 1665 1377 1697 Phaedr.
1391 1675 1422 1706 p.
1435 1663 1510 1697 242.
1524 1665 1570 1697 B:

939 1707 974 1742 τὸ
1005 1707 1184 1748 δαιμόνιόν
1219 1721 1252 1742 τε
1285 1710 1340 1742 καὶ
1373 1708 1407 1742 τὸ
1439 1707 1570 1743 εἰωθὸς

941 1758 1093 1796 σημεῖον.
1132 1753 1243 1786 Alcib.
1283 1755 1311 1786 Ι.
1346 1764 1379 1796 p.
1416 1752 1491 1787 110.
1530 1754 1570 1786 A.

938 1799 1132 1831 Assentitur
1161 1799 1331 1839 Antius,
1362 1798 1415 1831 his
1445 1799 1571 1831 nostris

939 1844 1059 1885 opibus
1101 1854 1193 1876 usus.
1236 1861 1279 1867 —
1326 1843 1377 1875 De
1417 1843 1571 1885 proximo

938 1886 1097 1922 ώςαύτως
1130 1885 1158 1920 δ’
1195 1886 1303 1922 οὕτως
1337 1887 1471 1930 egregie
1503 1887 1572 1920 Co·

939 1943 1057 1965 raes:
1081 1929 1124 1965 οὐ
1149 1930 1275 1964 πλεονά
1298 1943 1337 1970 ει,
1361 1933 1482 1974 inquit,
1505 1929 1572 1964 θᾶ-

940 1988 1042 2019 τερον
1059 1980 1124 2010 τῶν
1147 1975 1209 2009 δύο
1234 1974 1454 2020 ταινιοσήμων
1477 1973 1570 2017 ἐπιό-

942 2019 1110 2064 ρημάιων.
1144 2019 1257 2061 ὥςπερ
1287 2019 1351 2063 γὰρ
1383 2020 1509 2062 λέγεται
1538 2018 1572 2053 'O

941 2064 1069 2100 αὐτὸς
1129 2060 1257 2099 οὖτος
1309 2066 1364 2097 καὶ
1432 2062 1571 2098 Tama

942 2113 1081 2148 τοῦτο,
1115 2108 1204 2142 οὕτω
1238 2109 1293 2142 καὶ
1327 2107 1363 2142 τὰ
1395 2107 1433 2150 ἐξ
1457 2107 1573 2142 αὐτῶν

941 2152 1149 2198 ἐπιρρήματα
1164 2153 1336 2186 διπλοῦιαι
1357 2153 1409 2187 εἰς
1433 2155 1573 2186 πλείονα

940 2200 1099 2239 ἔμφασιν.
1145 2194 1213 2254 εἶχε
1247 2196 1313 2242 γὰρ
1347 2198 1463 2231 εἰπεῖν
1494 2195 1572 2230 ἀντὶ

940 2242 1087 2282 τούτων,
1112 2240 1235 2276 ιαυιὸ
1260 2242 1299 2276 δὲ
1324 2246 1446 2275 τοῦτο
1472 2242 1572 2285 (otm-

941 2289 1066 2330 βαίνει)
1092 2289 1146 2320 καὶ
1171 2285 1235 2320 ἐὰν
1257 2285 1277 2319 0'
1303 2285 1416 2330 ῥήτωρ
1441 2298 1469 2319 κ.
1495 2298 1520 2319 t.
1545 2288 1572 2319 λ.

984 2378 1024 2410 Ε.
1049 2374 1125 2409 οὐκ
1150 2375 1201 2408 ἄν
1225 2387 1324 2408 ποτε
1346 2372 1571 2418 ἀδικήσας]

941 2422 984 2454 Η.
1001 2432 1028 2454 e.
1048 2424 1208 2459 τοιοῦτος,
1231 2419 1319 2455 ὅςιις
1342 2416 1405 2452 οὐκ
1428 2417 1472 2451 ὅν
1495 2431 1576 2452 ποτε

939 2464 1145 2509 ἀδικήσειεν.
1171 2476 1203 2498 v.
1226 2464 1373 2498 Matth.
1398 2466 1429 2504 §-
1447 2462 1524 2497 598.
1542 2464 1574 2496 b.

943 2566 1055 2641 QJmly
1067 2553 1167 2642 82²5ss
1175 2553 1314 2632 ιιῖἶιῖιιε
1325 2552 1453 2630 δίιῗὲιῖ
1471 2553 1508 2630 ἐξ
1525 2551 1577 2641 {³233

943 2647 1055 2678 exstat
1071 2643 1157 2677 illud
1179 2644 1215 2677 in
1229 2642 1320 2679 Flor.
1333 2653 1367 2676 x.
1398 2641 1464 2676 Sed
1487 2646 1578 2675 reete

1699 1387 1702 1396 ..
1698 1346 1702 1375 -.2
1690 1067 1702 1338 ——-—-—-.—...-—.,-2—0--.
