1722 2964
492 101 909 139 PROTAGORAS.
936 101 979 139 P.
1009 103 1088 138 356.
1110 102 1177 137 357
1208 99 1290 135 ST.
1519 95 1601 138 163

167 239 263 267 τειν
303 220 378 265 καὶ
418 215 687 276 λαμβάνειν,
727 213 783 262 τὰ
814 215 865 261 δε
897 213 1060 275 σμικρὰ
1099 215 1173 261 καὶ
1207 212 1395 273 φεύγειν
1434 215 1509 259 καὶ
1539 211 1600 272 μὴ

170 286 403 348 πράττειν,
442 291 510 340 τίς
543 304 601 331 αν
630 283 739 344 ἡμῖν
770 288 967 342 σωτηρία
999 281 1142 342 ἐφάνη
1174 284 1254 329 τοῦ
1287 286 1411 340 βίους
1451 274 1539 340 ἆρα
1572 279 1600 339 ἡ

169 353 406 416 μετρητικὴ
435 355 591 413 τέχνη,
632 349 661 411 ἢ
691 350 720 410 ἡ
751 355 830 397 τοῦ
861 353 1137 410 φαινομένου
1170 348 1380 438 δύναμις;
1430 346 1458 407 ἢ
1490 346 1602 406 αὕτη

170 443 252 483 μεν
285 422 398 481 ἡμᾶς
430 420 599 468 ἐπλάνα
639 422 714 466 καὶ
746 422 886 465 ἐποίει
919 417 1013 465 ἅνω
1045 438 1093 465 τε
1132 420 1206 464 καὶ
1241 417 1359 464 κάτω
1391 415 1602 470 πολλάκις

169 488 528 551 μεταλαμβάνειν
558 487 695 534 ταύτα
719 489 794 533 καὶ
817 489 1078 546 μεταμέλειν
1110 489 1185 532 καὶ
1219 489 1268 533 ἐν
1298 497 1394 540 ταῖς
1417 483 1603 545 πράξεσι

169 561 246 606 καὶ
278 561 328 604 ἐν
350 569 446 612 ταῖς
478 558 675 616 αἱρέσεσι
704 558 795 602 τῶν
826 553 1034 614 μεγάλων
1056 574 1104 601 τε
1136 556 1211 600 καὶ
1235 556 1459 613 σμικρῶν,
1492 554 1520 612 ἡ
1553 553 1603 598 δὲ

170 625 407 686 μετρητικὴ
432 623 600 684 ἄκυρον
623 624 705 683 μὲν
729 620 786 669 ἂν
810 626 992 681 ἐποίησε
1014 626 1144 669 τοῦτο
1167 621 1217 668 τὸ
1241 621 1496 681 φάντασμα,
1522 625 1604 680 δη-
1629 636 1660 667 Ε

171 693 356 741 λεόσασα
381 693 431 739 δὲ
453 692 502 738 τὸ
526 690 693 751 ἀληθὲς
724 690 918 750 ἡσυχίαν
942 689 998 737 ἂν
1024 694 1234 749 ἐποίησεν
1266 696 1385 750 ἔχειν
1407 688 1490 748 τὴν
1514 700 1605 744 ψυ-

172 764 256 821 χὴν
279 764 506 821 μένουσαν
530 762 602 806 ἐπὶ
625 762 688 821 τῷ
715 758 882 817 ἀληθεῖ
901 761 976 805 καὶ
1003 764 1173 805 ἔσωσεν
1196 756 1254 805 ἂν
1275 758 1354 804 τὸν
1378 763 1502 817 βίον;
1539 783 1600 791 -

172 824 242 889 ἆρ’
283 827 340 876 ἂν
379 827 637 887 ὁμολογοῖεν
677 830 724 873 οὗ
760 826 997 887 ἅνθρωποι
1038 826 1147 886 πρὸς
1187 828 1327 872 ταῦτα
1366 825 1480 885 ἡμᾶς
1521 824 1605 884 τὴν

172 894 438 957 μετρητικὴν
461 896 617 951 σώζειν
640 891 697 941 ἂν
720 898 903 954 τέχνην,
928 892 955 954 ἢ
980 893 1142 954 ἅλλην;
1194 893 1288 952 Τὴν
1318 892 1600 954 μετρητικήν,

172 963 398 1024 ὡμολόγει.
455 969 513 1010 Τί
534 962 597 1021 δ’,
632 968 674 1009 εἰ
697 965 745 1009 ἐν
769 966 822 1022 τῇ
846 966 926 1009 τοῦ
949 966 1157 1023 περιττοῦ
1190 964 1265 1008 καὶ
1288 960 1445 1022 ἀρτίου
1478 964 1603 1020 αἱρέ-

171 1047 240 1080 σει
271 1031 380 1091 ἡμῑν
411 1025 468 1089 ἦν
499 1030 527 1089 ἡ
561 1036 758 1090 σωτηρία
782 1033 862 1076 τοῦ
893 1035 1021 1088 βίου,
1055 1029 1187 1076 ὁπότε
1217 1029 1266 1076 τὸ
1290 1031 1428 1076 πλέον
1451 1028 1601 1089 ὀρθῶς

170 1105 264 1147 ἔδει
287 1102 470 1146 ἑλέσθαι
501 1100 577 1144 καὶ
608 1098 739 1144 ὁπότε
771 1098 818 1144 τὸ
844 1102 1048 1157 ἔλαττον,
1083 1096 1111 1156 ἢ
1138 1097 1245 1144 αὐτὸ
1276 1097 1387 1158 πρὸς
1419 1097 1551 1144 ἑαυτὸ
1573 1093 1603 1155 ἢ

170 1168 219 1214 τὸ
245 1170 398 1227 ἕτερον
428 1165 537 1225 πρὸς
560 1164 608 1212 τὸ
634 1168 810 1225 ἕτερον,
853 1165 932 1212 εἴτ’
963 1166 1093 1226 ἐγγὺς
1118 1174 1207 1212 εἴτε
1238 1165 1391 1226 πόρρω
1424 1173 1520 1224 εἴη,
1562 1169 1609 1211 τί

171 1232 229 1282 ἂν
253 1239 416 1290 ἔσωζεν
445 1233 553 1293 ἡμῖν
583 1233 660 1279 τὸν
684 1239 808 1292 βίον;
841 1228 911 1293 αρ’
941 1230 998 1280 ἂν
1029 1233 1112 1280 οὐκ
1145 1233 1384 1293 ἐπιστήμης
1418 1235 1493 1279 καὶ
1527 1226 1598 1293 αρ’
1617 1248 1682 1280 357

173 1322 232 1350 αν
255 1302 308 1349 οὗ
330 1301 569 1388 μετρητική
591 1322 657 1356 τις
672 1338 683 1359 ‚
720 1302 959 1361 ἐπειδήπερ
983 1301 1236 1362 ὑπερβολῆς
1259 1321 1306 1348 τε
1330 1304 1406 1348 καὶ
1430 1305 1605 1355 ἐνδείας

173 1369 342 1417 ἐστὶν“
320 1390 346 1429 η
371 1372 525 1428 τέχνη;
552 1369 704 1430 ἐπειδὴ
724 1371 774 1416 δε
797 1374 1003 1431 περιττοῦ
1021 1389 1069 1416 τε
1092 1372 1166 1416 καὶ
1185 1369 1356 1430 ἀρτίου,
1382 1389 1469 1430 αρα
1494 1367 1607 1428 ἄλλη

172 1458 238 1494 τις
269 1437 297 1497 ἢ
330 1436 623 1497 ἀρυθμητική;
659 1465 718 1470 —-
754 1436 1014 1498 ὁμολογοῖεν
1044 1458 1102 1485 αν
1132 1436 1241 1498 ἡμῖν
1272 1442 1320 1484 οἱ
1347 1436 1604 1498 ἄνθρωποι·

176 1504 204 1565 ἢ
232 1505 308 1563 οὖς
335 1505 548 1553 Ἐδόκουν
579 1503 636 1552 ἄν
667 1507 741 1552 καὶ
771 1510 832 1568 τῷ
863 1505 1143 1567 Πρωταγόρᾳ
1175 1505 1420 1566 ὁμολογεῖν.
1480 1506 1606 1563 Εἶεν,

262 1662 311 1694 D.
343 1653 371 1703 ἢ
395 1671 513 1704 αυτη
536 1657 618 1704 μὲν
642 1656 763 1704 ἡμᾶς
787 1656 880 1695 ἐπλ.
892 1659 908 1705 ]
933 1662 1063 1695 Venet.
1084 1662 1130 1695 Σ.
1156 1672 1189 1694 a.
1207 1672 1254 1697 m.
1273 1672 1347 1695 rec.
1373 1673 1397 1705 η
1421 1654 1521 1705 αὕτη
1538 1659 1609 1704 μὲν

171 1718 220 1740 αν
239 1701 304 1750 ἠμ.
338 1717 374 1741 v.
393 1710 519 1739 annot.

262 1774 308 1806 E.
342 1767 624 1817 ὃμολογοιεν
647 1769 693 1807 οἷ
712 1767 959 1816 ανθρωποι
983 1770 1096 1817 πρὸς
1113 1773 1163 1818 τ.]
1191 1774 1399 1807 Articulum
1416 1771 1456 1807 οἷ
1469 1775 1611 1807 habent

172 1819 306 1853 Venet.
324 1818 373 1852 Σ.
398 1821 436 1851 et
454 1817 566 1852 Coisl.
586 1829 631 1851 ex
647 1829 739 1853 corr.
758 1822 796 1852 et
812 1820 897 1854 Vat.
913 1830 942 1855 t.
968 1824 1005 1852 et
1020 1821 1164 1863 recepit
1181 1820 1395 1860 Bekkerus3
1422 1820 1609 1863 Sauppius

173 1874 299 1896 rursus
315 1864 465 1906 scripsit
481 1857 696 1907 ἅνθρωποι,
715 1864 923 1897 Stallbaum
943 1865 1135 1908 vulgatam
1156 1865 1359 1898 lectionem
1382 1845 1607 1908 ὁμολογοῖεν

173 1902 377 1952 ἅνθρωποι
403 1910 579 1945 servavit.
636 1909 723 1942 Mox
745 1913 828 1952 post
854 1905 936 1953 Τὴν
966 1905 1198 1954 μετρητικήν
1229 1911 1340 1953 vulgo
1364 1911 1470 1943 deest
1492 1913 1607 1943 inter-

171 1955 338 2008 punctio.
369 1955 506 1987 Veram
523 1955 701 1987 rationem
717 1955 792 1987 iam
808 1956 894 1988 iniit
892 1955 1128 2009 Stephanus,
1147 1957 1211 1999 qui
1226 1960 1350 1990 mente
1367 1956 1608 2000 repetendum

173 1999 286 2033 vidit:
311 1995 516 2043 ὁμολογεῖν
532 2010 581 2034 αν
597 1994 829 2043 ἀνθρώπους
847 1996 980 2042 σώζειν
998 1996 1111 2044 ἡμᾶς.

171 2108 273 2165 χέθη
292 2111 339 2145 ad
354 2112 471 2145 verba
495 2112 679 2164 φαίνεται
697 2106 791 2156 υμῖν
808 2112 853 2167 τῇ
923 2113 1019 2146 dem
1070 2114 1261 2156 saepius
1312 2117 1492 2158 permut
1504 2125 1606 2146 are-

169 2163 266 2200 οψει
299 2151 347 2190 τὰ
379 2151 480 2190 αὐτα
515 2183 522 2190 .
585 2152 752 2202 ἐγγύθεν
784 2169 854 2201 μεν
922 2169 1031 2200 mus,
1070 2159 1314 2201 modohoe,
1347 2159 1607 2193 modoillud

172 2201 285 2245 μείζω
307 2195 384 2235 κτὲ.
923 2204 1164 2256 eligentes.

217 2241 854 2302 ἐπλάνακαὶέποίει]Αᾶ11ειεο
968 2243 1142 2292 ἄκυρον
1173 2247 1258 2292 μὲν
1291 2260 1346 2283 αν
1386 2243 1602 2293 ἐποίησε]

170 2303 220 2325 αν
253 2302 273 2324 e
304 2302 347 2324 su
375 2292 555 2325 erioribus
587 2293 644 2331 τίς
677 2305 725 2327 αν
757 2288 854 2337 ἡμῖν
922 2295 969 2327 Η.
989 2306 1019 2328 e.
1040 2294 1222 2336 efficeret,
1251 2297 1293 2326 ut
1308 2304 1354 2326 ne
1372 2295 1490 2327 visum
1505 2295 1606 2327 istud

171 2336 338 2379 σωτηρία
350 2303 476 2380 {quiam
490 2338 772 2391 intelligendum
787 2341 853 2378 est,
921 2341 962 2373 in
986 2350 1146 2372 errorem
1166 2350 1233 2372 nos
1258 2339 1462 2372 induceret.
1510 2340 1606 2372 Nam

171 2383 219 2415 cf.
243 2382 435 2434 Demosjzh.
458 2384 512 2420 31,
531 2384 570 2415 9:
605 2380 641 2416 εἰ
664 2378 767 2436 αὐτῷ
790 2395 850 2422 τις
920 2378 1066 2428 ἄκυρον
1099 2387 1156 2418 est
1183 2386 1331 2428 proprie
1341 2410 1350 2426 ‚
1384 2384 1482 2427 quod
1505 2386 1544 2418 vi
1567 2388 1606 2417 et

170 2423 334 2468 ἔδωκεν,
367 2421 549 2470 ὀμόσαντι
582 2423 693 2461 ταῦτ’
716 2421 848 2480 ἀληθῆ
921 2431 1147 2463 auctoritate
1194 2439 1261 2463 sua
1307 2431 1493 2474 privatum
1534 2433 1604 2462 est.

172 2469 310 2522 λέγειν,
332 2498 339 2505 .
357 2498 365 2504 .
394 2472 435 2504 τί
448 2466 670 2515 garamam*
645 2484 715 2515 αν;
738 2466 764 2516 ἢ
781 2473 851 2517 ὃῆ-
918 2475 1040 2510 Stallb.

171 2517 238 2551 λον
260 2528 321 2550 οτι
348 2510 505 2560 ὤμοσεν.
539 2518 684 2569 Kriiger
705 2499 770 2551 ’Gn
794 2519 848 2552 69.
963 2521 1008 2552 Ε.
1046 2517 1286 2573 μένουσαν
1312 2515 1381 2554 ἐπὶ
1408 2519 1466 2564 τῷ
1490 2514 1605 2563 άλη-

173 2563 211 2604 7,
241 2564 276 2595 4.
329 2563 505 2595 Formula
537 2556 617 2596 ἄνω
650 2561 717 2596 καὶ
747 2558 850 2597 κάτω
918 2563 1019 2607 θεῖ]
1043 2566 1083 2597 in
1105 2576 1193 2598 vero
1208 2556 1528 2608 perseveranfiem3
1554 2565 1603 2604 id,

173 2605 418 2640 Stallbaumio
459 2608 660 2651 interprete
708 2609 850 2642 indicat
920 2611 1018 2652 quod
1039 2620 1168 2643 verum
1193 2614 1270 2653 est,
1298 2610 1451 2643 firmiter
1473 2613 1603 2643 tenen-

175 2653 348 2686 consilii
338 2654 502 2696 mopiam
520 2656 557 2686 et
574 2654 688 2686 animi
703 2653 849 2687 dubita·
917 2659 993 2688 tem
1009 2665 1130 2698 neque
1146 2659 1285 2689 temere
1302 2656 1555 2689 fluctuantem.

173 2695 320 2737 tionem,
335 2702 378 2731 ut
394 2708 520 2742 saepe.
551 2699 645 2731 Nam
661 2700 849 2733 sententia

173 2740 354 2776 haecest:
373 2744 537 2776 anista
555 2743 849 2797 quidem(spe
964 2745 1005 2778 P.
1024 2747 1100 2778 357.
1130 2739 1603 2798 Ἐὃόκουναν-ὁμο-

175 2786 247 2818 ciei
266 2787 344 2829 vis)
376 2789 422 2821 in
445 2788 649 2822 fraudem
672 2799 752 2822 nos
782 2791 850 2822 in·
923 2788 1103 2844 λογεῖν]
1122 2783 1279 2824 Refer
1253 2802 1302 2825 αν
1319 2791 1366 2824 ad
1382 2790 1602 2824 infinitivum

175 2830 363 2865 duceret
379 2834 700 2877 efficeretque
717 2837 766 2868 ut
782 2845 850 2868 ea
921 2831 1135 2879 ὁμολογεῖν.

1242 2892 1293 2933 11
1305 2895 1328 2919 2³
