1702 2924
144 524 224 566 457

255 223 273 258 1
284 223 301 258 1
308 223 332 258 4
799 219 1059 259 PLATONIS

253 326 422 379 βάλλειν
450 324 495 368 ἐκ
521 328 607 367 τῶν
632 325 811 367 πόλεων.
852 324 1005 368 ἐκεῖνοι
1039 325 1116 380 μὲν
1143 324 1225 378 γὰρ
1253 325 1492 379 παρέδοσαν
1519 325 1586 368 ἐπὶ

254 393 313 447 τῷ
352 390 524 438 δικαίως
562 393 745 445 χρῆσθαι
779 391 946 440 τούτοις
981 392 1087 444 πρὸς
1122 390 1223 439 τοὺς
1254 391 1480 444 πολεμίους
1514 391 1586 433 καὶ

254 455 355 503 τοὺς
390 455 660 504 ἀδικοῦντας,
695 454 1018 507 ἀμυνομένους,
1055 453 1112 508 μὴ
1148 454 1434 508 ὑπάρχοντας·
1474 455 1516 496 οἱ
1540 455 1586 497 δὲ

255 516 612 573 μεταστρέψαντες
637 521 818 572 χρῶνται
844 525 895 573 τῇ
924 519 1037 573 ἰσχύϊ
1060 517 1131 561 καὶ
1157 525 1208 572 τῇ
1235 517 1383 574 τέχνῃ,
1412 519 1492 561 οὐκ
1518 519 1586 573 ὀρ-

253 586 354 632 θῶς.
391 586 554 625 οὔκουν
581 583 623 624 οἱ
648 583 888 634 διδάξαντες
914 583 1115 636 πονηροί,
1156 581 1253 624 οὐδὲ
1288 583 1317 637 ἦ
1341 581 1463 638 τέχνη
1491 586 1587 625 οὔτε

255 648 366 688 αἰτία
395 649 490 688 οὔτε
517 647 684 701 πονηρὰ
713 647 869 688 τούτου
896 647 1018 689 ἕνεκά
1045 646 1157 688 ἐστιν
1173 680 1183 698 ,
1220 643 1306 688 ἀλλ’
1335 648 1378 689 οἱ
1400 648 1458 702 μὴ
1485 648 1587 702 χρώ-

257 727 391 766 μενοι,
419 707 551 765 οἶμαι,
579 712 732 766 ὀρθῶς.
763 710 787 752 ὁ
817 711 944 760 αὐτὸς
970 710 1022 765 δὴ
1049 712 1174 765 λόγος
1199 712 1270 753 καὶ
1296 711 1391 764 περὶ
1416 717 1491 765 τῆς
1518 711 1587 765 ῥη-

253 781 434 829 τορικῆς.
473 776 654 824 δυνατὸς
688 775 766 829 μὲν
802 775 883 828 γὰρ
910 776 1017 828 πρὸς
1043 776 1231 824 ἅπαντάς
1259 774 1371 816 ἐστιν
1398 775 1422 816 ὁ
1449 774 1588 829 ῥήτωρ

254 839 324 882 καὶ
351 839 446 893 περὶ
473 841 631 889 παντὸς
656 837 812 892 λέγειν,
848 838 948 888 ὤςτε
976 840 1267 892 πιθανώτερος
1293 836 1400 881 εἶναι
1428 838 1474 881 έν
1500 843 1589 888 τοῖς

255 906 462 959 πλήθεσιν
499 900 684 958 ἐμβραχὺ
723 903 816 957 περὶ
857 901 959 945 ὅτου
996 904 1051 946 ἂν
1086 905 1309 958 βούληται’
1349 900 1435 945 α’λλῖ
1462 902 1589 945 οὐδέν

253 985 293 1010 τι
311 971 473 1023 μᾶλλον
494 969 652 1010 τούτου
672 967 794 1010 ἕνεκα
820 969 886 1009 δεῖ
910 971 1006 1010 οὔτε
1033 968 1133 1017 τοὺς
1160 968 1330 1021 ἰατροὺς
1355 966 1434 1021 τὴν
1461 967 1589 1018 δόξαν

255 1033 527 1085 ἀφαιρεῖσθαι
543 1063 555 1083 ,
594 1030 658 1073 ὅτι
693 1032 868 1074 δύναιτο
897 1031 952 1073 ἂν
977 1038 1104 1074 τοῦτο
1131 1038 1324 1086 ποιῆσαι,
1365 1033 1460 1073 οὔτε
1487 1031 1588 1080 τοὺς

253 1099 409 1146 ἄλλους
436 1097 734 1151 δημιουργούς,
762 1096 866 1138 ἀλλὰ
894 1097 1064 1145 δικαίως
1090 1095 1160 1138 καὶ
1186 1103 1237 1150 τῇ
1261 1096 1464 1150 ’ῥητορικῇ
1491 1102 1586 1150 χρῆ-

319 1235 357 1266 Ρ.
380 1232 456 1266 457.
501 1234 539 1265 Β.
586 1231 647 1265 ὅτι
672 1231 855 1265 δύναιτο
874 1231 925 1265 ἂν
950 1245 975 1265 τ.
1001 1232 1053 1276 π.]
1086 1233 1128 1265 V.
1152 1231 1326 1271 δύναιντο,
1358 1232 1447 1275 quod
1471 1242 1582 1265 emen·

253 1279 349 1312 davit
370 1277 547 1311 Heindorf.
593 1278 809 1320 singularem
833 1276 974 1310 δύναιτο
996 1277 1173 1311 confirmat
1195 1279 1272 1311 Par.
1295 1278 1322 1310 Ι.
1344 1277 1435 1311 Flor.
1459 1287 1486 1312 s.
1509 1288 1543 1310 x.

320 1345 386 1377 καὶ
419 1348 467 1387 τῇ
500 1342 703 1387 ῥητορικῇ
732 1343 809 1387 χρ.]
844 1348 887 1398 τῇ
911 1355 976 1376 om.
1006 1344 1083 1377 vat.
1114 1344 1200 1376 Ven.
1226 1344 1264 1376 Σ.
1299 1343 1400 1377 vind.
1423 1343 1455 1377 2.
1486 1343 1584 1376 Bodl.

253 1390 342 1433 Aug.
365 1390 504 1422 Meerm.
550 1390 640 1421 Dein
663 1386 945 1441 Hirschig.c'1'l.2⁷7
971 1394 1050 1423 ante
1072 1386 1207 1432 ἀγωνίᾳ
1230 1389 1391 1430 inseruit,
1425 1399 1492 1431 quo
1515 1398 1584 1420 non

253 1444 348 1477 opus.
385 1434 478 1466 Idem
501 1444 582 1466 mox
604 1433 708 1466 verba
731 1432 769 1466 ἐκ
793 1436 858 1466 τῶν
882 1432 1016 1466 πόλεων
1039 1432 1144 1466 abiici
1166 1433 1251 1466 vult.
1275 1434 1365 1466 conf.
1389 1444 1421 1476 p.
1440 1431 1518 1466 460.
1540 1433 1585 1465 D.

321 1499 390 1532 ἐπὶ
424 1498 570 1542 δικαίᾳ
599 1499 742 1543 χρείᾳ]
779 1500 845 1535 Sic
877 1500 953 1532 Vat.
983 1500 1069 1533 Ven.
1096 1499 1174 1532 ΞΣ.
1210 1499 1312 1532 Viud.
1335 1498 1369 1532 2.
1390 1498 1422 1533 6.
1446 1497 1477 1533 7.
1510 1500 1585 1532 Par.

953 1626 1243 1659 Findeisenio
1273 1631 1349 1669 post
1371 1624 1586 1668 αἰθριύπους

251 1637 338 1670 quae
367 1627 525 1660 dicuntur
547 1628 689 1660 Graecis
712 1625 886 1668 ἑσφαιρω·

954 1671 1028 1704 colo
1043 1671 1318 1715 distinguendum
1335 1675 1370 1704 et
1383 1671 1477 1714 prius
1500 1671 1587 1703 illud

251 1672 336 1712 μένα
357 1670 507 1704 ἀκόντια.
554 1673 652 1713 Quae
681 1676 762 1704 sunt
783 1673 887 1704 verba

252 1717 502 1750 Casauboni
525 1716 568 1749 sd
591 1716 762 1758 Theophr.
786 1716 886 1748 Char.

250 1760 353 1804 p.79.
368 1761 448 1794 edit.
462 1761 575 1794 Fisch.
595 1772 627 1794 v,
650 1761 757 1794 Plat.
780 1761 854 1804 Leg

250 1817 283 1847 p.
295 1804 371 1839 813.
385 1806 424 1838 Ε.
448 1806 638 1848 Xenoph.
658 1806 723 1838 An.
744 1806 788 1846 11,
804 1805 835 1846 1,
830 1771 886 1838 8ῑῆ

249 1850 366 1892 ibique
398 1851 543 1893 interpp.
596 1850 753 1883 Ceterum
784 1851 886 1882 etiam

250 1895 419 1937 sophistas
443 1900 548 1928 artem
568 1895 820 1928 tractandorum
834 1905 885 1927 ar-

248 1949 380 1972 morum
396 1940 566 1982 professos
583 1950 657 1972 esse
679 1944 820 1982 apparet
841 1950 885 1972 ex

249 1983 398 2026 Euthyd.
429 1994 462 2026 p.
484 1983 560 2017 271.
584 1985 623 2016 Ε.
656 1985 759 2016 Xen.
782 1985 884 2017 Mem.

248 2028 313 2069 111,
336 2028 365 2060 1.
401 2029 442 2060 cf.
467 2028 718 2061 Schneider.
753 2029 796 2061 ad
818 2029 884 2061 Xe-

248 2073 350 2115 noph.
367 2073 516 2105 Anabas.
538 2073 581 2114 11,
600 2072 631 2114 1,
651 2072 681 2108 7.
706 2073 787 2105 Loc
799 2073 884 2105 ella

249 2117 293 2149 ad
316 2117 470 2159 Xenoph.
495 2117 620 2159 Ephes.
637 2127 669 2159 p.
685 2116 760 2150 127.
791 2117 883 2150 Male

248 2165 329 2194 vett.
344 2161 438 2194 editt.
453 2161 495 2194 ἐν
508 2160 616 2203 ὄχλοις
631 2172 662 2201 μ.
684 2180 726 2186 -
751 2160 884 2194 Deinde

247 2206 348 2238 multi
381 2206 479 2239 codd.
513 2203 599 2238 οὐδὲ
630 2204 749 2239 τούτου
783 2206 884 2238 ἕνεκα

249 2262 272 2283 τ.
300 2262 349 2291 φ.,
382 2251 472 2293 quod
496 2252 622 2293 recepit
644 2250 789 2283 Bekke
800 2261 884 2284 rus.

248 2295 316 2328 Sed
347 2296 498 2338 praefero
529 2300 677 2328 veterem
700 2295 882 2328 lectionem

247 2341 451 2382 optimorum
485 2339 649 2373 librorum
683 2340 882 2372 auctoritate

246 2385 421 2417 munitam.
461 2385 548 2417 Nam
573 2384 778 2417 adiiciuntur
799 2385 882 2417 haec

246 2439 315 2461 non
348 2429 422 2461 sine
454 2429 489 2461 vi
523 2433 557 2461 et
588 2430 773 2483 gravitate,
815 2439 881 2470 quo

240 2473 355 2516 magis
385 2474 560 2515 superiora
582 2473 663 2513 illa,
693 2471 737 2505 οὐ
760 2471 881 2505 τούτου

246 2517 346 2550 ἕνεκα
375 2517 428 2550 δεῖ
450 2516 537 2559 πρὸς
559 2516 712 2552 ἅπαντας
732 2517 882 2560 χρῆσθαι

246 2559 479 2604 ἀνθρώπους,
527 2563 739 2595 illustrentur
779 2566 881 2604 atque

245 2607 572 2640 confirmentur.1n
595 2605 784 2640 cuiusmodi
805 2617 880 2639 sen-

244 2652 360 2684 tentiis
405 2655 538 2684 constat
583 2652 693 2684 omitti
741 2651 880 2684 coniun-

244 2697 393 2730 ctionum
423 2696 572 2730 vincula.
626 2697 778 2729 Aetius
802 2705 878 2728 cum

954 1714 1075 1748 τούτου
1100 1716 1201 1748 ἕνεκα
1229 1716 1432 1749 eiiciendum
1459 1720 1585 1749 censet.

952 1760 1030 1793 Non
1049 1760 1166 1803 probo.

996 1806 1036 1838 E.
1081 1804 1153 1837 ἐπὶ
1191 1808 1242 1848 τῷ
1279 1805 1457 1838 δικαίως
1491 1815 1537 1845 χρ

955 1849 1080 1893 σθαι]
1105 1850 1158 1882 De
1181 1850 1247 1882 hoe
1269 1849 1384 1883 dativo
1409 1859 1440 1882 v,
1464 1848 1584 1891 ρ.45

953 1894 991 1926 Β.
1023 1904 1055 1936 p.
1085 1893 1162 1928 480.
1192 1895 1235 1927 D.
1281 1894 1377 1927 Solet
1406 1894 1496 1926 enim
1528 1893 1588 1925 ἐπι·

950 1939 1001 1971 ita
1024 1940 1190 1979 construi,
1220 1939 1282 1971 ubi
1304 1949 1479 1980 caussam,
1508 1947 1586 1970 eon-

951 1983 1066 2016 silium
1095 1983 1151 2016 vel
1173 1983 1276 2016 finem
1298 1983 1442 2023 indicat,
1476 1992 1586 2024 neque

951 2029 1162 2061 necessarius
1200 2032 1252 2061 est
1287 2029 1515 2060 accusativus.
1554 2036 1586 2059 ν.

950 2072 1096 2105 Lexic.
1120 2072 1311 2115 Xenoph.
1335 2073 1435 2105 T.11.
1458 2070 1585 2114 p..259

949 2115 1017 2150 263
1032 2127 1101 2158 seq.
1117 2121 1151 2149 et
1173 2117 1410 2150 Fischerus
1435 2117 1478 2149 ad
1494 2115 1585 2148 wex-

951 2161 1010 2193 ler.
1036 2162 1151 2197 Gr'r.
1169 2162 1230 2194 111.
1251 2162 1288 2193 Ρ.
1312 2162 1356 2194 ΙΙ.
1379 2172 1421 2214 p.
1435 2159 1585 2202 234oeq.

949 2223 994 2230 ·—
1018 2202 1344 2246 ἀμυνομένους,
1375 2203 1428 2249 μὴ
1454 2203 1583 2246 ὑπάρ-

949 2261 1121 2292 χοντας,
1146 2256 1190 2284 ut
1212 2261 1255 2282 sc
1279 2249 1584 2290 defenderent,

949 2305 1035 2327 non
1065 2294 1357 2328 adorirentur.
1402 2294 1471 2335 Qui
1492 2294 1585 2347 prior

949 2339 1048 2372 alteri
1069 2340 1172 2372 insert
1189 2340 1358 2379 iniuriam,
1381 2339 1411 2371 is
1435 2336 1584 2379 ὑπαρξαι

947 2380 1081 2416 ἀδικίας
1110 2388 1145 2416 et
1173 2394 1230 2416 sse
1255 2385 1308 2416 ius
1331 2383 1433 2416 etiam
1456 2383 1584 2425 simpli—

948 2428 1030 2461 citer
1059 2426 1208 2469 ὑπάρξαι
1254 2429 1363 2461 icimr.
1406 2427 1585 2470 Loquendi

947 2483 1073 2516 genus,
1112 2473 1202 2516 apud
1232 2476 1382 2506 oratores
1410 2473 1581 2514 frequens,

947 2518 1141 2550 doctissime
1164 2517 1348 2550 illustravit
1370 2517 1401 2548 V
1410 2517 1450 2549 al
1461 2527 1479 2547 c
1487 2517 1510 2548 k
1519 2527 1537 2548 e
1548 2527 1582 2548 ιι.

947 2561 990 2595 ad
1007 2562 1124 2604 Eurip.
1141 2559 1472 2595 Phoeniss.v.1576.
1491 2562 1581 2594 conf.

946 2611 1062 2639 nostra
1091 2573 1135 2638 ad
1163 2607 1270 2650 Legg.
1293 2606 1353 2639 IX.
1384 2615 1417 2648 p.
1441 2604 1518 2639 869.
1542 2605 1580 2638 C.

946 2656 979 2684 et
1009 2650 1049 2683 de
1079 2650 1148 2684 loci
1170 2651 1337 2684 sententia
1361 2650 1413 2682 De
1436 2649 1579 2683 antidos.

945 2706 978 2738 p.
1011 2695 1085 2729 113.
1115 2693 1161 2728 23
1189 2705 1281 2737 seqq.
1314 2695 1364 2729 ed.
1397 2694 1501 2728 Orell.
1537 2712 1578 2718 —
