1702 2924
500 203 745 244 GORGIAS.
774 204 819 242 P.
851 206 944 242 453.
975 204 1035 243 ed.
1066 203 1124 243 St.
1416 206 1491 242 101

138 312 220 368 ἐγὼ
248 313 329 368 τὴν
366 314 452 356 ἀπὸ
480 319 554 368 τῆς
590 313 816 367 ῥητορικῆς
854 315 1018 362 πειθώ,
1059 312 1150 367 ἥτις
1177 312 1271 354 ποτ’
1301 311 1416 354 ἐστὶν
1442 313 1499 367 ἢν

136 379 190 420 σὺ
229 378 362 433 λέγεις
407 378 479 421 καὶ
516 377 614 432 περὶ
662 369 857 420 ὧντινων
903 379 1167 459 πραγμάτων
1208 376 1294 419 ἐστὶ
1343 379 1496 429 πειθώ,

136 447 285 498 σαφῶς
312 443 390 499 μὲν
419 440 466 486 εὖ
494 437 580 484 ἴσθ’
610 442 675 484 ὅτι
704 444 783 486 οὐκ
813 439 925 495 οἶδα,
954 445 1008 485 οὐ
1034 442 1122 497 μὴν
1149 443 1240 484 αλλ’
1268 443 1498 484 ὑποπτεύω

134 525 181 564 γε
209 511 265 564 ἣν
295 506 415 564 οἶμαί
442 519 488 551 σε
515 508 652 562 λέγειν
679 508 751 550 καὶ
778 508 874 561 περὶ
912 501 994 550 ὧν·
1039 507 1167 551 οὐδὲν
1195 507 1342 563 μέντοι
1368 501 1499 563 ἧττον

136 574 342 630 ἐρήσομαί
368 585 436 624 σε,
474 575 570 616 τίνα
608 573 710 615 ποτὲ
750 573 882 627 λέγεις
918 572 998 628 τὴν
1026 574 1162 615 πειθὼ
1191 571 1270 627 τὴν
1310 574 1394 616 απὸ
1423 580 1498 628 τῆς

134 640 360 695 ῥητορικῆς
396 640 467 682 καὶ
504 639 601 693 περὶ
638 639 770 681 τίνων
810 638 948 693 αὐτὴν
985 635 1106 680 εἶναι.
1147 645 1226 680 τοῦ
1255 635 1336 681 οὗν
1375 639 1499 682 ἕνεκα

135 706 187 760 δὴ
217 705 346 754 αὐτὸς
373 705 630 747 ὑποπτεύων
659 715 704 746 σε
734 704 952 759 ἐρήσομαι,
981 699 1069 745 ἀλλ’
1100 704 1181 746 οὐκ
1210 705 1338 754 αὐτὸς
1366 703 1495 760 λέγω;

134 771 188 813 οὐ
216 778 297 813 σοῦ
324 769 462 821 ἕνεκα,
491 769 597 812 ἀλλὰ
624 777 703 812 τοῦ
730 772 878 824 λόγου,
910 770 980 811 ἵνα
1011 769 1124 811 οὕτω
1151 770 1303 825 προΐῃ,
1335 770 1392 820 ὡς
1420 771 1496 825 μοί-

133 831 235 878 λιστ’
265 835 320 877 ἂν
347 837 452 891 ἡμῖν
478 835 722 889 καταφανὲς
748 838 870 877 ποιοῖ
894 834 989 888 περὶ
1017 834 1121 876 ὅτου
1143 832 1320 889 λέγεται.
1348 837 1498 878 σκόπει

133 902 239 956 γάρ,
284 902 324 943 εἴ
359 911 426 944 σοι
467 902 581 943 δοκῶ
618 901 791 950 δικαίως
830 900 1052 955 ἀνερωτᾶν
1091 912 1146 942 σε.
1192 899 1329 954 ὥςπερ
1366 901 1421 943 ἂν
1462 903 1498 943 εἰ

134 967 369 1022 ἐτύγχανον
396 977 442 1009 σε
470 965 662 1020 ἐρωτῶν,
701 967 764 1015 τίς
804 964 890 1007 ἐστι
932 968 1019 1008 τῶν
1059 967 1298 1021 ζωγράφων
1329 967 1490 1018 Ζεῦξις,

202 1100 266 1146 Ἐγ
277 1099 303 1134 ὠ
335 1100 423 1144 ε’ριῦ
456 1099 556 1144 νῦν]
597 1101 726 1133 Deerat
760 1100 867 1144 vulgo
900 1098 958 1143 Ἐγ
961 1098 1004 1139 ω’,
1046 1099 1138 1142 quod
1171 1103 1350 1143 praestant
1380 1100 1498 1133 Clark.

136 1114 351 1181 Cois1.⁷Par.
382 1146 578 1180 BCFIW.
609 1146 714 1178 Vind.
738 1145 768 1179 1.
792 1145 825 1179 2.
849 1145 880 1179 6.
912 1146 1006 1178 Flor.
1036 1156 1066 1178 a.
1098 1155 1128 1177 e.
1161 1145 1192 1177 d.
1224 1146 1248 1179 f.
1279 1157 1324 1179 m.
1355 1156 1386 1179 o.
1411 1157 1439 1179 s.
1463 1158 1498 1179 Χ.

137 1204 214 1226 cum
238 1192 290 1225 ed.
313 1193 393 1225 Bas.
416 1191 449 1225 2.
495 1191 654 1224 Alterum
680 1189 747 1235 ἐγώ
772 1191 867 1224 deest
888 1191 926 1223 in
949 1192 1027 1224 Par.
1050 1191 1077 1222 Ι.

204 1239 244 1272 Ο.
291 1237 549 1278 καταφαιὲς
582 1236 721 1280 ποιοῖ]
754 1240 835 1280 ποιῇ
858 1237 938 1269 Bas.
962 1235 994 1269 2.
1018 1246 1098 1269 cum
1122 1236 1199 1269 Vat.
1225 1237 1269 1268 A.
1302 1237 1390 1269 Ven.
1417 1235 1497 1269 ΞΣ.

138 1284 242 1316 Vind.
265 1283 298 1317 2.
322 1283 353 1317 6.
383 1283 474 1315 Flor.
500 1283 531 1315 d.
564 1283 655 1326 Aug.
679 1284 821 1315 Meerm.
844 1281 944 1315 Bodl.
968 1281 1120 1315 Routhii.
1165 1281 1291 1315 Paullo
1323 1285 1404 1315 ante
1430 1276 1500 1314 οὖν

138 1333 216 1372 post
240 1332 300 1361 τοῦ
322 1339 389 1362 om.
414 1328 520 1361 Coisl.
545 1328 647 1360 Vind.
673 1327 703 1360 1.
728 1327 760 1362 6.
791 1328 868 1361 Par.
893 1327 1024 1360 EFW.
1056 1327 1151 1360 Flor.
1174 1327 1197 1359 f.
1223 1338 1250 1360 s.

854 1450 919 1472 σου
944 1437 1098 1472 διδάσκει
1106 1451 1118 1479 ,·
1153 1439 1220 1473 Sed
1243 1450 1309 1473 nec
1332 1440 1399 1473 hoc
1423 1451 1501 1472 cum

853 1486 1152 1528 argumentatione
1184 1485 1354 1528 congruit.
1408 1485 1501 1527 Quid

851 1531 943 1562 enim
976 1531 1020 1563 ad
1050 1542 1124 1563 rem
1154 1531 1315 1571 interest,
1354 1534 1394 1563 ut
1423 1532 1501 1574 quis

850 1577 999 1618 pretium
1032 1577 1137 1617 sciat,
1169 1577 1261 1618 quod
1286 1577 1415 1609 Zeuxis
1437 1588 1499 1619 pro

851 1621 980 1653 tabulis
1025 1632 1046 1653 a
1085 1632 1121 1654 se
1164 1623 1269 1664 pictis
1320 1623 1499 1666 exegerit?

851 1667 1024 1707 Quocirca
1071 1667 1177 1699 aliam
1215 1668 1383 1700 rationem
1422 1668 1502 1700 iniit

134 1442 419 1485 perspicuum
456 1440 604 1473 facere
637 1441 783 1482 possit

134 1487 270 1526 illud,
318 1486 368 1519 de
407 1496 488 1528 quo
528 1496 667 1518 sermo
705 1490 780 1518 est.

137 1543 170 1564 v.
195 1532 239 1564 ad
261 1532 416 1574 Lysinp
420 1529 529 1564 ..207
558 1532 598 1563 Ε.
634 1530 780 1564 Phaedr.

138 1576 216 1611 230.
239 1577 278 1609 Β.
302 1575 379 1610 231.
394 1542 446 1609 ᾖ.
470 1575 547 1610 262.
572 1577 616 1608 D.

185 1621 332 1677 ὥςπερ
358 1620 410 1654 ἂν
433 1621 479 1654 εἰ
499 1620 641 1665 ἐτύγχ.
663 1639 709 1645 -
741 1622 786 1654 εἰ

139 1679 211 1707 μοι
234 1662 364 1701 εἶπες
381 1667 438 1711 --]
462 1667 592 1700 Eadem
617 1667 782 1699 orationis

138 1714 250 1746 forma
289 1713 432 1746 Theaet.
483 1723 516 1755 p.
551 1711 626 1745 147.
656 1713 709 1744 Α.
749 1713 787 1745 εἴ

140 1770 187 1792 τις
211 1755 297 1801 ἡμᾶς
322 1761 390 1790 τῶν
407 1756 554 1814 φαύλων,
578 1770 604 1790 τι
622 1758 677 1790 καὶ
696 1769 781 1799 προ-

140 1805 269 1846 χείρων
293 1804 426 1859 ἔροιτο,
450 1822 496 1827 —-
519 1803 554 1835 εί
575 1800 783 1845 ἅποκρινῑαι

139 1850 232 1888 μεθα
263 1845 356 1892 αὐτῷ
387 1867 450 1887 -·,
485 1846 549 1881 οὐκ
580 1846 626 1881 ἂν
657 1850 783 1892 γελοῖοι

139 1889 256 1935 εἶμεν;
281 1895 420 1927 Menon.
444 1905 477 1936 Ρ.
496 1892 549 1927 74.
562 1895 609 1926 B:
634 1895 730 1928 εἴτίς
746 1904 783 1925 σε

140 1937 322 1981 ἀνέροιτο,
353 1942 387 1971 τί
409 1939 480 1971 ἐστι
505 1943 631 1994 σχῆμα,
657 1934 684 1971 ὦ
710 1938 783 1971 Μέ-

143 1997 234 2024 mum
259 1984 295 2017 εἰ
317 1982 412 2028 αὐτῷ
436 1980 553 2022 εἶπες,
584 1983 634 2016 ὅτι
661 1994 783 2026 στρογ-

138 2011 294 2086 vaoltns,
327 2031 366 2062 εἴ
387 2040 440 2062 σοι
463 2025 565 2062 εἶπεν
588 2028 677 2070 ἅπερ
704 2028 786 2084 ἐγώ

140 2093 183 2100 -
214 2070 312 2110 εἶπες
344 2074 457 2119 δήπου
489 2073 554 2114 ἂν,
593 2073 643 2107 ὅτι
678 2072 786 2118 σχῆμά

138 2120 242 2153 ἐστιν.
285 2122 461 2163 Protagor.
493 2131 526 2163 p.
556 2118 635 2154 311.
666 2121 706 2152 B.
738 2120 784 2153 C.

139 2165 175 2198 εἰ
197 2165 237 2199 δὲ
260 2164 354 2208 παρὰ
375 2163 607 2199 Πολύκλειτον
629 2164 785 2199 ἐπενόεις

141 2209 354 2252 ἀφικόμενος
380 2208 512 2252 μισθὸν
536 2209 626 2253 ὑπὲρ
655 2215 786 2244 σαυτοῦ

142 2258 253 2290 τελεῖν
276 2274 331 2294 -,
355 2257 393 2289 εἴ
413 2259 462 2291 τίς
488 2267 527 2289 σε
551 2254 653 2299 ἤρετο
674 2275 729 2295 -,
755 2259 790 2289 τί

141 2300 187 2334 ἂν
210 2300 410 2344 ἀπεκρι’νω,·
444 2302 552 2345 Legg.
583 2313 616 2345 p.
640 2301 717 2335 662.
741 2303 786 2334 D.

142 2347 188 2380 al.
249 2347 384 2380 Deinde
414 2347 607 2380 molestiam
645 2348 788 2380 facessit

141 2392 232 2425 istud
250 2392 306 2425 καὶ
324 2395 410 2431 ποῦ,
405 2404 413 2410 ·
438 2392 529 2434 quod
543 2396 658 2425 tamen
683 2394 786 2426 etiam

141 2437 316 2471 scholiast.
368 2437 495 2470 codicis
533 2437 650 2471 Clark.
691 2439 787 2482 legit,

142 2484 204 2525 qui
225 2483 410 2529 adscripsit
433 2482 540 2515 haec.
575 2482 616 2515 ἐν
650 2487 688 2527 τῇ
713 2496 786 2516 ποι-

141 2530 217 2571 κίλη
252 2532 343 2572 στοᾷ.
397 2528 486 2560 Nam
517 2528 559 2561 de
589 2528 687 2570 loco,
727 2529 787 2562 ubi

145 2574 274 2607 Zeuxis
297 2575 466 2617 pingeret,
493 2574 646 2616 profecto
670 2575 788 2617 quaeri

144 2629 238 2651 nune
265 2630 334 2652 non
357 2619 479 2662 potuit.
517 2619 637 2661 Itaque
660 2620 789 2652 Hein-

141 2665 251 2697 dorf.
276 2663 388 2697 πόσου
413 2664 471 2707 leg
473 2664 600 2697 endum
629 2666 789 2706 coniecit,

146 2720 350 2752 comparans
381 2709 444 2742 illa
448 2676 614 2752 g.Ap010g
639 2710 732 2743 Socr.
755 2722 789 2766 p.

145 2753 201 2789 20.
224 2756 271 2788 B:
309 2757 358 2790 τίς
382 2756 438 2789 καὶ
463 2754 622 2789 ποδαπὸς
647 2756 702 2788 καὶ
728 2754 791 2790 πό-

851 1713 1032 1753 Coraes,
1065 1713 1125 1755 qni
1146 1713 1196 1744 ita
1220 1712 1361 1746 scribit:
1393 1708 1500 1752 οἶμαι,

851 1758 983 1800 inquit,
1013 1755 1218 1801 γεγράφθαι
1254 1756 1356 1791 πάλαι
1396 1757 1499 1796 TOT,

851 1802 1004 1835 τουτέστι
1030 1805 1123 1837 τίνος
1149 1801 1227 1837 υἱός
1264 1803 1359 1836 ἐστιν
1387 1801 1406 1834 ὁ
1433 1805 1499 1845 ζω-

851 1846 991 1892 γράφος
1018 1848 1167 1889 Ζεῦξις;
1214 1848 1281 1881 Sed
1303 1849 1415 1881 fateor
1437 1859 1502 1881 nec

851 1895 918 1926 hoc
942 1893 1112 1925 desiderio
1136 1894 1352 1934 satisfacere,
1383 1897 1501 1937 utpote

853 1939 1098 1982 disputationis
1129 1939 1278 1972 consilio
1308 1941 1424 1972 minus
1448 1950 1502 1972 ac-

853 1984 1118 2017 commodatum.
1164 1985 1238 2018 Nec
1262 1995 1342 2018 vero
1367 1984 1422 2017 illi
1444 1996 1503 2017 ex-

852 2030 951 2073 plent
972 2030 1138 2070 animum,
1162 2031 1221 2073 qui
1238 2033 1309 2063 ποῦ
1324 2035 1502 2073 utcunque

853 2075 1036 2108 defendere
1067 2076 1182 2108 conati
1212 2079 1305 2108 sunt.
1352 2076 1440 2108 Nam
1465 2079 1504 2108 ut

852 2122 1031 2153 mittamus
1069 2131 1142 2160 eos,
1185 2122 1244 2164 qui
1284 2122 1390 2154 verba
1432 2131 1502 2154 non

853 2167 958 2199 nimis
997 2166 1184 2209 premenda
1222 2177 1298 2199 esse
1328 2166 1398 2199 sibi
1429 2177 1504 2209 per-

854 2216 1037 2245 suaserunt
1082 2212 1230 2254 ideoque
1270 2215 1340 2244 ποῦ
1383 2223 1505 2245 revera

853 2262 1020 2302 putarunt
1058 2257 1274 2300 significare:
1321 2258 1366 2289 in
1406 2268 1506 2300 quo—

853 2314 949 2335 nam
991 2307 1209 2336 terrarum
1246 2303 1364 2343 loco,
1412 2302 1505 2345 quod

853 2349 1006 2392 profecto
1030 2348 1198 2381 absonum
1223 2352 1276 2380 est
1299 2358 1342 2381 ac
1365 2359 1408 2380 ne
1430 2353 1505 2381 tum

855 2394 994 2437 quidem
1009 2394 1268 2426 ratiocinationi
1281 2394 1505 2433 conveniens,

855 2440 886 2472 si
919 2450 999 2472 eum
1033 2438 1285 2482 Voegelino
1326 2440 1408 2472 Act.
1445 2439 1507 2472 So-

856 2485 971 2518 cietat.
998 2484 1121 2517 Graec.
1146 2485 1242 2527 Lips.
1258 2484 1337 2516 Vol.
1352 2485 1380 2517 1.
1403 2485 1506 2517 Fase.

855 2530 900 2562 11.
925 2540 958 2572 p.
983 2527 1060 2563 233.
1099 2533 1292 2562 statuamus
1321 2529 1389 2562 loci
1412 2540 1507 2561 men-

855 2576 950 2608 tione
974 2585 1082 2607 unum
1115 2586 1159 2607 ex
1182 2574 1342 2618 pluribus
1368 2573 1505 2618 ζωγρά-

858 2631 939 2662 φοις
963 2620 1076 2652 notari
1100 2625 1134 2653 et
1156 2630 1176 2652 a
1200 2621 1323 2653 ceteris
1345 2619 1507 2652 omnibus

858 2665 1026 2706 discerni,
1060 2665 1220 2709 displicet
1250 2667 1354 2698 etiam
1386 2665 1508 2697 Astii

858 2711 1112 2753 interpretatio,
1145 2711 1204 2754 qui
1236 2710 1343 2743 verba
1374 2710 1425 2742 sic
1450 2721 1509 2743 ex-

858 2756 1022 2801 plicavit:
1056 2756 1176 2790 welche
1205 2756 1328 2789 Thiere
1358 2755 1443 2788 malt
1473 2766 1510 2789 er
