1676 2938
249 171 329 206 296
785 166 1042 206 PLATONIS

246 273 464 326 γυναιξίν,
505 269 570 314 ὅτι
595 270 674 326 τὴν
697 271 950 327 εἱμαρμένην
992 267 1084 314 οὐδ’
1120 271 1176 322 ἂν
1201 267 1262 321 εἷς
1288 270 1492 326 ἐκφύγοι,
1533 273 1581 314 τὸ

249 336 315 378 ἐπὶ
342 337 478 391 τούτῳ
506 334 730 383 σκεπτέον,
766 336 846 377 τίν’
883 336 938 378 ἂν
963 337 1124 389 τρόπον
1160 342 1314 378 τοῦτον
1354 336 1406 377 ὃν
1444 335 1581 390 μέλλει

248 401 405 454 χρόνον
433 402 582 453 βιῶναι
609 400 666 448 ὠς
691 402 839 452 ἄριστα
867 396 997 456 βιῴη,
1033 392 1115 452 ἆρα
1144 398 1346 453 ἐξομοιῶν
1373 399 1504 441 αὐτὸν
1529 406 1580 454 τῇ

137 472 219 514 513
251 465 436 519 πολιτείᾳ
463 465 616 517 ταύτῃ,
657 463 703 505 ἐν
739 458 768 517 ’,ἦ
795 463 849 505 ἂν
886 465 1006 517 οἰκῇ,
1047 462 1115 504 καὶ
1144 470 1227 504 νῦν
1263 462 1308 505 δὲ
1335 466 1419 517 ἄρα
1446 464 1512 505 δεῖ
1535 461 1580 504 σὲ

251 527 307 576 ὡς
344 528 598 581 ὁμοιότατον
631 529 853 582 γίγνεσθαι
890 533 947 580 τῷ
984 528 1103 583 δήμῳ
1143 534 1201 579 τῷ
1240 527 1498 581 Ἀθηναίων,
1545 527 1581 568 εἰ

248 591 407 645 μέλλεις
441 593 579 645 τούτῳ
618 591 850 646 προςφιλὴς
886 588 996 633 εἶναι
1033 591 1103 632 καὶ
1140 589 1247 645 μέγα
1284 591 1497 632 δύνασθαι
1534 588 1581 632 ἐν

249 662 299 709 τῇ
327 656 464 705 πόλεις
492 652 614 697 τοῦθ’
639 653 720 708 ὅρα
747 657 783 697 εἰ
810 656 877 698 σοὶ
903 658 1108 698 λυσιτελεῖ
1135 655 1203 696 καὶ
1231 653 1337 708 ἐμοί,
1366 654 1484 703 ὅπως
1509 656 1580 708 μή,

248 797 342 840 Lips.
366 797 443 830 vol.
467 798 511 830 11.
534 798 632 830 Fasc.
657 797 687 830 1.
710 809 742 841 p.
767 797 816 832 18.
844 807 930 830 corr.
954 795 999 840 μὴ
1021 795 1086 841 γὰρ
1111 800 1210 830 τοῦτο
1233 795 1313 837 μέν,
1336 795 1372 829 τὸ
1397 797 1473 839 ζῆν,
1497 794 1582 828 ὀπό-

249 840 383 929 Ερὶἰαέὲ
410 841 541 884 χρόνον
572 841 631 875 τόν
659 854 697 885 γε
728 854 755 875 κ.
790 854 816 875 ι.
846 843 873 874 λ.
911 842 1113 875 adversante
1143 841 1212 874 loci
1241 842 1420 874 sententis.
1454 851 1487 874 v.
1522 852 1580 873 ex·

316 975 354 1006 E.
401 972 451 1005 ὃν
482 974 623 1013 μέλλει
653 972 817 1016 χρόνον
847 973 893 1018 β.]
940 974 1057 1007 Clark.
1089 974 1166 1006 Vnt.
1197 973 1301 1007 Coisl.
1332 974 1408 1006 Par.
1441 974 1582 1006 BCIV.

251 1018 352 1052 Vind.
378 1018 407 1050 1.
431 1018 463 1051 6.
487 1019 577 1051 Flor.
607 1018 639 1051 b.
665 1018 762 1051 Bodl.
795 1018 935 1058 μέλλοι,
975 1019 1065 1061 quod
1095 1019 1176 1051 olim
1206 1017 1250 1051 ob
1284 1028 1354 1060 seq.
1377 1016 1466 1061 βιῴη
1489 1029 1582 1060 prae-

250 1063 325 1102 tuli,
348 1073 439 1095 nunc
463 1073 483 1095 a
505 1064 736 1106 grammaticis
759 1063 980 1095 indicativum
1010 1064 1044 1095 iu
1076 1063 1217 1105 obliqua
1238 1064 1390 1095 oratione
1412 1073 1513 1105 aegre
1537 1063 1585 1094 fe-

250 1107 402 1139 rentibus
426 1108 597 1139 invectum
630 1113 721 1149 puto.
754 1108 844 1140 conf.
868 1107 1038 1142 Phaedon.
1065 1117 1096 1149 p.
1120 1106 1174 1141 61.
1198 1108 1236 1139 Β.
1259 1106 1313 1140 94.
1337 1107 1374 1140 C.
1409 1108 1586 1149 Protagor.

251 1162 282 1193 p.
312 1150 389 1184 320.
421 1152 463 1183 Ι).
495 1152 671 1184 Matthiae.
703 1153 760 1185 Gr.
794 1154 826 1191 ἓ.
847 1150 923 1184 529.
954 1151 987 1185 3.
1032 1151 1258 1185 Indicativum
1282 1152 1381 1184 etiam
1405 1151 1583 1184 Bekkerus

250 1196 410 1228 servavit.

250 1337 428 1360 censemus
465 1327 544 1359 οἴου
582 1327 638 1360 vel
673 1326 807 1369 νόμιζε,
847 1326 883 1360 id
950 1327 1102 1360 Aetius
1143 1327 1186 1360 ad
1221 1327 1400 1371 Rempubl.
1435 1337 1466 1370 p.
1507 1326 1584 1361 378.

250 1375 340 1405 certe
384 1372 555 1404 neminem
599 1372 688 1404 male
733 1371 882 1411 habebit,

251 1418 310 1458 qui
333 1427 433 1458 quam
457 1416 576 1448 crebro
600 1415 645 1459 μή
667 1427 739 1456 μοι,
769 1415 814 1459 μὴ
840 1415 883 1448 σύ

249 1473 298 1504 γε,
312 1462 355 1493 al.
374 1461 499 1493 omisso
514 1460 619 1492 verbo
635 1460 777 1501 dicatur,
796 1462 882 1493 bene

249 1506 449 1538 meminerit.
472 1515 504 1537 v.
537 1504 578 1537 ad
603 1506 738 1537 Menon.
772 1515 803 1547 p.
828 1503 882 1538 74.

250 1550 292 1582 D.
314 1550 416 1592 Hipp.
440 1550 521 1581 Mai.
546 1559 577 1592 p.
592 1548 667 1584 291.
685 1549 722 1582 C.
747 1550 882 1591 Protag.

248 1605 281 1637 p.
311 1592 388 1626 318.
419 1594 457 1626 B.
491 1594 585 1635 Reip.
618 1594 642 1625 1.
674 1605 706 1635 p.
736 1592 812 1626 345.
844 1594 882 1625 B.

250 1639 294 1670 11.
317 1637 394 1671 381.
408 1639 448 1670 Ε.
471 1638 638 1671 Nimirum
662 1637 816 1680 perducit
839 1637 882 1669 ad

249 1682 342 1714 hanc
364 1683 529 1715 rationem
560 1682 649 1724 quod
679 1683 880 1725 praecessit:

250 1723 338 1765 ἀλλ’,
371 1722 398 1759 ὦ
422 1725 586 1768 μακάριε,
620 1724 712 1767 ὅρα,
737 1725 780 1770 μὴ
805 1724 882 1759 ἄλλο

252 1783 278 1802 τι
302 1782 330 1802 κ.
355 1783 379 1803 τ.
404 1772 430 1803 λ.
483 1771 554 1803 Nec
583 1781 785 1813 quemquam
813 1781 884 1803 mo-

250 1814 391 1856 rabitur,
415 1815 505 1857 quod
528 1820 604 1858 post
625 1818 721 1847 τοῦιο
738 1815 801 1854 μέν
823 1826 883 1857 per

251 1861 497 1902 appositionem
543 1860 686 1892 infertur
731 1857 766 1892 τὸ
806 1861 881 1901 ζῆν.

250 1905 353 1936 Porro
388 1903 448 1936 ἐᾶν
478 1914 569 1936 nunc
601 1904 669 1936 fere
700 1903 790 1937 idem
821 1908 883 1944 est,

250 1948 340 1991 quod
373 1949 456 1980 alibi
493 1948 628 1991 pionius
666 1948 791 1981 dicitur
819 1947 883 1981 ἐᾶν

250 1994 391 2034 χαίρειν,
415 2003 498 2025 non
523 2003 697 2032 curare,
721 1998 758 2024 ut
776 1992 882 2025 Phae-

249 2037 326 2071 don.
358 2047 386 2069 c.
412 2037 506 2071 vm.
538 2041 622 2069 extr.
681 2037 882 2069 Accusativi

248 2086 362 2113 autem
407 2078 520 2123 ἄνδρα
566 2099 608 2104 -
655 2080 883 2121 ἐπιτρέψαντα

249 2126 398 2168 pendent
434 2136 452 2156 e
489 2126 626 2158 nomine
657 2125 805 2165 verbali3
850 2136 881 2158 v.

249 2171 338 2203 infra
361 2180 393 2212 p.
416 2168 492 2203 513.
516 2170 554 2203 E.
580 2174 614 2202 et
628 2169 754 2202 Criton.
780 2180 812 2212 p.
827 2169 881 2203 49.

249 2216 290 2247 A.
345 2215 418 2247 Iam
448 2224 508 2256 pro
539 2213 768 2255 ἐπιτρέψαντα
800 2214 879 2255 περὶ

252 2257 380 2292 τούτων
398 2259 622 2301 exspectabas
639 2257 743 2299 ἐπιτρ.
770 2261 879 2290 ταῦτα.

250 2303 316 2335 Sed
341 2303 419 2343 περὶ
445 2301 576 2335 τούτων
605 2302 773 2343 additum,
802 2304 882 2345 quis

251 2347 443 2388 ἐπιτρέπειν
466 2347 515 2380 ita
537 2347 623 2380 solet
645 2347 821 2389 usurpari,
844 2351 881 2379 ut

250 2393 468 2424 accusativus
490 2392 639 2424 nominis
658 2402 702 2424 ex
719 2391 880 2424 orationis

249 2436 335 2469 serie
371 2436 616 2479 intelligendus
660 2436 880 2489 relinquatur.

250 2481 355 2513 Plene
379 2481 522 2513 dixeris:
545 2478 629 2513 α’λλὰ
653 2480 880 2521 ἐπιτρέψαντα

250 2522 387 2558 πάντα
428 2525 507 2566 περὶ
547 2523 675 2557 τούτων
709 2528 754 2568 τῷ
792 2526 879 2569 θεῷ,

248 2569 321 2602 sed
351 2570 494 2602 omnia
523 2569 598 2602 deo
635 2569 881 2612 permitten-

247 2618 347 2655 tem,
396 2613 510 2656 quod
549 2613 656 2646 haec
693 2614 880 2647 attinent

246 2662 311 2692 eto.
356 2659 409 2692 De
437 2668 504 2702 quo
527 2658 623 2691 verbi
652 2668 719 2691 usu
748 2660 881 2692 monuit

950 1372 1038 1404 conf.
1069 1371 1111 1404 sd
1135 1372 1306 1405 Alcibiad.
1331 1373 1356 1405 1.
1390 1382 1421 1414 p.
1446 1369 1520 1405 117.
1544 1373 1583 1404 Ε.

950 1414 1096 1449 -οὐδ’
1120 1414 1172 1448 ἂν
1195 1414 1277 1455 εἷς,
1302 1427 1351 1449 ne
1374 1426 1480 1449 unus
1497 1417 1588 1459 qui-

950 1460 1050 1501 dem,
1075 1461 1099 1495 i.
1123 1472 1152 1495 e.
1184 1461 1317 1503 plane
1347 1461 1516 1501 nullus,
1547 1465 1585 1493 ut

949 1506 1039 1537 infra
1070 1516 1102 1547 p.
1125 1504 1201 1538 519.
1225 1506 1262 1538 C.
1287 1516 1319 1537 v.
1352 1505 1394 1537 ad
1428 1506 1583 1548 Sympos.

949 1559 980 1592 p.
1007 1547 1080 1582 139.
1104 1568 1149 1574 —-
1172 1547 1214 1582 τὸ
1239 1548 1310 1582 ἐπὶ
1337 1548 1490 1592 τούτῳ,
1522 1549 1585 1582 de-

950 1594 1048 1626 ince
1085 1604 1112 1626 s.
1135 1593 1204 1626 vid.
1228 1594 1378 1626 Matth.
1401 1594 1459 1626 Gr.
1481 1594 1582 1637 ampl.

949 1648 982 1680 p.
1005 1636 1048 1671 57
1074 1662 1082 1670 .
1105 1639 1136 1677 ἓ.
1160 1637 1237 1671 283.
1263 1657 1307 1662 -
1329 1638 1428 1679 Quod
1451 1638 1585 1671 mulier-

950 1682 1036 1715 culis
1058 1683 1272 1724 potissimum
1300 1684 1421 1715 tribuit
1451 1687 1583 1716 senten-

950 1727 1031 1759 tiam
1061 1727 1176 1759 illam:
1201 1725 1251 1759 ὅτι
1280 1725 1341 1780 τὴν
1371 1727 1584 1770 εἱμαρμένην

951 1768 1028 1803 οὐδ’
1066 1769 1112 1802 ἂν
1142 1768 1193 1805 εἷς
1224 1770 1386 1814 ἑκφυγοι,
1424 1772 1498 1804 eius
1535 1772 1584 1804 rei

950 1825 1075 1848 caussa
1091 1817 1259 1848 neminem
1279 1816 1406 1848 latebit.
1430 1826 1463 1847 v.
1479 1816 1527 1849 Le
1551 1827 1584 1859 g.

951 1860 993 1891 X.
1027 1870 1060 1901 p.
1083 1859 1159 1893 909.
1183 1861 1221 1892 Ε.
1245 1859 1362 1902 ibique
1385 1865 1498 1892 annot.
1558 1861 1585 1892 i-

951 1914 1050 1936 cero
1083 1905 1134 1937 De
1165 1904 1296 1937 Natura
1330 1905 1430 1937 Deor.
1455 1905 1488 1945 1,
1521 1903 1585 1938 20:

950 1949 1117 1989 Quanti
1158 1948 1263 1982 haec
1299 1948 1585 1992 philosophis

950 1992 1223 2025 aestimanda
1262 1997 1345 2033 est,
1381 1993 1450 2026 cui
1489 1998 1584 2026 tun—

950 2047 1075 2079 quam
1100 2037 1299 2070 aniculis
1330 2042 1373 2069 et
1403 2037 1463 2069 iis
1495 2038 1583 2080 qui—

950 2082 1039 2114 dem
1062 2081 1261 2114 indoctis
1284 2082 1375 2114 fsto
1399 2082 1504 2114 fieri
1528 2083 1583 2114 vi—

949 2126 1106 2158 dentur
1128 2126 1297 2158 omnis?
1327 2125 1394 2158 Sed
1416 2126 1484 2158 vid.
1509 2127 1585 2159 Ga-

950 2170 1087 2202 tsker.
1109 2169 1153 2202 cd
1178 2170 1341 2202 Antonin.
1364 2170 1440 2203 vn.
1464 2172 1494 2211 §-
1517 2170 1584 2211 46„

948 2214 1009 2246 ubi
1032 2214 1087 2246 bic
1109 2213 1207 2247 locus
1229 2215 1376 2247 affertur.

993 2258 1030 2290 P.
1062 2257 1137 2292 518.
1185 2259 1254 2291 καὶ
1299 2262 1377 2291 νῦν
1419 2258 1465 2292 δὲ
1498 2256 1582 2301 ἄρα

949 2302 994 2334 δε
1007 2306 1022 2335 ῖ
1041 2301 1103 2346 -]
1138 2303 1292 2336 Pendent
1314 2303 1398 2336 hnee
1419 2303 1538 2345 utique
1561 2314 1582 2336 a

948 2357 1146 2390 praegresso
1164 2346 1327 2380 σκεπτέον
1341 2341 1429 2389 ἄρσε
1452 2347 1494 2380 de
1515 2358 1583 2391 qua

948 2392 1079 2424 ratione
1117 2402 1185 2424 non
1217 2396 1291 2425 eret
1322 2402 1383 2425 cur
1412 2391 1583 2424 dubim-et

949 2435 1264 2478 Ηοίυᾱοτίἰιιε,
1287 2436 1347 2479 qui
1369 2436 1497 2469 rectius
1512 2430 1582 2477 ἆρα

948 2481 1052 2512 scribi
1076 2480 1251 2513 iudicavit.
1296 2479 1391 2514 Nihil
1421 2485 1511 2513 aaut
1533 2481 1582 2512 of-

947 2525 1122 2563 fensionis,
1147 2526 1177 2558 si
1199 2525 1363 2567 seriptum
1394 2524 1580 2568 legeretur:

948 2570 1002 2601 καὶ
1040 2563 1110 2611 ἆρα
1144 2573 1206 2603 νῦν
1235 2566 1303 2611 ἆρα
1334 2568 1392 2602 δεῖ
1420 2587 1482 2609 -,
1521 2569 1581 2602 sed

947 2617 1083 2656 propter
1112 2615 1217 2647 totius
1255 2613 1418 2646 orationis
1449 2614 1581 2647 consorb

946 2658 1130 2692 mationem
1161 2653 1232 2702 ἄρα
1262 2657 1435 2692 commode
1465 2658 1580 2691 iterari
