1722 2964
50 134 78 163 4
207 112 289 155 156
755 116 997 168 PLAJroN
1034 118 1061 152 s

202 226 318 286 ὅμως
338 226 389 273 ,δ’
418 225 475 273 ἂν
497 226 608 274 κακὰ
630 221 707 286 ἦν,
738 225 803 274 ὅτι
833 227 1034 275 παθόντα
1064 234 1236 288 χαίρειν
1256 239 1376 276 ποιεῖ
1395 231 1469 276 καὶ
1490 228 1604 290 ὁπῃ-

204 297 306 350 οῦν;
341 288 411 353 ἆρ’
440 293 625 353 οἰόμεθα
647 291 703 340 ἂν
725 293 906 352 αὐτούς,
931 289 966 340 ὦ
989 294 1271 354 Προταγόρα,
1302 294 1408 342 ἄλλο
1429 314 1472 341 τι
1493 294 1604 343 ἄπο-

205 365 460 420 κρίνασθαι,
485 359 512 418 ἢ
530 359 595 406 ὅτι
618 359 671 406 οὐ
695 360 803 407 κατὰ
824 360 906 420 τὴν
927 360 1061 420 αὐτῆς
1082 365 1159 420 τῆς
1181 360 1342 420 ἡδονῆς
1365 365 1440 420 τῆς
1462 380 1605 421 παρα-

147 446 180 480 E
203 431 347 487 χρῆμα
366 430 576 486 ἐργασίαν
594 426 705 472 κακά
724 430 856 486 ἐστιν,
874 426 985 474 ἀλλὰ
998 428 1070 474 διὰ
1082 427 1135 474 τὰ
1151 427 1338 486 ὕστερον
1354 427 1604 487 γιγνόμενα,

203 493 363 548 νόσους
385 513 432 540 τε
455 495 528 539 καὶ
550 487 706 549 τᾶλλας
736 492 845 552 Ἐγώ
867 494 950 553 μὲν
971 494 1113 553 οἶμαι,
1138 500 1224 553 ἔφη
1247 494 1270 541 ὁ
1294 493 1604 554 Πρωταγόρας,

201 559 303 613 τούς
340 560 527 614 πολλοὺς
567 558 624 607 ἄν
660 563 795 607 ταῦτα
832 559 1167 620 ἀποκρίνασθαι.
1235 559 1411 608 Οὐκοῦν
1447 561 1606 615 νόσους

203 630 413 673 ποιοῦντα
436 626 563 681 ἀνίας
581 639 712 685 ποιεῖ,
736 629 810 673 καὶ
826 633 980 681 πενίας
1003 631 1212 674 ποιοῦντα
1235 626 1360 681 ἀνίας
1383 640 1520 683 ποιεῖ;
1542 653 1601 660 —-

205 692 462 752 ὁμολογοῖεν
484 691 563 751 ἂν,
588 693 646 748 ὥς
670 688 844 756 ἐγῷμαι.
899 696 1085 753 Συνέφη
1109 693 1131 739 ὁ
1156 693 1464 753 Πρωταγόρας.
1514 692 1606 740 Οὖ-

204 763 314 807 κοῦν
336 765 560 819 φαίνεται,
595 755 630 807 ὦ
652 759 905 820 ἅνθρωποι,
935 760 1065 819 ὑμῖν,
1097 758 1155 814 ὥς
1178 780 1324 819 φαμεν
1347 760 1432 819 ἐγώ
1455 779 1503 807 τε
1531 761 1607 806 καὶ

203 826 501 886 Πρωταγόρας
515 863 528 885 ,
559 826 617 873 δι’
645 826 778 874 οὐδὲν
800 825 906 873 ἄλλο
929 831 1064 873 ταῦτα
1087 827 1199 873 κακὰ
1221 826 1327 874 ὅντα
1358 825 1387 886 ἢ
1411 826 1521 873 διότι
1544 830 1608 880 εἰς

123 912 191 944 354
203 891 330 947 ἀνίας
358 913 406 940 τε
442 893 710 954 ἀποτελευτᾷ
747 895 822 940 καὶ
856 892 1002 940 ἄλλων
1035 892 1211 951 ἡδονῶν
1248 892 1503 952 ἀποστερεῖς
1544 919 1605 927 --

205 958 463 1018 ὁμολογοῖεν
492 959 560 1006 ἄν.
619 960 863 1007 Συνεδόκει
892 959 999 1019 ἡμῖν
1030 958 1208 1019 ἀμφοῖν.
1268 959 1446 1007 Οὐκοῦν
1475 959 1611 1006 πάλιν

203 1024 261 1072 ἂν
285 1025 444 1079 αὐτοὺς
467 1026 515 1072 τὸ
541 1030 741 1072 ἐναντίον
765 1031 805 1072 εἰ
837 1029 1068 1085 ἐροίμεθα,
1101 1020 1154 1072 Ὦ
1176 1025 1429 1085 ἅνθρωποι,
1470 1030 1514 1072 οἱ
1537 1028 1610 1071 λε’-

202 1112 353 1150 γοντες
385 1087 442 1138 αὖ
471 1091 620 1151 ἀγαθὰ
643 1091 803 1151 ἀνιαρὰ
835 1093 971 1149 εἶναι,
1013 1087 1098 1152 ἆρα
1121 1091 1174 1139 οὐ
1196 1092 1249 1138 τὰ
1271 1092 1417 1139 τοιάδε
1446 1094 1610 1150 λέγετε,

202 1200 344 1234 dicibus
361 1201 542 1244 leguntur,
560 1202 631 1234 nisi
650 1201 741 1244 quod
760 1201 868 1235 Coisl.
887 1202 969 1234 Par.
984 1201 1014 1233 Ε
1033 1204 1068 1234 et
1084 1201 1275 1234 Barberin.
1291 1211 1356 1244 pro
1371 1194 1611 1243 παρασκευά-

203 1245 257 1286 ζει
282 1249 319 1278 et
340 1248 450 1279 ποιεῖ
475 1246 655 1297 exhibent,
668 1240 935 1289 παρασκευάζῃ
962 1249 999 1278 et
1020 1245 1130 1289 ποιῇ,
1168 1249 1204 1278 et
1225 1255 1289 1288 pro
1311 1240 1411 1278 κακὰ
1435 1236 1460 1287 ἦ
1489 1254 1611 1296 omnes

200 1293 351 1343 praeter
374 1291 456 1342 Ἶρι.
475 1299 492 1325 t
513 1301 613 1323 κακα
630 1302 692 1334 ην.
731 1291 762 1324 N
767 1295 930 1323 attmann
946 1290 1003 1323 De
1019 1290 1120 1323 Plat.
1134 1290 1282 1332 Protag.
1305 1300 1338 1332 p.
1355 1291 1400 1322 32
1423 1300 1486 1332 pro
1503 1300 1527 1331 η
1549 1288 1611 1322 vel

201 1346 252 1378 ην
269 1335 428 1367 coniecit
445 1333 523 1378 εἴη,
546 1339 587 1367 ut
603 1335 675 1367 iam
693 1338 891 1367 correctum
910 1338 965 1367 est
980 1335 1019 1366 in
1033 1335 1165 1368 Venet.
1182 1333 1219 1367 Σ
1265 1334 1416 1367 robante
1435 1333 1607 1376 Sauppio.

200 1379 273 1412 Pro
289 1377 468 1421 μαθόντα
487 1379 776 1413 O.F.Hermann
792 1379 942 1422 scripsit
957 1373 1139 1421 παρόντα,
1157 1345 1261 1420 quod>
1265 1378 1376 1410 verbo
1392 1387 1610 1410 memorasse

202 1425 297 1457 satis
315 1427 387 1464 est,
412 1423 615 1456 Stallbaum
630 1419 810 1467 μαθόντα
827 1423 1036 1456 mutandum
1055 1433 1136 1456 esse
1153 1423 1190 1455 in
1206 1417 1389 1456 παθόντα
1405 1422 1517 1463 vidit,
1544 1421 1611 1454 sed

202 1468 322 1501 locum
338 1469 458 1500 minus
474 1471 574 1501 recte
592 1469 646 1500 sic
668 1468 925 1511 interpretatus
943 1471 1016 1500 est:
1057 1467 1162 1510 ‘quia
1179 1467 1339 1506 faciunt,
1371 1470 1412 1498 ut
1428 1467 1508 1508 quis
1525 1475 1611 1508 quo-

202 1512 451 1554 modocunque
477 1512 631 1545 affectus
654 1512 832 1554 gaudeat3
857 1514 881 1544 i.
900 1523 932 1546 e.
955 1513 1041 1553 quia
1058 1512 1218 1549 faciunt,
1242 1514 1283 1543 ut
1299 1511 1359 1553 qui
1377 1510 1553 1553 gaudeat,
1577 1511 1609 1543 is

202 1556 388 1589 afficiatur
410 1557 577 1589 sensibus
602 1556 843 1599 quibuslibet,
876 1557 987 1588 etiam
1009 1556 1174 1597 turpibus
1205 1558 1242 1587 et
1263 1564 1387 1597 parum
1413 1554 1576 1587 honestis
1586 1557 1610 1589 ’.

202 1597 384 1634 παθόντα
401 1603 564 1644 reposuit
581 1601 782 1643 Sauppius,
806 1600 870 1633 sed
885 1593 910 1633 ὅ
925 1612 960 1633 τι
978 1594 1159 1632 παθόντα
1182 1599 1332 1641 scripsit
1354 1601 1392 1630 et
1414 1599 1486 1631 vim
1509 1597 1609 1632 locu-

200 1645 314 1678 tionis
331 1645 372 1678 τί
382 1640 523 1679 παθών
538 1643 697 1688 (Kriiger
714 1645 774 1678 Gr.
792 1647 846 1678 56.
864 1645 896 1683 8,
914 1644 950 1687 3)
967 1644 1038 1677 hue
1055 1643 1233 1686 quadrare
1251 1643 1460 1676 arbitratur.

204 1743 299 1776 quae
313 1734 351 1766 in
366 1733 551 1767 codicibus
567 1733 706 1776 scripta
719 1735 878 1774 exstant,

205 1773 386 1821 μαθόντα
426 1779 516 1812 ferri
553 1779 693 1820 nequit.
754 1778 877 1810 Astius

205 1822 353 1864 quidem
383 1823 505 1855 Ficini
535 1823 876 1865 interpretationem

205 1867 390 1907 defendit,
424 1877 497 1909 qua
519 1862 697 1910 μαθόντα
721 1866 878 1900 reddidit

202 1915 509 1954 ‘cognoscentem
541 1912 759 1951 hominem'3
813 1911 876 1944 sed

202 1956 387 1989 scientiae
424 1956 486 1988 hie
517 1956 620 1989 locus
651 1955 774 1988 nullus
807 1958 874 1987 est.

202 1999 279 2032 Alii
312 1993 335 2033 ὅ
362 2011 398 2033 τι
430 1995 608 2043 μαθόντα
639 2000 874 2043 interpretati

200 2047 288 2078 sunt
305 2047 390 2077 ‘cur
404 2045 584 2085 tandem’,
609 2044 652 2077 de
671 2054 743 2086 qua
761 2044 874 2086 signi-

201 2087 374 2122 ficatione
396 2089 504 2121 huius
528 2088 707 2122 formulae
729 2099 764 2122 v.
781 2089 886 2121 Her--

201 2143 311 2166 mann
329 2132 373 2165 ad
390 2133 572 2175 Aristoph.
590 2133 683 2166 Nub.
703 2144 737 2175 p.
755 2133 874 2165 XLVI

202 2187 284 2219 sqq.
303 2177 400 2219 Quid
415 2177 498 2210 inde
517 2177 562 2210 ad
576 2177 648 2210 loci
664 2177 873 2219 intelligen-

203 2223 294 2254 tiam
333 2222 532 2262 lucremur,
570 2231 642 2254 non
678 2221 874 2264 perspicio.

202 2265 296 2298 Mihi
318 2261 500 2300 παθόντα
522 2266 747 2299 verissimum
770 2265 870 2297 vide-

200 2313 261 2343 tur
286 2314 414 2352 estque
445 2311 679 2343 accusativus
708 2309 871 2352 singula-

199 2355 269 2395 ris,
318 2356 380 2396 qui
410 2365 579 2388 numerus
618 2355 654 2387 in
686 2354 872 2387 sententia

201 2399 370 2442 generali
393 2399 485 2431 nihil
508 2399 622 2431 habet
644 2398 872 2439 offensionis,

201 2445 240 2475 et
270 2444 388 2476 oratio
420 2443 625 2486 supplenda
658 2446 713 2476 est
768 2451 871 2475 rono-

201 2487 299 2521 mine
317 2482 417 2521 αὖτοὶ
434 2488 459 2520 i.
477 2499 508 2520 e.
527 2483 572 2520 τοὶ
591 2483 708 2531 ἡδέα,
757 2497 776 2520 e
793 2486 873 2529 qni·

199 2532 268 2565 bus
307 2533 439 2575 agitur.
492 2531 692 2565 Praeterea
723 2531 770 2564 ad
800 2541 872 2563 πα-

202 2571 331 2610 θόντα
359 2576 523 2619 intelligi
546 2580 669 2619 potest
689 2570 795 2618 τινά,
827 2575 872 2608 de

201 2629 274 2662 quo
306 2630 439 2664 genere
470 2620 644 2662 loquendi
666 2620 872 2654 Stallbaum

204 2665 297 2698 dixit
313 2665 358 2698 ad
376 2666 515 2700 Criton.
532 2666 669 2709 p.4313.
686 2663 872 2715 Phaedon

203 2720 240 2752 p.
257 2711 300 2742 59
317 2711 361 2742 A.
384 2711 427 2742 61
444 2710 488 2742 Ε.
511 2710 555 2743 63
571 2710 615 2743 D.
662 2709 797 2742 Par-tic.
822 2718 872 2740 αν

204 2757 289 2797 post
310 2747 383 2788 κᾶν
408 2750 460 2796 εί,
485 2754 530 2786 de
553 2764 623 2796 quo
644 2764 677 2786 v.
695 2764 731 2796 p.
748 2753 814 2786 328
829 2752 871 2790 Β,

204 2799 365 2841 repetita
382 2802 439 2832 est
451 2823 459 2839 ,
483 2802 522 2831 ut
547 2799 653 2842 Gorg.
678 2801 745 2831 514
762 2798 813 2838 D,
829 2796 875 2829 'et

947 1730 1004 1774 δέ,
1022 1734 1063 1764 ut
1078 1742 1201 1773 saepe,
1221 1731 1371 1773 apodesi
1385 1730 1558 1763 additum.
1574 1740 1609 1766 v.

945 1787 1054 1819 supra
1070 1775 1217 1819 p.313A
1235 1779 1271 1808 et
1286 1775 1442 1818 p.325c.
1472 1775 1610 1808 Locum

945 1822 1057 1864 igitur
1086 1822 1123 1853 in
1152 1821 1325 1853 Latinum
1354 1820 1410 1852 sic
1436 1819 1611 1852 verteris:

946 1869 1007 1898 ‘an
1021 1865 1190 1904 iucunda,
1209 1864 1356 1898 etiamsi
1370 1863 1463 1896 nihil
1479 1863 1555 1896 tale
1571 1864 1611 1896 in

944 1914 1128 1954 posterum
1166 1909 1325 1942 afferunt
1353 1907 1417 1940 sed
1448 1906 1610 1951 gaudere

943 1958 1086 1987 tantum
1101 1955 1255 1993 faciunt,
1270 1956 1392 1985 tamen
1404 1952 1609 1992 malasuut,

942 1999 1036 2041 quod
1059 1999 1112 2031 ita
1138 1997 1177 2039 (i.
1196 2008 1227 2032 e.
1243 1996 1412 2037 iucunde)
1437 1996 1610 2029 affectum

942 2044 1086 2076 faciunt
1116 2042 1275 2085 gaudere
1306 2050 1523 2083 quacunque
1550 2050 1608 2072 ra·

943 2086 1074 2121 tione’.
1107 2087 1256 2119 Ultimis
1274 2086 1385 2128 igitur
1399 2085 1521 2118 verbis
1538 2084 1610 2117 ali-

942 2135 1079 2174 quanto
1097 2132 1306 2163 accuratius
1324 2129 1449 2162 eadem
1461 2131 1609 2162 senten-

941 2177 996 2209 tia
1035 2175 1265 2218 exprimitur,
1304 2183 1397 2215 quae
1435 2174 1533 2205 inest
1571 2173 1609 2204 in

940 2219 1246 2264 praecedentibus
1269 2217 1416 2262 χαίρειν
1431 2213 1474 2250 δὲ
1490 2211 1610 2260 μόνον

940 2267 1054 2298 ποιεῖ.
1088 2264 1137 2296 Ει
1153 2263 1340 2303 Socrates,
1359 2271 1467 2304 quum
1480 2262 1608 2294 iucun-

941 2309 1023 2341 dum
1047 2318 1092 2340 ac
1109 2309 1241 2340 bonum
1264 2307 1357 2339 idem
1384 2315 1466 2339 esse
1482 2304 1607 2344 vellet,

938 2363 1025 2386 vere
1042 2352 1232 2384 iucundum
1245 2354 1419 2394 perpetua
1437 2360 1481 2382 ac
1497 2349 1608 2392 plena

939 2397 1169 2430 iucunditate
1187 2396 1367 2428 hominem
1389 2392 1607 2436 perfundere

939 2444 1036 2493 rec-te
1054 2442 1174 2494 potujt
1188 2443 1363 2490 statuere.
1597 2475 1606 2486 ,

985 2497 1055 2518 οτι
1095 2496 1150 2519 ου
1188 2495 1302 2517 κατα
1341 2495 1372 2516 τ.
1405 2498 1450 2506 —·
1486 2491 1605 2514 κακα

940 2525 1081 2574 ἔστιν]
1097 2540 1147 2563 ea
1160 2539 1243 2562 non
1255 2530 1435 2571 propter
1449 2526 1605 2577 ips-am,

940 2575 1121 2616 quaein
1148 2572 1380 2617 praesenti
1407 2580 1605 2613 percipi·

940 2622 1026 2656 tur,
1050 2618 1332 2661 voluptatem
1354 2614 1468 2648 mala
1493 2623 1606 2647 esse.

983 2663 1023 2698 P.
1057 2664 1133 2696 354.
1180 2654 1226 2695 Ὦ
1266 2654 1522 2701 ἅνθρωποι,
1562 2653 1610 2691 οἵ

942 2704 1181 2751 λέγοντες]
1200 2717 1220 2739 ο
1236 2714 1330 2746 vos,
1354 2704 1429 2745 qui
1446 2701 1606 2735 dicitis

939 2761 1096 2784 rursus
1134 2750 1247 2784 bons
1286 2758 1384 2782 esse
1430 2746 1605 2780 acerba.

939 2796 980 2829 P.
999 2797 1064 2829 337
1082 2795 1128 2828 0:
1152 2786 1180 2828 ὦ
1202 2788 1339 2835 ἄνδρες
1356 2788 1395 2825 οῖ
1409 2786 1603 2835 παρόντες.
