1702 2924
472 157 718 196 GORGIAS.
750 157 793 194 P.
824 157 918 194 478.
950 157 1044 194 479.
1074 157 1133 194 ed.
1165 156 1221 194 St.
1448 158 1525 192 183

169 266 271 317 νίζει
290 266 372 319 γάρ
396 278 484 307 που
501 263 572 307 καὶ
591 263 882 318 δικαιοτέρους
900 268 1016 306 ποιεῖ
1040 264 1111 306 καὶ
1144 264 1310 317 ἰατρικὴ
1337 263 1526 317 γίγνεται

168 331 376 384 πονηρίας
414 331 443 385 ἤ
480 330 588 383 δίκη.
645 331 794 370 ΠῼΛ.
825 330 926 370 Ναί.
985 331 1087 371 ΣΩ.
1126 328 1526 384 Εὐδαιμονέστατος

167 395 246 449 μὲν
273 398 357 447 ἄρα
385 395 410 437 ὁ
439 394 497 449 μὴ
526 393 632 449 ἔχων
660 395 813 436 κακίαν
842 393 888 435 ἓν
916 400 1046 448 ψυχῇ,
1084 393 1225 448 ἐπειδὴ
1254 400 1382 435 τοῦτο
1410 391 1522 447 μέγι-

170 471 273 502 στον
303 465 390 501 τῶν
417 462 561 502 κακῶν
588 459 738 513 ἐφάνη.
798 461 945 500 ΠΩΛ.
983 463 1132 513 Δῆλον
1159 460 1224 514 δή.
1282 460 1383 500 ΣΩ.
1413 459 1523 499 Δεύ-

167 541 288 577 τερος
308 525 352 567 δὲ
372 525 512 580 δήπου
539 525 564 567 ὁ
579 525 960 578 ἀπαλλαττόμενος.
1022 525 1168 565 ΠῼΛ.
1186 521 1367 565 ’Ἐοικεν
1419 525 1521 564 ΣΩ.

173 585 311 639 Οὗτος
333 590 368 631 δ’
387 585 443 643 ἦν
471 589 496 632 ὁ
522 590 867 643 νουθετούμενός
894 605 938 630 τε
966 588 1038 630 καὶ
1068 587 1424 643 ἐπιπληττόμενος
1452 587 1522 630 καὶ

167 657 292 710 δίκην
331 655 488 703 διδούς.
547 657 696 696 ΠΩΛ.
746 655 844 696 Ναί.
902 655 1003 695 Σῼ.
1060 655 1252 695 Κάκιστα
1287 658 1371 707 ἄρα
1411 656 1459 708 ζῇ
1499 654 1522 695 ὁ

168 721 274 775 ἔχων
302 721 474 762 ἀδικίαν
502 721 572 762 καὶ
600 721 658 775 μὴ
687 721 1068 774 ἀπαλλαττόμενος.
1124 721 1272 760 ΠῼΛ.
1306 720 1520 761 Φαίνεται..

168 787 270 828 Σῼ.
325 787 501 827 Οὐκοῦν
539 779 666 834 οὗτος
703 786 902 840 τυγχάνει
941 786 1028 834 ὢν,
1081 785 1128 832 ὃς
1168 784 1223 826 ἂν
1260 784 1311 826 τὰ
1349 783 1522 839 μέγιστα

167 851 332 893 ἀδικῶν
365 849 436 893 καὶ
464 851 680 905 χρώμενος
707 851 882 905 μεγίστῃ
911 850 1054 905 ἀδικίᾳ
1082 850 1381 903 διαπράξηται,
1421 849 1522 898 ὥςτε

166 918 268 971 μήτε
304 919 610 958 νουθετεῖσθαι
647 918 750 969 μήτε
778 917 1032 966 κολάζεσθαι
1059 917 1162 969 μήτε
1190 915 1313 969 δίκην
1341 915 1520 963 διδόναι,

166 981 303 1033 ὥςπερ
325 981 379 1022 σὺ
399 977 485 1035 φῂς
513 979 736 1033 Ἀρχέλαον
763 982 1107 1033 παρεσκευάσθαι
1137 983 1208 1021 καὶ
1235 980 1337 1029 τοὺς
1364 982 1521 1028 ἄλλους

164 1048 407 1100 τυράννους
434 1046 504 1088 καὶ
533 1046 717 1100 ῥήτορας
744 1045 815 1088 καὶ
845 1047 1079 1094 ὁυνάστας;
1117 1048 1255 1087 ΠῼΛ.
1276 1042 1431 1087 ’Ἐοικε.

250 1113 356 1171 Cap.
387 1112 580 1155 XXXV.
626 1112 743 1151 2:52.
804 1111 970 1164 Σχεδὸν
1022 1112 1103 1163 γάρ
1152 1125 1239 1153 που
1289 1105 1432 1160 οὗτοι,
1487 1105 1520 1151 ὦ

164 1183 328 1232 ἄριστε,
370 1180 417 1220 τὸ
461 1174 568 1220 αὐτὸ
607 1176 969 1232 διαπεπραγμένοι
1003 1179 1104 1228 εἰσί,
1146 1178 1282 1232 ὥςπερ
1313 1178 1366 1219 ἂν
1397 1178 1520 1225 εἴτις

1554 390 1592 432 Ε

1551 919 1633 960 479

164 1248 254 1293 τοῖς
300 1244 511 1297 μεγίστοις
550 1245 757 1298 νοσήμασι
799 1244 1106 1297 συνισχόμενος
1145 1244 1421 1296 διαπράξαιτο
1460 1242 1518 1296 μὴ
1564 1292 1573 1301 ι

166 1310 331 1352 διδόναι
378 1309 503 1362 δίκην
549 1311 638 1349 τῶν
684 1307 779 1361 περὶ
824 1308 872 1350 τὸ
923 1311 1043 1362 σῶμα
1080 1309 1392 1363 ἁμαρτημάτων
1430 1311 1519 1357 τοῖς

166 1376 339 1428 ἰατροῖς,
378 1373 483 1428 μηδὲ
511 1374 795 1427 ἰατρεύεσθαι,
827 1374 1113 1427 φοβούμενος,
1144 1373 1376 1426 ώςπερανεὶ
1404 1377 1516 1422 παῖς,

233 1498 273 1529 Ε.
314 1498 475 1529 κακίαν
500 1495 547 1528 ἐν
571 1495 705 1539 ψυχῇ]
731 1497 772 1528 V.
799 1495 839 1528 ἐν
864 1500 900 1538 τῇ
915 1500 1017 1539 ψυχῇ.
1058 1497 1250 1529 Articulum
1275 1497 1416 1539 plurimi
1439 1508 1516 1530 cum

167 1543 283 1576 Clark.
307 1543 385 1574 Vat.
409 1541 515 1576 Coisl.
540 1542 628 1574 Ven.
655 1541 684 1574 Ξ
695 1541 735 1574 Σ.
760 1542 930 1574 omittunt.
965 1542 1056 1574 conf.
1081 1553 1111 1584 p.
1136 1541 1213 1574 477.
1237 1542 1277 1574 Ε.

223 1585 464 1628 ’Δεύτερος
490 1586 536 1619 δὲ
562 1585 702 1629 δήπου
728 1584 746 1617 ὀ
770 1584 859 1629 α’π.]
893 1587 987 1619 Male
1012 1598 1077 1619 om.
1102 1586 1142 1619 δὲ
1166 1587 1283 1620 Clark.
1308 1588 1386 1619 Vat.
1413 1587 1517 1619 Coisl.

166 1634 252 1665 Ven.
271 1632 310 1665 Σ.
343 1632 445 1664 Vind.
472 1631 502 1663 1.
526 1631 558 1664 2.
583 1632 613 1665 6.
639 1630 671 1664 7.
701 1633 778 1664 Par.
802 1633 1030 1664 BCEFIW.
1063 1633 1155 1664 Flor.
1181 1643 1210 1664 a.
1236 1631 1268 1664 b.
1294 1643 1322 1664 c.
1348 1633 1378 1664 d.
1405 1633 1426 1664 f.
1445 1644 1474 1664 ο.
1490 1644 1516 1664 s.

166 1679 254 1721 Aug.
286 1677 383 1709 Bodl.
416 1678 555 1709 Mearm.
612 1678 747 1719 Quippe
787 1676 826 1709 δέ
862 1677 1060 1720 absorptum
1100 1681 1151 1709 est
1181 1678 1339 1720 proxima
1370 1677 1517 1719 syllaba.

163 1725 269 1756 Recte
291 1723 398 1764 igitur
421 1722 515 1764 vulg.
541 1720 722 1764 Δεύτερος
746 1721 786 1754 δὲ
810 1720 934 1764 δήπου.

236 1769 284 1810 ζῇ
307 1765 327 1799 ὁ
354 1768 464 1809 ἔχων
488 1765 671 1799 ἀδικίαν
695 1768 766 1799 καὶ
792 1765 844 1810 μὴ
867 1765 954 1809 α’π.]
980 1766 1161 1799 Dobraeus
1182 1767 1326 1799 Advers.
1342 1768 1367 1799 1.
1394 1778 1424 1809 p.
1441 1766 1516 1800 153.

166 1812 404 1855 corrigendum
423 1816 540 1844 censet
563 1810 584 1844 ὁ
609 1813 697 1854 ἔχων
721 1814 856 1850 κακίαν,
882 1812 1046 1854 quoniam
1070 1812 1225 1854 alioquin
1250 1813 1407 1844 Socrates
1433 1824 1517 1853 προ-

165 1856 313 1899 αρπάζει
338 1855 398 1890 τὸν
420 1855 533 1900 λόγον.
581 1857 689 1890 Codd.
711 1861 849 1889 tuentur
872 1858 1059 1900 vulgatam.

231 1904 270 1935 P.
294 1901 371 1935 479.
422 1901 638 1945 νοσήμασι
670 1900 1023 1945 συνισχόμενος]
1060 1900 1292 1944 συνεχόμενος
1317 1902 1403 1934 Vcn.
1431 1902 1516 1934 ΞΣ.

166 1947 267 1980 Vind.
291 1946 323 1980 2.
348 1946 378 1980 7.
409 1947 487 1982 Par.
511 1947 576 1979 EF
586 1948 627 1979 V.
658 1947 750 1980 Flor.
774 1948 798 1979 f.
823 1958 848 1979 s.
873 1948 1013 1980 Mecrm.

162 2070 236 2091 esse
258 2059 407 2092 ostendit
429 2059 736 2102 Wyttenbach.
762 2059 805 2091 ad

163 2104 334 2137 Plutarch.
373 2103 415 2136 de
451 2105 533 2137 Sera
567 2105 669 2138 Num.
701 2104 807 2137 vind.

164 2160 196 2192 p.
219 2148 273 2183 23.

208 2195 250 2227 E.
319 2192 637 2237 διαπράξηται,
705 2193 806 2228 ὤςτε

165 2237 267 2282 μήτε
317 2239 667 2283 νουθετεῖσθαι]
723 2241 806 2271 Mox

165 2284 291 2316 omisso
324 2281 407 2318 ω”ςτε
438 2284 560 2317 dicitur
584 2282 807 2326 διαπράξαιτο

164 2328 209 2371 μὴ
241 2325 377 2361 διδόναι
408 2327 524 2372 δίκην,
562 2333 602 2362 ut
633 2330 733 2362 Polit.
762 2330 805 2361 ΙΙ.

163 2385 197 2416 p.
220 2372 298 2407 360.
322 2375 364 2406 Α.
410 2374 539 2407 Vocem
563 2373 645 2409 ὢςτε
669 2375 806 2417 saepius

164 2418 256 2459 addi,
279 2420 339 2451 ubi
362 2423 495 2460 poterat
516 2420 654 2460 abesse,
686 2420 807 2452 docue-

166 2467 247 2496 runt
270 2463 480 2496 Valckcn.
513 2463 556 2496 ad
579 2465 696 2507 Eurip.
722 2466 807 2508 Hip-

164 2509 272 2552 polyt.
303 2520 336 2541 v.
361 2507 460 2542 1327.
495 2509 735 2542 Heindorf.
764 2510 806 2542 ad

164 2553 311 2586 Phaedr.
345 2564 378 2596 p.
400 2552 479 2587 269.
504 2555 545 2586 D.
583 2554 719 2587 Sehae
732 2555 807 2587 fer.

166 2598 209 2630 ad
240 2598 399 2641 Sophocl.
432 2598 516 2631 Oed.
548 2599 622 2631 001.
650 2610 684 2631 v.
710 2598 807 2633 1350.

166 2644 208 2676 In
236 2644 402 2686 proximis
433 2642 515 2687 μήτε
546 2643 647 2687 δίκην
672 2643 808 2677 διδόναι

167 2689 215 2721 ita
247 2688 401 2729 additur,
436 2693 475 2721 ut
498 2699 675 2723 commune
698 2701 808 2733 genus

872 2070 1003 2102 poenae
1035 2059 1265 2103 significetur,
1300 2058 1518 2101 quemadmo-

873 2105 953 2137 dum
1007 2104 1093 2137 alibi
1146 2107 1206 2137 καί
1256 2105 1293 2136 in
1347 2109 1518 2147 post-remo

875 2149 1027 2182 membro
1089 2151 1382 2187 enumerationum
1436 2151 1518 2192 poni

876 2196 973 2234 solet,
998 2195 1068 2227 nisi
1092 2196 1178 2227 forte
1195 2195 1434 2238 refingendum
1449 2199 1517 2227 est:

874 2239 1518 2327 ἕέῗεεθῖἓξῖἴι.δὲἶοέἕὶέωὲἶῖιῑέἓὲἶὲ

875 2331 1116 2373 subiungitur:
1165 2330 1238 2362 und
1284 2330 1386 2362 auch
1427 2331 1519 2363 ‘nicht

877 2374 997 2418 Strafe
1023 2375 1142 2408 leiden.
1177 2376 1265 2408 conf.
1290 2375 1517 2408 Matthiae.

877 2422 936 2454 Gr.
962 2422 991 2460 ἓ.
1016 2419 1093 2453 609.

922 2465 1005 2508 Cap.
1023 2465 1165 2497 XXXV.
1192 2466 1229 2497 P.
1243 2463 1320 2498 479.
1348 2462 1388 2497 τὸ
1414 2463 1515 2498 αὐτὸ

877 2511 906 2542 δ.
932 2529 974 2534 -—
999 2508 1138 2552 ὥςπερ
1165 2508 1218 2542 ἂν
1242 2511 1286 2542 εἴ
1307 2509 1385 2553 τις]
1418 2511 1519 2542 Hanc

876 2555 1059 2587 verborum
1076 2556 1271 2587 iuncturam
1296 2555 1521 2587 illustrabunt

877 2611 964 2642 quae
1011 2602 1207 2633 notavimus
1253 2600 1296 2633 ad
1344 2600 1517 2632 Phaedon.

875 2656 909 2687 p.
924 2644 977 2678 86.
997 2646 1039 2678 A.
1063 2665 1108 2670 —
1131 2642 1381 2686 ὥςπερανεὶ
1409 2650 1517 2679 παῖς.

876 2701 907 2722 v.
934 2690 978 2722 ad
1002 2691 1147 2734 Apolog.
1172 2691 1300 2723 Socrat.
1324 2701 1355 2733 p.
1377 2689 1428 2723 17.
1454 2691 1497 2723 D.
