1722 2964
208 121 290 163 142
754 126 1055 162 PLATONIS

205 239 291 283 νῦν
314 238 366 283 δέ
383 263 442 269 --
463 236 636 296 σφόδρα
658 236 742 296 γὰρ
766 239 839 283 καὶ
861 241 962 298 περὶ
983 241 1072 285 τῶν
1093 244 1310 297 μεγίστων
1331 239 1600 300 ψευδόμενος

205 307 352 357 δοκεῖς
374 302 521 362 ἀληθῆ
545 306 704 361 λέγειν,
730 303 803 350 διὰ
825 304 962 351 ταῦτά
986 319 1036 351 σε
1061 305 1145 363 ἐγώ
1169 308 1302 363 ψέγω.

311 369 457 417 Ταῦτά
497 389 570 428 μοι
605 374 743 428 δοκεῖ,
790 365 824 416 ὦ
859 371 1053 431 Πρόδικε
1093 373 1167 417 καὶ
1209 371 1497 431 Πρωταγόρα,
1538 367 1595 432 ἦν

123 477 128 483 .
200 435 243 482 δ’
282 436 391 494 ἐγώ,
431 441 688 495 Σιμωνίδης
720 437 1029 497 διανοούμενος
1060 441 1343 496 πεποιηκέναι
1382 443 1510 486 τοῦτο
1549 439 1597 487 τὸ

118 521 129 530 ·
198 497 329 564 ᾆσμα.

300 590 403 650 Cap.
428 591 607 640 XXXII.
643 594 731 639 Καὶ
753 591 775 639 ὁ
794 592 983 650 Ἱππίας,
1010 587 1077 639 Εὖ
1098 596 1181 652 μέν
1202 614 1276 653 μοι
1299 598 1466 652 δοκεῖς,
1493 599 1594 654 ἔφη,

143 670 174 703 Β
199 651 235 704 (ὅ
258 657 508 719 Σώκρατες,
534 661 606 704 καὶ
630 657 686 705 σύ
709 661 810 718 περὶ
831 663 908 706 τοῦ
933 658 1121 720 ᾅσματος
1148 663 1478 719 διεληλυθέναι·
1505 666 1596 708 ἔστι

195 727 366 783 μέντοι,
392 731 499 784 ἔφη,
524 728 597 771 καὶ
623 727 716 784 ἐμοὶ
740 725 864 784 λόγος
888 729 988 784 περὶ
1012 725 1147 773 αὐτοῦ
1172 721 1222 773 εὖ
1246 732 1378 786 ἔχων,
1410 725 1464 774 ὃν
1486 727 1595 787 ὑμῖν

198 794 414 850 ἐπιδείξω,
447 789 503 838 ἂν
525 791 762 851 βούλησθε.
799 795 886 839 Καὶ
910 791 933 838 ὁ
953 792 1256 852 Ἀλκιβιάδης,
1282 799 1394 851 Ναί,
1426 799 1526 853 ἔφη,
1558 789 1592 840 ὦ

186 858 348 917 Ἱππία,
369 862 571 913 εἰσαῦθίς
594 873 662 917 γε·
687 863 773 906 νῦν
797 861 845 905 δὲ
869 859 1042 905 δίκαιόν
1067 863 1185 906 ἐστιν
1208 859 1235 905 ἃ
1255 860 1593 919 ὡμολογησάτην

193 925 302 985 πρὸς
342 924 516 984 ἀλλήλω
546 925 842 985 Πρωταγόρας
882 929 956 972 καὶ
990 926 1252 985 Σωκράτης,
1297 927 1592 987 Πρωταγόρας

191 992 274 1050 μὲν
298 996 340 1038 εἰ
362 996 425 1037 ἔτι
447 991 653 1050 βούλεται
677 995 859 1052 ἐρωτᾶν,
884 991 1205 1051 ἀποκρίνεσθαι
1223 993 1453 1052 Σωκράτη,
1480 999 1522 1039 εἰ
1542 995 1592 1039 δὲ

193 1056 248 1116 δὴ
270 1057 475 1116 βούλεται
500 1057 728 1118 Σωκράτει
752 1057 1096 1117 ἀποκρίνεσθαι,
1131 1062 1297 1117 ἐρωτᾶν
1326 1059 1404 1106 τὸν
1427 1063 1587 1119 ἕτερον.

190 1125 280 1171 Καὶ
305 1123 388 1183 ἐγω
414 1125 558 1171 εἶπον·
574 1123 813 1183 Ἐπιτρέπω
836 1126 917 1184 μὲν
936 1130 1073 1183 ἔγωγε
1089 1125 1362 1187 Πρωταγόρᾳ
1380 1125 1590 1185 ὁπότερον

193 1190 311 1253 αὐτῷ
341 1190 489 1250 ἥδιον·
539 1197 580 1238 εἰ
609 1194 657 1238 δὲ
689 1191 917 1251 βούλεται,
959 1195 1060 1250 περὶ
1090 1193 1172 1251 μὲν
1202 1192 1409 1252 ᾀσμάτων
1438 1211 1486 1238 τε
1517 1194 1591 1238 καὶ

188 1260 313 1304 ’ἐπι-ὄν
337 1257 549 1318 ἐάσωμεν,
574 1261 676 1318 περὶ
699 1260 748 1304 δὲ
772 1253 836 1305 ὧν
858 1259 906 1305 τὸ
929 1263 1103 1318 πρῶτον
1129 1259 1213 1317 ἐγώ
1238 1274 1287 1305 σε
1310 1258 1528 1318 ἠρώτησα,
1554 1254 1588 1305 ὦ

190 1325 479 1385 Πρωταγόρα,
505 1324 644 1383 ἡδέως
666 1323 722 1372 ἂν
746 1327 817 1371 ἐπὶ
835 1328 954 1379 τέλος
980 1331 1153 1384 ἔλθοιμι
1176 1326 1282 1384 μετὰ
1300 1329 1381 1372 σοῦ
1399 1324 1589 1372 σκοπού-

188 1410 330 1450 μενος.
380 1394 454 1437 καὶ
483 1392 567 1452 γὰρ
599 1397 724 1438 δοκεῖ
749 1411 824 1451 μοι
854 1391 902 1438 τὸ
926 1394 1027 1451 περὶ
1059 1391 1274 1450 ποιήσεως
1306 1394 1590 1450 διαλέγεσθαι

187 1457 442 1517 ὁμοιότατον
481 1459 595 1505 εἶναι
633 1470 723 1512 τοῖς
755 1463 1014 1517 συμποσίοις
1051 1470 1141 1512 τοῖς
1176 1462 1265 1504 τῶν
1294 1458 1479 1517 φαύλων
1516 1461 1590 1504 καὶ

188 1523 411 1585 ἀγοραίων
433 1522 699 1584 ἀνθρώπων.
738 1527 811 1571 καὶ
842 1525 924 1584 γὰρ
948 1519 1068 1571 οὗτοι
1108 1524 1182 1570 διὰ
1205 1525 1252 1570 τὸ
1274 1525 1335 1583 μὴ
1366 1525 1588 1571 δύνασθαι

277 1677 367 1720 Cap.
384 1678 534 1711 XXXII.
566 1678 607 1712 P.
628 1679 704 1710 347.
743 1677 783 1713 C.
807 1675 883 1710 καὶ
905 1673 988 1720 γὰρ
1013 1676 1147 1710 δοκεῖ
1166 1675 1263 1719 μοι]
1294 1677 1416 1710 Verba
1439 1671 1481 1709 τὸ
1502 1675 1589 1718 περὶ

185 1718 371 1766 ποιήσεως
386 1740 430 1746 -
447 1719 552 1756 οἶνον
567 1721 680 1755 πίωσι
698 1722 824 1754 laudat
838 1722 1048 1755 Athenaeus
1056 1722 1121 1755 111.
1138 1732 1174 1764 p.
1188 1723 1285 1759 97A,
1310 1722 1371 1763 qui
1393 1721 1587 1754 articulum

186 1766 262 1801 τῶν
278 1771 363 1800 ante
382 1762 502 1810 λόγων
518 1767 592 1801 τῶν
609 1761 755 1800 ἕαυτῶν
770 1767 902 1800 omisit.

227 1877 270 1912 P.
294 1879 370 1911 347.
403 1877 485 1911 νῦν
516 1875 565 1910 δέ
597 1896 639 1901 —-
670 1872 852 1919 σφόδρα

183 1917 267 1965 γὰρ
296 1920 374 1955 καὶ
404 1920 463 1966 π.]
503 1922 596 1954 Post
624 1921 696 1955 νῦν
723 1919 765 1954 δέ
797 1923 852 1954 in-

181 1966 332 2008 telligas
364 1961 434 2010 ⁰²32!
461 1961 579 2004 οὕτως
612 1963 687 2010 ἔχει
718 1966 779 1999 vel
811 1975 851 1998 σε

181 2007 299 2054 ψέγω.
342 2011 416 2045 vid.
449 2011 496 2043 ad
526 2010 676 2053 Apolog.
710 2011 853 2045 Socrat.

181 2065 217 2098 p.
234 2057 278 2088 38
293 2055 335 2087 B.
358 2056 423 2088 ubi
438 2055 535 2087 hanc
553 2056 786 2097 aposiopesin
808 2055 853 2087 il·

179 2098 427 2132 lustravimus.
449 2135 454 2139 ·
480 2099 592 2131 Pleno
626 2099 735 2133 Iliad.
770 2099 852 2140 x11,

180 2154 214 2177 v.
232 2145 298 2177 326
357 2153 391 2186 q.
414 2143 534 2176 Stallb.

228 2154 492 2231 eapquxxu.
519 2187 561 2222 B.
578 2182 726 2220 καὶσὺ
742 2185 851 2229 περὶ

180 2232 260 2266 τοῦ
284 2226 402 2278 ᾄσμ.]
437 2232 518 2265 Hoc
538 2230 610 2264 καί
633 2232 773 2264 referas
803 2232 849 2263 ad

178 2278 359 2320 proxima:
397 2273 476 2310 ἔστι
507 2273 636 2319 μέντοι
666 2273 734 2308 καὶ
765 2269 848 2319 ἐμοὶ

180 2316 303 2365 λόγος.
356 2321 460 2354 Dicit
497 2323 618 2354 autem
655 2320 747 2353 haec
775 2330 848 2352 non

177 2366 258 2399 sine
295 2375 384 2398 suae
415 2366 622 2408 sapientiae
653 2364 847 2397 iactantia.

177 2409 288 2453 Hipp.
312 2410 341 2443 Ι.
365 2420 403 2452 p.
425 2411 491 2442 286
508 2410 555 2442 A:
589 2405 667 2442 ἔστι
690 2403 760 2453 γάρ
773 2419 847 2459 μοι

182 2452 293 2498 (περὶ
338 2448 647 2496 ἐπιτηδευμάτων
689 2451 847 2529 καλωνέ

177 2493 492 2551 πάγκαλος-’λόγος
509 2498 764 2542 συγκείμενος,
781 2508 828 2530 κα

178 2536 311 2597 ᾅλλοις
336 2553 378 2576 ευ
408 2541 649 2586 διακείμενος
677 2540 744 2575 καὶ
767 2543 847 2580 τοῖς

177 2597 244 2622 ovo
273 2597 350 2622 ασι.

256 2630 392 2675 ,περὶ
416 2649 457 2656 —-
481 2626 599 2666 ἒπῶν
622 2625 844 2674 ἐάσωμεν]

178 2686 231 2709 se.
249 2678 384 2720 λέγειν.
401 2687 435 2710 v.
454 2675 672 2711 Stallbaum.
690 2675 736 2708 ad
750 2674 849 2708 Alci-

178 2721 276 2755 biad.
295 2723 324 2755 1.
341 2733 376 2764 p.
396 2723 460 2754 113
475 2721 520 2754 D.

224 2761 403 2809 καὶγὰρ
419 2765 640 2807 δοκεῖμοι
657 2762 715 2807 —]
739 2763 850 2797 Acer-

177 2810 261 2843 bam
292 2810 386 2844 haee
425 2812 504 2844 tota
534 2809 653 2842 oratio
685 2809 851 2842 continet

918 1877 1120 1909 irrisionem
1134 1876 1388 1919 sophistarum,
1397 1876 1469 1918 qui,
1478 1885 1587 1917 quum

920 1922 990 1963 ipsi
1021 1925 1187 1954 carerent
1216 1921 1353 1963 ingenii
1380 1920 1588 1952 doctrinae-

920 1976 990 2007 que
1003 1966 1145 2008 opibuS,
1161 1969 1349 2008 poetarum
1366 1964 1587 1997 carminibus

918 2010 1118 2042 recitandis
1142 2013 1179 2042 et
1198 2008 1480 2052 interpretandis
1496 2011 1586 2041 tem·

919 2065 987 2097 pus
1009 2054 1277 2097 transigebant,
1305 2052 1451 2086 mirifice
1477 2062 1588 2086 aueu-

919 2101 1051 2142 pantes
1073 2099 1278 2140 sapientiae
1307 2097 1466 2130 laudem.
1510 2097 1585 2129 Itu-

918 2152 988 2185 que
1034 2142 1132 2175 salse
1173 2153 1234 2175 eos
1280 2144 1466 2184 comparat
1505 2150 1586 2173 cum

917 2187 1124 2220 hominibus
1157 2186 1369 2219 eruditionis
1396 2185 1583 2218 liberalio-

915 2233 966 2264 ris
984 2231 1211 2274 expertibus,
1236 2231 1315 2272 qni,
1339 2240 1447 2272 quum
1464 2238 1583 2271 neque

916 2275 1150 2308 familiariter
1172 2277 1268 2308 inter
1283 2285 1322 2307 se
1345 2273 1506 2315 colloqui
1521 2283 1583 2306 ne-

916 2329 985 2363 que
1009 2330 1142 2353 canere
1165 2319 1376 2357 didicerint,
1407 2318 1582 2351 tibicinas

916 2368 953 2398 et
983 2364 1196 2398 saltatrices
1225 2363 1403 2397 conviviis
1432 2361 1582 2395 adhibe-

916 2412 995 2450 ant,
1013 2410 1165 2441 istarum
1182 2409 1323 2442 artibus
1340 2407 1483 2440 seilicet
1498 2414 1580 2438 sese

914 2454 1084 2496 gnaviter
1121 2453 1351 2487 delectaturi.
1389 2467 1434 2475 —-
1470 2443 1554 2493 ἆγο
1566 2467 1580 2472 -

916 2500 1045 2541 ραῖοι
1083 2501 1168 2530 sunt
1203 2495 1429 2539 Hesychia
1466 2494 1580 2543 inter-

914 2546 1018 2585 prete
1041 2537 1081 2575 οῖ
1095 2536 1136 2575 ἐν
1157 2536 1278 2586 ἀγορᾷ
1300 2535 1580 2581 α’ναστρεφομε·

917 2596 990 2620 νοι.
1022 2587 1173 2619 Horat.
1195 2587 1237 2619 A.
1254 2587 1296 2619 P.
1317 2594 1352 2619 v.
1369 2584 1446 2617 245.
1469 2585 1581 2615 vocat

916 2631 1131 2664 forenses.
1183 2631 1230 2664 H.
1261 2629 1287 2662 l.
1325 2627 1580 2670 intelliguntur

916 2675 1115 2708 homines
1144 2674 1275 2707 rudes
1296 2675 1340 2707 et
1366 2671 1580 2704 illibera-

915 2720 997 2752 les.
1015 2737 1055 2742 —
1080 2713 1142 2752 δι’
1161 2713 1335 2752 ἕαυτῶν
1349 2718 1576 2749 συνεῖναι.

917 2763 1003 2797 Mox
1018 2765 1050 2805 ἓ.
1065 2763 1112 2798 D.
1135 2763 1268 2795 dicitur
1286 2755 1429 2799 αὖτοὺς
1444 2754 1577 2797 αὑτοῖς

918 2803 1074 2848 ἴκανοῦς
1089 2800 1204 2846 ὄντας
1219 2808 1403 2841 συνεῖναι.
1423 2803 1540 2838 seam».
