1682 2944
283 215 333 249 56
744 208 1135 249 PROLEGOMENA

282 324 450 370 tempore
479 320 603 370 operis
631 320 742 358 modo
769 320 986 370 expositum
1022 324 1101 367 est;
1139 321 1264 370 placet
1290 320 1408 369 igitur
1435 323 1611 360 aet-edere

281 376 398 415 etiam
417 377 463 413 ad
484 389 567 414 eam
585 375 858 427 quaestionem,
889 388 987 427 quae
1004 376 1173 426 pertinet
1198 377 1245 414 ad
1264 380 1444 427 tempora,
1472 378 1611 429 quibus

282 431 473 479 dialogum
509 430 684 469 habitum
730 430 824 480 fingi
862 431 1055 479 probabile
1091 431 1279 470 videatur.
1354 432 1483 471 Habet
1517 445 1609 471 vero

282 488 376 525 haee
404 490 444 524 et
469 486 553 535 ipsa
577 485 788 535 singulares
816 487 999 537 quasdam
1025 486 1287 534 difficultates,
1323 492 1430 538 quae'
1449 488 1512 527 vel
1540 501 1612 526 nu·

282 541 456 592 perr-imis
483 541 571 580 libri
606 541 877 591 interpretibus
913 541 1019 580 visae
1056 546 1147 581 sunt
1186 543 1279 580 adeo
1317 542 1611 590 inextricabiles,

283 601 328 636 ut
354 597 525 648 plerique
554 610 684 635 omnes
701 610 783 635 rem
809 597 852 634 in
879 597 1003 635 medio
1021 597 1235 648 relinquere
1253 598 1463 636 consultius
1490 598 1610 637 duxe-

282 653 372 699 rint,
402 665 517 703 quam
544 652 729 690 curiosius
747 653 794 690 de
824 665 869 690 ea
896 665 1086 702 exponere
1106 658 1175 691 aut
1201 653 1295 691 certi
1319 653 1412 704 quid
1431 657 1611 692 statuere.

285 708 542 746 Nihilominus
578 708 779 759 exquirere
816 708 1054 754 conabimur,
1096 721 1189 746 num
1225 721 1303 759 qua
1340 709 1388 746 ad
1425 708 1612 760 liquidum

284 764 440 813 perduci
467 767 583 815 queat
609 764 711 815 quod
739 763 863 801 adhuc
890 763 931 800 in
959 763 1073 801 dubio
1101 767 1142 802 et
1166 764 1310 802 incerto
1340 764 1514 803 relictum
1541 771 1611 811 est,

285 832 405 870 eoque
433 819 542 856 modo
570 818 755 868 experiri,
794 832 888 856 num
913 819 986 856 hac
1013 831 1163 870 quoque
1199 831 1312 869 opera
1347 823 1478 858 nostra
1504 833 1611 869 prae·

285 874 518 913 stantissimo
546 874 708 912 sermoni
729 874 872 925 aliquid
890 874 986 912 lucis
1006 875 1206 913 admovere
1226 874 1423 924 possimus.
1459 875 1612 914 Tracta-

285 930 410 968 bimus
437 933 566 968 autem
592 930 692 967 hanc
720 929 918 968 materiam
945 930 1015 967 hoe
1034 930 1176 976 ordine,
1206 934 1251 969 ut
1278 931 1442 979 primum
1460 931 1613 981 quidem

284 986 411 1023 varias
439 998 483 1023 ac
508 985 678 1023 diversas
713 985 927 1023 criticorum
964 985 1011 1022 de
1048 999 1089 1024 re
1126 990 1369 1025 controversa
1404 987 1613 1025 sententias

284 1040 415 1090 paucis
442 1053 715 1103 proponamus,
753 1040 889 1078 deinde
925 1040 1035 1089 signa
1062 1045 1102 1079 et
1128 1041 1268 1079 indicia
1295 1045 1507 1091 temporum
1533 1042 1614 1080 dia-

285 1097 370 1144 logo
397 1095 471 1145 ipsi
497 1096 681 1145 impressa
711 1096 929 1145 colligamus
957 1109 1162 1148 eorumque
1189 1101 1364 1135 notemus
1389 1097 1612 1160 discrepan-

285 1152 389 1197 tiam,
429 1155 618 1201 postremo
649 1156 777 1190 autem
804 1151 1064 1201 dispiciamus,
1094 1165 1187 1190 num
1214 1165 1311 1203 quae
1340 1152 1461 1202 prima
1488 1153 1613 1202 specie

285 1207 450 1245 maxime
478 1207 579 1246 inter
605 1207 688 1256 ipsa
714 1219 883 1256 pugnare
912 1207 1111 1254 videntur,
1152 1220 1198 1245 ea
1226 1208 1326 1246 inter
1353 1221 1393 1246 se
1422 1208 1612 1246 conciliari

286 1265 326 1300 et
353 1263 401 1300 ad
429 1275 545 1300 unam
572 1263 762 1312 quandam
789 1266 1002 1311 temporum
1028 1263 1187 1301 formam
1215 1267 1255 1301 et
1273 1263 1487 1311 imaginem,
1515 1276 1614 1314 quae

286 1318 502 1367 philosophi
540 1318 664 1355 animo
702 1317 753 1355 sit
789 1318 1010 1363 obversata,
1048 1318 1180 1356 referri
1216 1324 1371 1369 queant.
1435 1318 1544 1359 Quod
1582 1319 1613 1356 si

287 1374 478 1411 commode
505 1372 588 1411 fieri
618 1373 776 1422 poterit,
814 1377 916 1411 certe
944 1373 1060 1411 etiam
1096 1378 1245 1423 tempus
1272 1374 1367 1424 illud
1394 1373 1614 1422 indagatum

288 1442 371 1467 esse
398 1428 527 1478 putari
564 1428 710 1474 licebit,
747 1441 822 1478 quo
860 1441 982 1466 sermo
1019 1429 1172 1467 habitus
1208 1429 1301 1478 fingi
1339 1429 1615 1467 existimandus

289 1484 351 1530 sit,
378 1483 602 1533 praesertim
629 1483 661 1521 si
690 1483 805 1521 etiam
832 1483 1001 1522 universi
1036 1484 1123 1522 libri
1152 1497 1337 1523 summam
1374 1484 1409 1522 ei
1437 1485 1504 1522 uni
1532 1498 1614 1524 esse

289 1539 576 1578 convenientem
604 1539 904 1577 demonstratum
931 1539 1058 1577 fuerit.

270 1639 273 1643 ,
369 1596 506 1646 Itaque
534 1594 700 1644 primum
729 1594 883 1645 quidem
909 1594 974 1632 ubi
1003 1594 1231 1646 quaerimus,
1261 1594 1354 1645 quid
1381 1594 1469 1633 libri
1497 1595 1615 1634 inter-

285 1654 411 1700 pretes
440 1654 555 1701 atque
593 1649 714 1688 critici
752 1650 799 1687 de
837 1654 1005 1699 tempore
1032 1650 1301 1696 iudicaverint,
1340 1663 1415 1701 quo
1442 1650 1615 1699 dialogus

286 1710 501 1756 peroretur,
538 1709 673 1753 regnat
700 1718 791 1743 sane
818 1705 986 1743 maxima
1014 1718 1059 1743 ea
1093 1706 1141 1743 de
1166 1718 1210 1743 re
1238 1705 1512 1744 sententiarum
1540 1707 1615 1744 dis-

287 1761 499 1811 crepantia,
538 1760 846 1812 quandoquidem
874 1760 938 1798 alii
966 1774 1055 1799 eum
1083 1761 1181 1799 cirea
1198 1761 1288 1799 belli
1307 1761 1614 1811 Peloponnesiaci

285 1816 399 1855 initia
425 1816 599 1855 habitum
627 1828 710 1854 esse
738 1816 961 1862 voluerunt,
992 1816 1056 1854 alii
1084 1829 1172 1854 eum
1199 1817 1433 1855 rettulerunt
1458 1818 1539 1855 fere
1567 1818 1615 1855 ad

286 1872 391 1910 illius
420 1872 578 1919 exitum,
606 1871 769 1922 denique
789 1871 904 1910 etjam
923 1871 1155 1910 exstiterunt
1181 1871 1248 1923 qui
1266 1871 1301 1910 ei
1321 1872 1489 1910 medinm
1515 1872 1617 1911 inter

285 1931 491 1978 uta-umque
519 1931 669 1976 tempus
703 1927 909 1965 terminum
933 1927 1182 1975 assignarent.
1228 1928 1328 1965 Nam
1355 1929 1616 1976 Augustus

286 1983 440 2034 quidem
485 1982 768 2020 Boeekhius
816 1982 857 2020 in
904 1995 1064 2021 censura
1107 1982 1284 2022 editionis
1319 1983 1614 2022 Heindorfianae

285 2038 427 2076 Diariis
463 2037 642 2076 Litterar.
679 2037 905 2076 Ienensibus
943 2038 1032 2075 anni
1076 2040 1192 2076 1808.
1229 2038 1295 2076 fol.
1337 2039 1424 2076 176.
1470 2037 1616 2077 inserta

286 2106 496 2132 sermonem
523 2094 641 2132 refert
667 2094 716 2131 ad
743 2093 903 2142 primam
931 2093 1092 2141 Gorgiae
1119 2093 1348 2141 legationem
1375 2093 1524 2143 Olymp.
1550 2097 1614 2132 88.

287 2162 320 2186 a.
350 2152 386 2187 2.
424 2162 477 2183 =
515 2150 593 2186 427
635 2161 668 2186 a.
703 2148 791 2186 Chr.
830 2161 866 2186 n.
904 2148 1013 2187 iussu
1047 2148 1339 2195 Leontinorum,
1375 2149 1613 2198 popularium

287 2217 458 2250 suorum,
496 2204 670 2242 Athenas
703 2208 928 2253 susceptam.
984 2203 1055 2242 Oui
1092 2204 1303 2243 sententiae
1340 2217 1463 2254 nuper
1498 2204 1614 2243 etiam

287 2260 577 2310 Sybrandus
614 2258 673 2296 De
710 2259 851 2307 Gorgia
887 2259 984 2297 Plat.
1019 2272 1055 2308 p.
1086 2263 1110 2297 4
1146 2272 1264 2310 seqq„
1301 2260 1614 2308 Voegelinus

287 2317 374 2354 Act.
402 2315 536 2353 Societ.
575 2314 705 2353 Graec.
734 2314 836 2364 Lips.
865 2314 907 2352 Τ.
927 2314 959 2352 Ι.
988 2314 1096 2352 Fasc.
1127 2315 1195 2352 lv.
1224 2328 1260 2364 p.
1292 2318 1370 2353 234
1398 2327 1503 2366 seqq.
1530 2314 1613 2352 alii-

287 2383 363 2422 que
391 2371 447 2409 ita
473 2370 672 2418 suffragati
700 2374 801 2416 sunt,
830 2374 874 2408 ut
901 2382 985 2408 eam
1014 2370 1107 2408 adeo
1133 2370 1289 2415 uberius
1316 2370 1506 2409 illustrare
1534 2374 1614 2409 stu-

285 2426 449 2464 duerint.
523 2426 604 2463 Nec
641 2429 770 2464 tamen
807 2437 854 2463 ea
893 2424 991 2464 ratio
1037 2425 1150 2474 plane
1187 2427 1346 2475 probata
1380 2429 1440 2464 est
1475 2425 1614 2464 criticis

285 2481 569 2520 recentioribus.
626 2480 725 2519 Nam
752 2481 852 2519 Car.
881 2480 1035 2532 quidem
1064 2481 1396 2520 Steinhartus
1421 2493 1545 2530 nuper
1571 2481 1611 2519 in

284 2537 456 2586 Prolegg.
484 2536 788 2585 interpretationi
826 2535 921 2586 Opp.
950 2536 1046 2575 Plat.
1075 2536 1320 2575 Germanicae
1346 2537 1395 2574 ab
1422 2535 1612 2574 Hieron.

284 2593 362 2632 Mu
377 2593 505 2630 llero
540 2591 663 2629 factae
691 2591 906 2641 praemissis
934 2591 1017 2630 vol.
1045 2592 1099 2629 IL
1133 2605 1170 2641 p.
1201 2594 1314 2639 398„
1351 2590 1423 2630 etsi
1461 2591 1613 2629 omnino

286 2649 332 2686 de
361 2647 481 2698 primo
507 2647 573 2685 illo
592 2646 754 2695 Gorgiae
781 2647 823 2685 in
841 2647 1038 2685 Graeciam
1066 2647 1236 2687 adventu
1263 2646 1505 2695 cogitandum
1529 2659 1612 2685 esse

285 2703 462 2753 largitur,
501 2708 628 2744 tamen
665 2702 747 2742 fieri
785 2702 878 2742 item
910 2715 1020 2754 posse
1048 2703 1215 2753 censuit,
1253 2706 1299 2746 ut
1324 2702 1612 2752 intelligendum
