1676 2938
380 170 623 210 GORGIAS.
652 170 697 208 P.
729 172 822 208 526.
854 167 947 207 527.
976 168 1036 208 ed.
1067 168 1125 207 St.
1350 169 1429 204 343

78 281 180 331 τοὺς
218 282 375 330 ἄλλους
412 281 576 329 πάντας
613 274 899 332 ἀνθρώπους,
951 270 1048 320 καθ’
1089 272 1194 318 ὅσον
1233 275 1431 330 δύναμαι,

37 357 40 360 “
80 345 152 389 καὶ
191 346 244 400 δὴ
280 344 352 388 καὶ
389 345 434 387 σὲ
472 346 801 398 α’ντιπαρακαλτὸ
838 341 906 386 ἐπὶ
941 349 1097 385 τοῦτον
1131 343 1208 384 τὸν
1236 341 1334 394 βίον
1361 339 1433 382 καὶ

81 412 159 454 τὸν
197 413 345 465 ἀγῶνα
381 415 559 461 τοῦτον,
598 407 651 452 ὃν
680 405 764 464 ἐγώ
792 425 902 464 φημι
929 408 1025 451 ἀντὶ
1052 409 1228 450 πάντων
1253 409 1340 450 τῶν
1369 405 1432 448 ἐν-

80 478 196 519 θάθε
235 473 418 531 α’γτόνων
456 472 589 526 εἶναι,
630 476 700 517 καὶ
731 474 920 526 ὀνειδίζω
949 485 1039 527 σοι,
1082 470 1147 516 ὅτι
1173 473 1253 527 οὐχ
1281 468 1372 522 οἷός
1399 468 1432 513 τ’

81 540 164 584 ἔσει
201 544 344 599 σαυτῷ
381 542 618 596 βοηθῆσαι,
659 537 765 583 ὅταν
802 541 831 595 ή
867 541 963 595 δίκη
991 550 1059 583 σοι
1086 537 1115 593 ’ᾖ
1143 538 1215 581 καὶ
1241 539 1271 594 ἦ
1298 538 1434 593 κρίσις

80 609 136 663 ἢν
163 611 248 650 νῦν
275 606 327 662 δὴ
358 605 440 661 ἐγὼ
469 604 636 660 ἔλεγον,
675 606 781 648 ἀλλὰ
809 605 950 648 ἐλθὼν
979 605 1094 660 παρὰ
1121 606 1199 646 τὸν
1228 603 1433 658 δικαστὴν

80 675 157 715 τὸν
193 679 267 727 τῆς
304 672 483 727 Αἰγίνης
519 672 639 723 υἱόν,
661 665 853 713 ’ἐπειδάν
891 682 972 731 σου
1001 671 1308 725 ἐπιλαβόμενος
1335 672 1433 725 ἄγῃ,

80 739 282 793 χασμήσει
315 737 387 779 καὶ
424 738 667 792 ἰλιγγιάσεις
706 737 834 779 οὐδὲν
871 731 1002 793 ἧττον
1029 737 1056 791 ἢ
1086 735 1168 790 ἐγὼ
1197 735 1352 778 ἐνθάδε
1380 735 1435 777 σὺ

82 803 188 854 ἐκεῖ,
231 804 304 846 καί
341 813 387 845 σε
423 803 525 853 ἴσως
562 804 763 858 τυπτήσει
799 819 862 854 τις
897 803 969 846 καὶ
997 802 1065 845 ἐπὶ
1092 801 1250 857 κόρῤης
1278 802 1435 857 α’τίμως

81 869 152 910 καὶ
178 869 348 918 πάντως
375 871 667 924 προπηλακιεῖ.

147 1027 187 1059 Ε.
235 1027 307 1059 καὶ
340 1026 386 1060 σὲ
417 1023 634 1070 α’ντιπαρ.]
669 1026 711 1060 V.
735 1029 796 1059 καί
818 1035 874 1064 σε,

905 1025 998 1068 quod
1022 1023 1202 1058 Heindorf.
1226 1024 1433 1057 emendavit.

79 1073 172 1104 Dein
202 1072 296 1106 solus
326 1072 536 1116 Stephanus,
568 1082 697 1114 errore,
726 1076 767 1104 ut
795 1071 948 1113 videtur,
979 1070 1086 1104 edidit
1116 1069 1173 1104 ἐπὶ
1206 1068 1340 1103 τούτων
1373 1067 1434 1102 τὸν

79 1117 173 1161 βίον.

149 1209 187 1241 Ρ.
211 1206 288 1243 527.
337 1206 545 1251 τνπτήσει
577 1219 636 1242 τις
670 1207 739 1239 καὶ
772 1205 844 1239 ἐπὶ
878 1203 1064 1250 κόῤῥης]
1090 1208 1167 1246 καί,
1192 1206 1285 1249 quod
1313 1205 1433 1239 aberat

82 1254 199 1296 vulgo,
223 1253 378 1286 additum
401 1258 453 1286 est
476 1264 520 1286 ex
545 1251 663 1286 Clark.
686 1253 764 1287 Vat.
781 1252 888 1286 Coisl.
905 1253 981 1286 Par.
1006 1252 1072 1286 BC
1084 1253 1214 1286 EFIV
1227 1252 1283 1287 W.
1308 1263 1434 1286 novem

82 1299 193 1332 Florr.
215 1298 313 1332 Bodl.
338 1299 369 1332 1.
398 1298 525 1332 Euseb.

83 1467 115 1491 v.
147 1456 191 1489 ad
213 1456 387 1489 Phaedon.
413 1467 446 1499 p.
471 1455 524 1490 65.
549 1455 590 1489 A.
637 1457 722 1489 Mox

83 1512 144 1544 pro
182 1499 242 1544 τὴν
278 1499 446 1546 ἀλήθειαν
484 1505 621 1534 σκοπῶν
651 1502 722 1535 Co-

83 1547 208 1580 betus
247 1548 283 1580 in
315 1548 424 1580 Novis
454 1547 547 1582 lectt.
580 1558 613 1590 p.
644 1547 722 1581 629.

83 1593 254 1626 coniectat
278 1590 336 1636 τὴν
358 1590 529 1636 ἀλήθειαν
554 1590 683 1626 ἀσκῶν.

128 1680 203 1726 τὴν
226 1680 441 1740 ἀλήθειαν
468 1683 605 1739 σκοπ.]
632 1683 723 1725 Quid

82 1739 175 1761 nunc
190 1729 404 1772 intelligatur
417 1726 574 1773 ἀλήθεια,
599 1729 724 1762 docent

83 1774 167 1806 satis
205 1776 380 1829 superiora
420 1775 502 1808 illa:
544 1773 658 1807 ἐνίοτε
692 1773 722 1807 δ’

85 1816 190 1861 ἄλλην
213 1817 352 1876 ε7ίςιδών
376 1818 484 1855 ὀσιως
507 1820 723 1863 βεβιωκυῐαν

84 1865 140 1896 καὶ
165 1862 234 1904 μετ’
259 1861 425 1908 ἀληθειας
450 1878 478 1898 κ.
504 1878 528 1898 τ.
554 1866 581 1897 λ..

127 1932 168 1964 Ε.
216 1928 567 1974 ἀντιπαρακαλῶ
600 1931 671 1965 ἐπὶ
697 1945 721 1965 τ.

84 1976 190 2020 τηβ]
215 1978 420 2010 vicissim
441 1982 480 2011 te
505 1978 724 2011 cohortor.

85 2023 238 2075 Respicit
268 2022 312 2055 ad
337 2023 400 2055 illa
422 2034 454 2066 Ρ.
478 2023 556 2057 521.
580 2024 629 2056 A:
667 2022 722 2056 ἐπὶ

85 2068 237 2110 ποτέραν
267 2062 335 2100 οὖν
365 2079 406 2108 με
430 2070 639 2110 παρακαλεῖς
663 2066 725 2112 τὴν

84 2113 283 2154 θεραπείαν
307 2117 363 2156 τῆς
387 2112 520 2149 πόλεως
544 2127 574 2147 κ.
592 2127 617 2147 τ.
639 2115 665 2147 2..
691 2119 725 2148 et

85 2168 117 2200 p.
142 2158 217 2193 486.
242 2159 284 2191 A.
308 2169 401 2202 seqq.

132 2226 200 2258 καὶ
224 2223 437 2268 ὀνειδίζω
464 2237 530 2260 σοι
548 2226 612 2271 -]
644 2228 723 2260 Per-

85 2272 224 2314 stringit
256 2272 346 2304 inter
373 2272 444 2304 alia
473 2273 535 2306 illa
567 2272 725 2306 Calliclis

86 2327 117 2358 p.
142 2316 219 2352 486,
236 2318 284 2348 A.
309 2316 347 2348 εἴ
367 2329 414 2351 τις
440 2322 505 2350 σοῦ
527 2316 720 2373 laflo'gtevos·

87 2360 108 2405 ἢ
138 2359 241 2394 ἄλλον
272 2359 425 2395 ὁτουοῦν
456 2363 524 2395 τῶν
558 2363 724 2396 τοιούτων

86 2406 140 2441 εἰς
186 2405 222 2440 τὸ
260 2406 500 2462 δεσμωτήριον
538 2406 722 2464 ἀπαγάγοι,

87 2450 235 2507 φάσκων
248 2449 384 2485 ἀδικεῖν
384 2453 511 2506 μηδὲν
526 2451 724 2494 ἀδικοῦντα,

87 2492 196 2535 οἶσθ’,
223 2496 272 2530 ὅτι
292 2495 357 2530 οὐκ
378 2495 423 2530 ἂν
442 2498 568 2540 ἔχοις”
549 2512 568 2532 ο
592 2512 620 2533 τι
642 2512 723 2542 χρ-

89 2552 163 2575 σαιο
198 2545 327 2586 σαυτῷ,
368 2540 436 2576 ἀλλ’
475 2543 645 2588 ἰλιγγιῷης
679 2558 725 2579 αν

86 2589 143 2620 καὶ
178 2591 316 2642 χασμῷο
353 2586 418 2622 οὐκ
450 2589 536 2631 ἔχων
565 2589 587 2623 ὅ
617 2603 644 2623 τι
674 2591 724 2623 εἴ·

88 2644 171 2666 ποις·
179 2652 234 2666 —.
260 2632 320 2667 τὸν
343 2637 500 2667 τοιοῦτον
523 2653 568 2660 -·
591 2636 725 2677 ἔξεστιν

87 2676 143 2755 ἐπὶ
174 2676 305 2722 κόρρης
329 2680 497 2712 τύπτοντα
520 2678 566 2725 μὴ
591 2680 725 2714 διδόναι

113 2734 200 2765 ικην.

550 1298 756 1332 Theodoret.

836 1453 910 1488 τὸν
951 1459 1022 1500 τῆς
1067 1455 1265 1499 Αἰγίνης
1307 1454 1433 1510 υἱόν]

791 1500 1146 1544 olympiodorus:
1161 1501 1360 1557 προςέθηκε
1374 1500 1436 1545 τὴν

795 1547 966 1602 Αἴγειναν
981 1548 1071 1590 (sic),
1095 1545 1239 1592 ἐπειδὴ
1231 1548 1288 1580 καὶ
1306 1544 1325 1581 ὁ
1343 1548 1435 1581 Κ-αλ

791 1593 903 1636 λικλῆς
926 1590 994 1626 ἀπὸ
1023 1593 1192 1636 Αίγείνης
1216 1593 1272 1637 η’ν.

834 1683 874 1715 P.
898 1681 975 1718 527.
1023 1682 1237 1726 τυπτήσει
1275 1695 1336 1718 τις
1369 1682 1431 1726 -]

791 1729 908 1762 Attica
937 1729 1044 1761 futuri
1070 1729 1190 1762 forma.
1220 1729 1290 1761 vid.
1314 1729 1434 1761 Pier-

791 1784 878 1807 son.
915 1774 959 1806 ad
995 1775 1103 1807 Moer.
1163 1773 1281 1809 ..373
1335 1773 1435 1806 Alias

791 1820 893 1852 etiam
928 1820 1054 1852 formas
1090 1831 1111 1852 a
1147 1819 1278 1852 τυπτέω
1313 1819 1435 1852 ductas

791 1865 931 1907 collegit
953 1866 982 1898 L
996 1865 1147 1898 obeck.
1178 1865 1223 1898 ad
1245 1864 1435 1918 Phrynich.

791 1921 823 1952 p.
849 1908 925 1943 764.
955 1929 1000 1934 -
1033 1911 1117 1943 Mox
1141 1910 1247 1944 verba
1271 1909 1327 1942 ἐπὶ
1352 1906 1434 1951 κόῤ-

795 1953 857 1998 ῥης
881 1956 1149 1989 Heindorfio
1181 1957 1352 1989 immerito
1378 1965 1435 1988 su-

793 2004 908 2043 specta
931 2001 1078 2034 fuerunt.
1125 2001 1296 2044 Loquitur
1315 2001 1434 2034 Socra-

791 2050 844 2078 tes
885 2046 1003 2079 durius
1041 2058 1143 2090 quam
1176 2058 1237 2090 pro
1269 2051 1436 2080 consueta

791 2091 1016 2134 humanitate,
1044 2094 1125 2135 quia
1149 2092 1286 2126 Callicli
1309 2093 1436 2136 regerit

793 2147 882 2179 quae
898 2138 958 2171 ille
973 2149 1005 2181 p.
1019 2137 1095 2172 486.
1110 2138 1153 2171 al.
1172 2140 1208 2171 in
1227 2139 1341 2182 ipsum
1356 2149 1436 2171 con-

791 2187 956 2226 gesserat.
1000 2184 1194 2217 Violentior
1231 2183 1435 2217 Heindorfio

793 2228 960 2261 Cobetu
971 2240 987 2262 s
1005 2234 1058 2262 est
1073 2231 1171 2262 Varr.
1187 2229 1280 2263 lectt.
1296 2240 1328 2272 p.
1344 2227 1434 2270 334„

793 2275 852 2316 qui
897 2275 1004 2308 eiecto
1054 2275 1110 2307 καὶ
1153 2275 1257 2307 etiam
1305 2272 1435 2314 ἀτίμως

792 2319 1019 2352 omittendum
1043 2325 1179 2360 censet,
1216 2320 1306 2363 quod
1335 2323 1435 2362 putat

792 2375 813 2397 a
832 2365 988 2406 quolibet
1006 2366 1136 2398 factum
1158 2366 1212 2406 iri,
1236 2366 1297 2408 qui
1319 2365 1435 2398 Plato·

792 2420 872 2442 nem
910 2415 943 2443 et
983 2411 1119 2443 Atticos
1151 2411 1188 2443 in
1223 2421 1366 2444 succum
1401 2414 1436 2443 et

792 2457 998 2499 sanguinem
1035 2457 1185 2489 verterit.
1244 2457 1317 2490 Nos
1353 2466 1435 2488 vero

791 2505 953 2543 putamus
999 2501 1100 2534 aliter
1153 2512 1228 2535 esse
1273 2511 1436 2535 sensuros

792 2547 853 2589 qui
890 2556 1033 2579 caussas
1071 2547 1272 2580 Platonicae
1313 2547 1434 2589 copiae

793 2596 827 2623 et
871 2593 1038 2625 ubertatis
1083 2594 1211 2626 rectius
1253 2593 1434 2625 aestimare

793 2640 894 2678 atque
918 2637 1071 2670 iudicare
1084 2638 1278 2672 didicerint.
1313 2638 1435 2678 Neque

793 2683 885 2714 enim
916 2683 1008 2715 istud
1039 2686 1099 2716 καί
1125 2694 1237 2726 neque
1262 2693 1336 2715 voc.
1361 2680 1433 2714 α’τί-

792 2738 865 2767 μως
903 2732 1024 2762 carent
1060 2729 1096 2761 vi
1136 2734 1239 2772 atque
1273 2727 1435 2771 pondere.

1463 681 1545 723 527
