1690 2912
403 172 477 210 AD
505 170 750 222 GORGIAM
779 170 1051 209 PLATONIS.
1357 174 1404 210 71

52 286 153 324 latae
181 284 281 325 vitia
307 297 380 323 nec
407 284 502 323 artis
530 283 654 323 civilis
683 283 765 323 sive
793 283 973 333 politicae
1000 296 1086 321 cum
1116 297 1162 322 ea
1180 284 1406 323 coniunctae

50 343 190 380 damna
218 341 296 379 iam
322 341 380 380 ita
407 344 661 388 emerserant,
700 344 746 379 ut
775 353 820 378 eo
848 341 960 378 modo
988 340 1116 378 taxari
1143 343 1183 379 et
1210 341 1402 390 exagitari

51 398 268 448 potuerint,
309 411 384 449 quo
412 397 455 435 in
482 398 555 435 hoc
593 410 705 447 opere
743 396 828 435 fieri
867 397 1123 435 meminimus.
1180 397 1281 435 Nam
1310 398 1402 436 arti-

51 455 186 493 ficialis
215 455 372 506 quidem
399 453 622 506 eloquentia
649 467 770 505 quum
799 454 847 491 ab
876 453 961 503 ipso
990 453 1133 502 Gorgia
1159 453 1331 503 principe
1360 454 1402 492 in

50 512 283 550 Graecorum
310 510 489 549 notitiam
518 511 683 548 adducta
711 510 774 557 sit,
803 510 1113 562 quotusquisque
1143 514 1202 549 est
1230 510 1298 562 qui
1327 510 1400 548 sibi

50 569 280 618 persuadeat
326 579 411 606 eam
450 567 529 605 iam
566 566 632 604 illo
661 567 744 616 ipso
782 570 974 616 tempore,
1014 580 1090 618 quo
1128 566 1194 605 ille
1233 567 1400 616 primum

51 626 227 663 Athenas
263 623 523 674 pervenisset,
572 623 757 661 eiusmodi
805 635 989 661 censurae
1036 622 1172 661 subiici
1218 623 1401 673 potuisse,

52 682 207 732 qualem
234 680 276 718 in
304 680 447 729 Gorgia
475 683 636 730 experta
673 679 756 718 est?
794 679 1003 718 Enimvero
1040 680 1079 717 id
1109 683 1212 717 certe
1239 684 1349 729 patet
1378 693 1401 718 a

48 738 209 776 Platone
228 750 306 775 non
323 736 496 787 potuisse
521 737 597 774 nisi
614 740 859 786 praepostero
878 736 1018 774 iudicio
1036 736 1093 775 ita
1111 736 1275 784 institui,
1305 750 1399 788 qua-

50 794 126 832 lem
154 794 310 846 quidem
336 793 468 832 iudicii
495 793 789 843 perversitatem
817 806 966 831 summo
994 793 1232 842 dialogorum
1262 793 1399 831 artifici

48 864 159 889 nemo
178 854 323 890 temere
344 850 494 888 crimini
522 850 641 888 dabit.
670 850 885 899 Disciplina
904 862 997 888 vero
1017 849 1140 888 civilis
1160 849 1224 888 vel
1253 862 1314 887 ars
1333 863 1399 899 po-

48 907 164 954 litica,
193 920 292 959 quae
311 920 398 945 cum
423 906 491 944 illa
510 906 726 945 consociata
743 906 819 944 fuit
839 911 878 945 ct
897 907 939 944 in
958 906 1101 955 Gorgia
1119 919 1198 943 una
1217 919 1304 944 cum
1332 906 1400 944 illa

47 964 302 1011 examinatur,
328 964 498 1014 profecto
517 976 596 1000 non
616 963 692 1001 alia
708 963 951 1012 intelligitur,
971 976 1087 1014 quam
1108 975 1207 1014 quae
1226 962 1399 1000 doctrina

49 1021 308 1070 sophistarum
335 1021 462 1059 labem
490 1024 730 1069 susceperat:
759 1019 799 1057 id
819 1021 921 1071 quod
943 1019 1150 1057 clarissime
1169 1019 1401 1069 perspicitur

47 1091 96 1120 ex
116 1077 174 1125 iis,
204 1090 303 1128 quae
330 1090 354 1115 a
371 1077 464 1115 Polo
492 1076 756 1127 imprimisque
785 1089 806 1113 a
827 1076 982 1114 Callicle
1011 1077 1269 1126 disputantur,
1299 1089 1399 1126 quae

47 1147 225 1183 magnam
242 1138 393 1184 partem
409 1133 631 1183 planissime
652 1146 739 1171 cum
757 1132 804 1170 iis
822 1133 1078 1179 consentiunt,
1098 1146 1196 1184 quae
1217 1133 1263 1170 de
1282 1132 1400 1182 pesti-

45 1191 138 1229 feris
156 1190 386 1241 sophisticae
406 1190 629 1240 disciplinae
648 1189 800 1239 placitis
816 1190 993 1239 exposita
1012 1189 1174 1237 legimus
1192 1189 1250 1226 De
1270 1189 1399 1238 Repu-

47 1247 146 1285 blica
162 1247 267 1286 Libr.
288 1247 320 1284 I.
338 1261 375 1296 p.
389 1249 480 1284 338.
502 1247 542 1284 C.
554 1260 658 1298 seqq.
678 1247 732 1283 H.
754 1246 898 1284 358.0.
909 1259 1013 1297 seqq.
1035 1246 1151 1294 Legg.
1173 1246 1225 1283 X.
1246 1259 1282 1295 p.
1305 1249 1397 1283 888.

48 1304 93 1341 E.
133 1317 238 1355 seqq.
277 1304 473 1352 Protagor.
519 1316 556 1352 p.
598 1306 689 1340 323.
730 1315 834 1353 seqq.
876 1305 968 1340 329.
1007 1303 1054 1340 D.
1096 1315 1200 1353 seqq.
1238 1302 1397 1340 Theaet.

48 1374 84 1410 p.
118 1361 208 1398 172.
236 1360 284 1397 D.
315 1372 420 1411 seqq.
478 1357 582 1400 Quid
610 1358 727 1398 vero?
765 1372 892 1397 nonne
920 1359 1010 1396 inde
1041 1372 1064 1396 a
1091 1358 1182 1396 belli
1210 1358 1396 1408 Pelopon-

47 1415 191 1454 nesiaci
219 1415 341 1454 initiis
369 1417 523 1454 demum
550 1415 606 1453 ita
633 1416 779 1454 factum
807 1429 890 1453 esse
920 1419 1089 1462 constat,
1126 1418 1171 1453 ut
1199 1415 1397 1464 opiniones

46 1473 136 1511 illae
163 1472 281 1511 latius
308 1472 651 1511 disseminarentur
689 1477 806 1523 atque
844 1485 922 1509 non
949 1473 1060 1509 modo
1098 1472 1229 1508 domos
1265 1478 1303 1509 et
1341 1472 1398 1508 fa-

47 1529 184 1576 milias,
205 1530 272 1568 sed
291 1529 409 1567 etiam
428 1541 559 1567 omnes
579 1528 813 1578 reipublicae
832 1532 962 1578 partes
980 1528 1246 1577 pervaderent,
1274 1541 1398 1579 usque

46 1587 140 1624 dum
168 1586 284 1625 etiam
312 1585 554 1635 disciplinam
581 1585 774 1635 publicam
812 1589 929 1635 atque
958 1585 1127 1623 civitatis
1157 1584 1398 1622 administra-

46 1643 191 1681 tionem
219 1643 474 1692 depravarent
502 1645 541 1681 et
570 1641 880 1691 corrumperent?
909 1641 1117 1679 Enimvero
1144 1646 1228 1679 tum
1246 1646 1399 1691 praeter

47 1700 227 1749 Gorgiam
245 1699 387 1749 prodiit
406 1699 524 1738 etiam
543 1700 771 1748 Protagoras
792 1698 1007 1745 Abderites,
1036 1698 1092 1734 illi
1110 1698 1192 1736 fere
1214 1698 1396 1749 aequalis,

46 1760 131 1794 tum
158 1755 361 1803 Prodicus,
401 1759 486 1794 tum
514 1755 698 1805 Hippias,
740 1758 824 1793 tum
851 1754 1162 1805 Thrasymachus
1191 1754 1398 1791 Chalcedo-

46 1812 146 1859 nius,
175 1815 259 1851 tum
288 1812 354 1850 alii
381 1811 538 1862 plurimi
565 1811 802 1861 prodierunt,
833 1824 998 1862 quorum
1025 1815 1069 1849 ut
1097 1810 1259 1862 quisque
1289 1824 1398 1849 suam

46 1870 240 1920 quandam
258 1872 381 1908 artem
399 1881 443 1907 ac
458 1869 674 1907 doctrinam
692 1869 887 1918 professus
915 1872 984 1914 est,
1013 1867 1070 1906 ita
1086 1868 1398 1918 Thrasymachus

45 1925 232 1975 imprimis
260 1925 300 1963 id
329 1924 420 1973 egit,
449 1927 495 1963 ut
513 1925 660 1963 iustum
680 1937 763 1963 esse
785 1924 1044 1970 contenderet,
1074 1924 1177 1975 quod
1197 1924 1397 1974 expediret

45 1981 272 2031 potentiori,
314 1994 432 2033 quam
468 1981 701 2020 sententiam
738 1980 856 2019 etiam
884 1980 1022 2018 Polum
1059 1985 1098 2019 et
1126 1979 1320 2018 Calliclem
1357 1980 1398 2017 in

47 2038 189 2088 Gorgia
215 2038 420 2076 defendere
447 2037 711 2085 meminimus;
741 2040 826 2076 tum
844 2037 1011 2088 denique
1031 2037 1149 2075 etiam
1166 2036 1243 2075 viri
1263 2036 1397 2075 civiles

46 2095 293 2141 exstiterunt,
322 2094 363 2132 in
392 2093 554 2145 quibus,
595 2094 688 2145 quid
714 2094 862 2132 novitia
890 2094 967 2132 ista
996 2093 1186 2143 sapientia
1215 2093 1256 2130 in
1283 2107 1396 2142 repu-

46 2151 146 2190 blica
171 2151 332 2198 valeret,
360 2151 595 2190 luculentius
625 2150 821 2200 apparuit,
860 2163 909 2188 ex
946 2163 1109 2201 quorum
1137 2162 1297 2187 numero
1327 2150 1396 2187 im-

45 2207 178 2258 primis
218 2207 438 2246 Alcibiades
487 2212 526 2246 et
563 2207 703 2246 Critias
750 2207 986 2245 memorandi
1033 2210 1143 2253 sunt,
1193 2219 1263 2256 per
1301 2220 1398 2258 quos

47 2263 208 2302 sanioris
244 2263 507 2314 philosophiae
545 2264 691 2302 auctori
729 2267 846 2315 atque
893 2264 1044 2313 parenti
1081 2263 1292 2313 plurimum
1338 2264 1398 2301 in-

47 2321 175 2359 vidiae
213 2324 332 2371 atque
368 2321 445 2359 odii
482 2321 693 2359 conflatum
728 2333 811 2358 esse
850 2320 1040 2359 novimus.
1107 2319 1316 2358 Enimvero
1355 2324 1400 2358 ut

47 2377 179 2427 paucis
199 2376 381 2424 dicamus,
410 2378 513 2428 quod
529 2390 591 2415 res
613 2382 683 2425 est,
713 2380 975 2427 pervenerunt
993 2376 1147 2414 omnino
1168 2376 1399 2426 sophisticae

49 2434 143 2472 artis
173 2445 216 2471 ac
243 2432 467 2482 disciplinae
494 2434 644 2472 fructus
672 2437 782 2472 tanto
809 2434 933 2483 magis
970 2433 1012 2471 in
1040 2433 1167 2471 lucem
1194 2433 1398 2483 publicam,

49 2503 125 2541 quo
154 2489 307 2538 longius
335 2490 482 2528 bellum
508 2490 606 2528 illud
633 2491 860 2540 pestiferum
890 2493 949 2528 est
976 2492 1232 2539 protractum,
1271 2490 1328 2527 ita
1355 2494 1400 2527 ut

51 2560 95 2584 eo
122 2547 203 2584 fere
232 2547 280 2584 ad
310 2546 457 2585 exitum
485 2552 669 2596 vergente
708 2546 988 2586 evidentissimi
1026 2549 1143 2597 atque
1172 2546 1399 2584 luculentis-

50 2602 137 2640 simi
184 2600 380 2642 exstitisse
417 2603 632 2642 videantur.
699 2605 830 2654 Atque
879 2616 928 2641 ex
966 2603 1028 2640 his
1077 2602 1253 2641 omnibus
1293 2602 1400 2640 nullo

51 2658 224 2708 negotio,
264 2659 417 2709 opinor,
456 2659 696 2709 intelligetur
730 2672 821 2698 vere
852 2672 921 2698 nos
958 2660 1188 2697 contendere
1228 2663 1267 2696 et
1296 2672 1399 2697 asse-

52 2728 188 2755 verare
226 2716 345 2755 etiam
381 2729 533 2756 omnem
569 2717 871 2768 disputationem
897 2716 949 2755 'in
977 2716 1120 2766 Gorgia
1149 2715 1334 2766 agitatam
1363 2715 1406 2754 in
