1696 2976
481 116 902 156 PROTAGORAS.
931 117 973 155 P.
996 120 1075 154 322.
1105 116 1187 154 s'r.
1487 112 1540 154 73

127 233 252 282 ἄλλοι
277 239 550 294 δημιουργοί.
577 235 651 280 καὶ
674 237 806 292 δίκην
831 231 886 291 δὴ
910 234 984 279 καὶ
1008 233 1120 279 αἰδῶ
1144 250 1258 278 ουτω
1283 232 1353 278 θῶ
1379 232 1428 276 ἐν
1451 242 1540 285 τοις

127 302 399 363 ἀνθρώποις,
423 300 451 362 ἢ
476 303 548 348 ἐπὶ
570 301 736 355 πάντας
761 306 920 360 νείμω;
939 300 1036 347 Ἐπὶ
1052 299 1234 358 πάντας,
1259 305 1344 358 ἔφη
1362 297 1386 344 ὁ
1412 298 1595 356 Ζεύς,1)

128 374 202 418 καὶ
226 371 384 426 πάντες
407 362 779 431 μετεχόντων·οὐ
804 369 887 429 γὰρ
912 389 968 416 αν
985 371 1184 428 γένοιντο
1203 367 1365 425 πόλεις,
1391 372 1432 414 εἰ
1447 365 1542 413 ὀλί-

128 460 197 499 γοι
220 439 368 486 αὐτῶν
397 441 618 499 μετέχοιεν
651 455 799 497 ωσπερ
823 436 971 484 ἄλλων
997 440 1176 496 τεχνῶν.
1226 438 1301 482 καὶ
1333 434 1470 495 νόμον
1493 455 1542 494 γε

127 509 206 563 θὲς
230 506 333 568 παρ’
364 511 470 568 ἐμοῦ
493 506 570 554 τὸν
586 505 645 566 μὴ
665 506 916 566 δυνάμενον
940 509 1093 559 αἰδοῦς
1111 506 1185 552 καὶ
1204 510 1330 564 δίκης
1347 506 1544 564 μετέχειν

127 582 316 624 κτείνειν
340 575 398 631 ὦς
422 575 556 622 νόσον
579 574 758 629 πόλεως.

232 711 359 759 Οὕτω
385 711 457 771 δή,
482 706 516 758 ὦ
536 711 786 772 Σώκρατες,
821 713 894 757 καὶ
920 710 995 756 διὰ
1018 713 1154 762 ταῦτα
1179 714 1224 757 οἵ
1251 730 1298 757 τε
1321 709 1447 756 ἄλλοι
1471 711 1545 756 καὶ

121 780 367 840 Ἀθηναῖοι,
391 779 499 827 ὅταν
520 780 602 840 μὲν
625 781 727 839 περὶ
750 778 905 839 ἀρετῆς
929 782 1179 838 τεκτονικῆς
1211 773 1239 838 ᾗ
1265 778 1391 837 λόγος
1415 777 1442 837 ἢ
1465 777 1545 824 ἄλ-

126 855 204 908 λης
230 848 349 903 τινὸς
374 852 712 909 δημιουργικῆς,
743 847 908 906 ὀλίγοις
933 855 1101 894 οἴονται
1124 859 1320 906 μετεῖναι
1344 852 1545 906 συμβου-

128 920 229 976 λῆς,
261 919 336 963 καὶ
360 916 440 964 ἐάν
463 936 528 971 τις
553 916 674 971 ἐκτὸς
709 914 772 963 ὧν
794 919 884 963 τῶν
915 914 1080 975 ὀλίγων
1112 914 1422 976 συμβουλεύῃ,
1464 913 1546 961 οὐκ
1569 928 1599 960 Ε

125 984 373 1044 ἀνέχονται,
399 984 457 1040 ὥς
482 984 538 1031 σὺ
562 984 670 1045 φῄς·
706 983 899 1042 εἰκότως,
926 983 984 1038 ὦς
1009 983 1094 1042 ἐγώ
1118 996 1251 1043 φημι·
1277 982 1384 1030 ὅταν
1415 984 1464 1029 δὲ
1483 988 1545 1037 εἰς

124 1053 384 1113 συμβουλὴν
408 1057 632 1112 πολιτικῆς
656 1051 813 1113 ἀρετῆς
833 1060 976 1109 ἴωσιν,
1003 1050 1059 1110 ἣν
1078 1056 1150 1098 δεῖ
1166 1051 1239 1098 διὰ
1259 1050 1544 1137 δικαιοσύνης
1558 1066 1623 1098 323

124 1125 274 1168 πᾶσαν
294 1124 408 1169 ιε’ναι
426 1124 500 1168 καὶ
518 1120 829 1181 σωφροσύνης,
855 1119 1070 1174 εἰκότως
1051 1119 1242 1174 ἅπαντος
1261 1118 1465 1179 ἆνδρὸς’
1442 1122 1545 1167 ανέ-

125 1210 295 1249 χονται,
321 1188 380 1244 ὡς
405 1192 537 1236 παντι
548 1204 773 1248 προσηκον
796 1188 956 1247 ταύτης
980 1208 1030 1247 γε
1053 1190 1251 1248 μετέχειν
1273 1191 1349 1247 τῆς
1373 1187 1547 1249 ἀρετῆς,

124 1255 152 1317 ἢ
174 1257 235 1318 μὴ
260 1258 375 1305 εἶναι
399 1257 559 1312 πόλεις.
587 1255 715 1317 αὕτη,
741 1277 775 1304 ω
801 1255 1052 1318 Σώκρατες,
1076 1255 1236 1303 τούτου
1256 1261 1386 1303 αἰτία.

212 1438 258 1470 D.
284 1435 362 1470 καὶ
388 1431 604 1480 Ἀθηναῖο
618 1435 646 1481 ι]
679 1438 763 1470 Vat.
788 1446 816 1472 1·-
842 1440 879 1470 et
902 1436 1007 1469 vind.
1038 1434 1105 1470 καὶ
1134 1432 1173 1470 οἷ
1196 1431 1420 1480 Ἀθηναῖον,
1450 1437 1546 1479 quod

124 1483 258 1518 Stallb.
275 1484 417 1526 recepit
432 1483 611 1526 probante
627 1483 751 1524 Asti03
771 1483 834 1516 sed
851 1493 885 1518 v.
903 1493 939 1526 p.
956 1482 1023 1516 324
1031 1481 1071 1516 C.

123 1631 244 1663 curius
261 1630 408 1663 locutus
428 1640 507 1663 esse
526 1629 683 1673 fingitur,
701 1631 798 1663 inter

122 1676 286 1709 homines
308 1676 382 1708 iam
405 1679 480 1708 tum
503 1676 659 1710 valeret.
706 1677 798 1708 Eam

123 1722 168 1754 ob
187 1731 336 1754 causam
349 1722 499 1764 Iupiter,
518 1732 564 1754 ne
573 1721 692 1754 simile
712 1721 799 1763 quid

122 1767 160 1798 in
177 1767 322 1799 iustitia
339 1769 376 1799 et
391 1766 616 1799 verecundia
639 1766 798 1806 accidat,

122 1822 194 1844 non
211 1812 327 1844 solum
351 1812 506 1844 attribui
523 1812 709 1851 omnibus,
733 1812 797 1844 sed

123 1857 235 1889 etiam
253 1857 418 1888 exerceri
441 1857 487 1889 ab
512 1857 679 1890 omnibus
695 1857 799 1890 iubet

121 1896 351 1941 (καὶπάντες
364 1897 683 1945 μετεχόντων).
704 1901 798 1934 Con-

122 1950 178 1979 tra
212 1957 321 1989 quam
354 1947 474 1989 legem
506 1947 539 1979 si
571 1949 651 1990 quis
669 1948 796 1987 faciat,

122 2003 204 2025 eum
233 1993 316 2025 tolli
341 1993 423 2026 vult
452 1995 630 2034 tanquam
657 1996 797 2035 pestem

122 2038 298 2073 civitatis.
323 2038 546 2080 Protagoras
563 2039 677 2080 igitur
693 2038 797 2071 iusti-

122 2084 211 2116 tiam
234 2086 349 2127 negat
370 2083 508 2115 homini
530 2084 736 2126 ingenitam
761 2086 798 2116 et

120 2129 286 2161 innatam
311 2138 392 2161 esse
416 2132 480 2161 aut
504 2138 573 2161 sua
595 2132 724 2171 sponte
749 2130 795 2163 ab

122 2185 164 2207 eo
195 2175 336 2217 expeti,
365 2173 430 2207 sed
457 2184 611 2207 necesse
630 2184 729 2216 esse,
758 2178 799 2207 ut

122 2220 331 2262 quicunque
347 2220 386 2252 in
394 2220 576 2252 societate
586 2219 689 2252 civili
704 2220 798 2252 velit

119 2266 278 2306 versari,
311 2265 343 2297 is
368 2264 473 2297 illam
496 2266 670 2298 virtutem
694 2276 797 2298 exer-

122 2314 224 2361 ceat,
258 2310 305 2342 cf.
329 2309 483 2342 Aristot.
508 2310 587 2344 Pol.
611 2310 679 2342 ΠΙ.
704 2312 742 2343 9;
776 2305 797 2344 ὁ

121 2350 234 2411 νόμος
270 2350 447 2407 συνθήκη
473 2354 576 2408 καί,
615 2350 796 2407 καθάπερ

121 2398 196 2445 ἔφη
224 2395 438 2453 Λυκόφρων
464 2394 483 2432 ὁ
508 2380 710 2451 σοφιστής,
736 2396 795 2444 ἐγ-

120 2442 264 2499 γυητὴς
275 2440 475 2502 αλλῄλοις
512 2444 588 2479 τῶν
619 2444 794 2488 δικαίων,

120 2485 206 2525 ἀλλ’
240 2502 309 2534 ουχ
342 2501 421 2529 οιος
459 2493 588 2524 ποιεῖν
618 2472 795 2534 αγαθοὺς

121 2535 186 2570 καὶ
204 2535 381 2574 δικαίους
399 2530 487 2574 τους
504 2535 673 2574 πολίτας.

165 2580 245 2615 καὶ
277 2578 322 2615 οἷ
353 2575 486 2614 ἄλλοι
527 2580 790 2632 δημιουργ.]

122 2627 188 2660 int.
206 2623 336 2661 ῖκανοί
353 2624 449 2660 εἰσιν
466 2621 651 2665 ι’διωταις.

166 2671 206 2704 Ρ.
220 2674 298 2707 323.
325 2667 402 2705 διὰ
429 2666 792 2715 δικαιοσύνηςπ.
815 2675 817 2677 ’

122 2713 263 2762 ἰέναι]
279 2718 489 2750 Dictionem
508 2718 730 2768 comparatis
747 2719 794 2750 si

120 2761 270 2795 milibus
286 2762 462 2801 formulis,
485 2762 602 2795 veluti
618 2756 685 2795 διὰ
703 2773 794 2815 φρο-

123 2801 263 2860 νήσεως
296 2804 413 2850 ἰέναι,
449 2787 515 2840 διὰ
540 2803 656 2850 δόξης
681 2804 792 2850 lewa,

122 2846 189 2885 διὰ
207 2847 358 2910 ἡδονῶν
373 2847 623 2896 πορεύεσθαι,
642 2850 708 2886 διὰ
726 2853 794 2886 τοῦ

868 1629 1023 1663 δικαίου
1056 1625 1311 1673 πορεύεσθαι,
1343 1630 1549 1664 illustravit

867 1676 1182 1711 Heindorfius.
1246 1656 1383 1709 De'dita
1423 1680 1546 1709 autem

867 1732 980 1800 ἳέἴᾶῗ
987 1722 1248 1809 θῗὶἳῗρῗῗὲἂέι
1266 1721 1546 1809 ᾗῗὲἔὲὃζιῖξῗῗρᾞ

867 1811 1136 1854 significatione
1154 1813 1191 1843 in
1210 1812 1336 1844 eodem
1354 1813 1546 1845 enuntiato

866 1858 1076 1899 usurpavit3
1112 1858 1158 1889 cf.
1188 1860 1359 1909 μετεῖναι
1381 1856 1546 1900 συμβου-

869 1901 935 1945 λῆς
954 1905 990 1934 et
1008 1899 1062 1940 εἰς
1079 1897 1417 1946 συμβουλὴνίέναι
1435 1914 1470 1945 p.
1478 1905 1544 1936 327

866 1948 915 1979 E:
935 1941 1065 1986 οὐδείς
1083 1957 1142 1980 σοι
1167 1948 1377 1990 φαίνεται.
1405 1945 1469 1981 ,εἰ
1483 1948 1544 2001 ζη-

867 1995 964 2044 τοῖς,
988 1987 1076 2026 οὐδ’
1111 2004 1160 2026 αν
1184 1990 1238 2031 εἷς
1269 1993 1471 2045 φανείη..
1498 1989 1544 2027 οὐ

867 2018 1005 2081 ῥᾴδιον
1032 2033 1177 2072 τούτων
1206 2033 1442 2072 διδάσκαλον
1469 2050 1545 2081 φα·

868 2083 996 2126 νῆναι.
1036 2084 1172 2116 Fusius
1195 2084 1239 2117 de
1256 2085 1327 2116 hac
1345 2095 1383 2117 re
1402 2086 1543 2127 exposi-

867 2131 944 2161 tum
962 2132 1018 2161 est
1033 2129 1071 2161 in
1089 2128 1190 2163 stud.
1210 2130 1338 2172 philol.
1357 2141 1391 2173 p.
1406 2131 1470 2163 851
1489 2140 1543 2172 sq.

913 2191 968 2235 ὥς
1006 2215 1051 2220 -
1082 2195 1335 2241 προσῆκον]
1377 2198 1542 2240 quippe

867 2252 998 2284 quum
1016 2243 1280 2275 conveniat.
1322 2243 1462 2275 Dehoc
1481 2253 1541 2275 ac—

868 2288 1035 2321 cusativo
1069 2288 1239 2321 absoluto
1272 2298 1308 2320 v.
1337 2288 1450 2331 Kriig.
1481 2288 1541 2321 Gr.

863 2334 1017 2372 56.9,5.

909 2393 934 2444 ἢ
955 2395 1012 2444 μὴ
1040 2397 1120 2434 εἶν.
1151 2394 1235 2443 πά]
1257 2401 1438 2452 alioquin
1470 2413 1542 2434 non

865 2450 990 2479 essent
1004 2447 1125 2479 urbes.
1142 2447 1233 2478 Post
1248 2439 1274 2488 ἥ
1291 2447 1542 2490 negligentius

861 2492 989 2524 illatus
1008 2495 1064 2524 est
1077 2490 1295 2544 infinitivus,
1314 2493 1419 2534 quasi
1437 2503 1542 2545 prae-

864 2537 1039 2569 cessisset
1061 2547 1110 2574 ως
1133 2531 1364 2580 ἀναγκαῖον,
1396 2548 1468 2570 non
1492 2549 1541 2576 ως

862 2591 981 2634 προση
960 2581 1066 2625 ἧκον.
1099 2581 1255 2615 Phaedr.
1265 2594 1309 2634 p
1328 2584 1391 2615 271
1410 2584 1460 2614 D:
1480 2582 1544 2615 δεῖ

864 2626 913 2670 δη
945 2645 990 2650 —
1023 2621 1219 2660 δύνασθαι
1252 2622 1486 2660 ακολουθεῑν
1516 2620 1541 2670 ἢ

863 2668 960 2715 μηδε
994 2669 1153 2706 εἰδέναι.
1204 2672 1297 2706 Ibid.
1337 2684 1371 2715 p.
1395 2674 1461 2705 245
1483 2672 1539 2715 Ε,

863 2718 927 2751 ubi
955 2728 990 2750 v.
1021 2728 1103 2752 ann.
1134 2718 1220 2750 Alia
1247 2719 1356 2750 huius
1375 2720 1540 2751 constru-

864 2762 1000 2796 ctionis
1033 2763 1201 2806 exempla
1240 2764 1271 2795 si
1303 2763 1365 2804 qui
1396 2762 1538 2796 deside-

863 2812 956 2850 rent,
991 2808 1018 2840 ii
1050 2807 1538 2843 adeant-Heindorfium

864 2853 912 2886 ad
929 2853 964 2886 h.
981 2852 1006 2885 l.
1025 2853 1144 2888 Stallb.
