1722 2964
923 0 1079 39 *³1⁸
1086 0 1134 30 ss·
1141 0 1221 32 ³³¹³&
1228 0 1608 31 ‘vss'ffl'sszffl'fmsssszv‘ffw

1040 17 1141 57 ,tol

228 113 307 156 126
777 120 1078 159 PLATONIS

222 231 404 287 εἰδέναι,
427 228 538 276 ἀλλὰ
556 236 725 286 παίζειν
748 233 821 278 καὶ
838 235 920 279 σοῦ
943 237 1091 281 δοκεῖν
1109 232 1448 295 ἀποπειρᾶσθαι,
1473 244 1516 286 εἰ
1529 237 1621 294 οἷός

163 310 194 344 Ε
222 294 261 342 τ’
289 299 378 342 ἔσει
401 298 461 359 τῷ
493 301 658 343 σαυτοῦ
681 297 798 360 λόγῳ
821 304 1027 359 βοηθεῖν·
1077 303 1170 347 ἐπεὶ
1200 301 1266 348 ὅτι
1290 322 1341 360 γε
1365 310 1619 365 Σιμωνίδης

221 361 273 409 οὐ
306 365 422 421 λέγει
453 362 501 409 τὸ
524 363 716 422 χαλεπὸν
739 364 897 423 κακόν,
927 369 1038 426 μέγα
1068 367 1301 428 τεκμήριόν
1333 372 1451 417 ἐστιν
1480 370 1618 427 εὐθὺς

216 427 263 475 τὸ
288 429 395 487 μετὰ
418 433 544 476 τοῦτο
569 432 704 489 ῥῆμα·
732 434 848 490 λέγει
871 431 970 493 γάρ,
994 433 1060 480 ὅτι

450 507 578 561 θεὸς
608 505 672 554 ἂν
700 508 861 567 μόνος
890 509 1027 557 τοῦτ’
1065 517 1174 570 ἔχοι
1200 515 1383 572 γέρας,

214 582 267 630 οὐ
292 583 436 642 δήπου
467 584 595 631 τοῦτό
624 605 674 643 γε
705 589 859 645 λέγων,
895 588 1032 634 κακὸν
1056 589 1218 636 ἐσθλὸν
1250 595 1451 650 ἔμμεναι,
1494 600 1620 652 εἰπερ

214 649 290 696 τὸν
312 650 422 697 θεόν
444 667 554 710 φησι
577 651 714 710 μόνον
735 657 862 700 τοῦτο
884 651 940 701 ἂν
958 660 1074 714 ἔχειν
1098 659 1170 701 καὶ
1194 659 1252 718 τῷ
1277 662 1370 719 θεῷ
1393 662 1520 705 τοῦτο
1543 661 1618 717 γε’-

214 736 293 775 ρας
315 717 524 777 ἀπένειμε
546 718 686 781 μόνῳ·
734 719 977 767 ἀκόλαστον
1007 722 1090 781 γὰρ
1114 721 1171 768 ἅν
1201 743 1299 769 τινα
1322 726 1440 782 λέγοι
1465 733 1617 783 Σιμω-

214 789 345 842 νίδην
367 784 588 845 Πρόδικος
611 788 684 831 καὶ
707 785 909 846 οὐδαμῶς
928 794 1073 836 Κεῖον.
1100 788 1196 835 ἀλλ’
1225 789 1253 835 ἅ
1275 809 1349 849 μοι
1373 795 1498 838 δοκεῖ
1518 796 1617 838 δια-
1663 788 1665 790 ’

134 866 200 900 342
212 859 414 898 νοεῖσθαι
434 856 687 911 Σιμωνίδης
713 856 760 900 ἐν
782 853 921 917 τούτῳ
944 858 1004 917 τῷ
1028 854 1185 917 ᾅσματι
1205 859 1345 903 ἐθέλω
1370 872 1439 904 σοι
1458 863 1615 916 εἰπεῖν,

212 922 254 964 εἰ
275 917 425 976 βούλει
450 925 603 977 λαβεῖν
625 939 711 978 μου
735 932 894 981 πεῖραν
916 920 1033 977 ὅπως
1057 927 1156 981 ἔχω,
1181 921 1204 968 ὃ
1230 925 1285 970 σύ
1309 926 1449 982 λέγεις
1472 928 1616 982 τοῦτο,

298 1049 344 1081 D.
376 1047 454 1082 καὶ
486 1049 564 1082 σοῦ
598 1049 760 1084 δοκεῖν
791 1045 1161 1095 ἀποπειρᾶσθαι]
1201 1053 1282 1088 Ald.
1313 1055 1399 1088 Bas.
1430 1057 1460 1087 1.
1494 1054 1613 1088 δοκεῖ.

208 1093 322 1127 Recte
341 1095 455 1127 ceteri
471 1094 567 1128 libri.
584 1104 618 1127 v.
637 1097 759 1127 annot.

298 1138 341 1170 E.
367 1137 503 1172 τοῦτο
529 1135 625 1181 ἔχοι
649 1133 807 1183 γέρας]
839 1140 936 1173 Vett.
961 1139 1062 1173 editt.
1089 1137 1167 1184 ἔχοι
1190 1140 1301 1175 τοῦτο
1324 1137 1450 1186 γέρας,
1476 1143 1570 1185 quod
1593 1153 1614 1177 e

208 1181 312 1216 Bodl.
329 1182 438 1217 vind.
454 1183 537 1215 Vat.
555 1184 672 1216 Paris.
691 1183 735 1220 Ξ.
755 1183 884 1226 Coisl.‚
903 1184 1006 1226 aliis,
1023 1188 1213 1218 mutatum.

299 1223 513 1270 ἔμμεναι,
539 1225 688 1270 εἴπερ]

207 1271 246 1303 in
263 1270 364 1304 stud.
381 1272 472 1314 phil.
489 1283 522 1314 p.
540 1273 606 1304 855
623 1282 678 1314 sq.

709 1229 812 1261 Libri
828 1239 952 1262 omnes
970 1226 1146 1273 ἔμμεναι,
1173 1227 1267 1263 εἶτα.
1301 1231 1439 1264 Locum
1455 1232 1614 1265 tractavi

297 1315 570 1359 Σιμωνίδην
594 1312 847 1361 Πρόδικος]
874 1317 934 1351 Sic
956 1318 1161 1352 Vat.B0d1.
1199 1319 1345 1362 Reliqui
1367 1319 1453 1352 libri
1476 1314 1495 1352 ὁ
1515 1314 1614 1360 Πρό-

207 1358 327 1399 δικος.

244 1445 248 1455 ·
298 1405 433 1456 15342.
456 1397 477 1437 ὃ
496 1400 546 1438 σὺ
565 1399 611 1437 λε’
648 1415 712 1444 εις
730 1405 882 1446 τοῦτο,
906 1405 1012 1458 ⁷⁶⁸0}
1035 1402 1171 1449 ἐπῶν]
1197 1408 1315 1451 Vulgo
1338 1408 1567 1451 distinguunt
1590 1400 1612 1441 ὃ

207 1458 253 1482 συ
273 1450 412 1492 λεγεις,
432 1448 544 1482 τοῦτο
561 1460 599 1482 π.
637 1461 676 1483 π.
709 1451 822 1483 Recte
840 1451 973 1483 dicitur
989 1462 1090 1490 οπως
1107 1449 1178 1494 ἔχω
1195 1451 1282 1494 περὶ
1299 1447 1411 1486 ἐπῶν.

204 1554 431 1612 Νικόμαχον
442 1554 584 1602 ἑτέροις
595 1554 772 1613 ᾇδικοῦσι
785 1572 875 1604 μνη-

205 1607 380 1638 σικακεῖν
397 1603 533 1645 αξιοῦν
549 1616 625 1638 κτε.
644 1605 762 1638 Scallb.

249 1650 293 1682 E.
320 1648 446 1691 εἴπερ
470 1644 678 1683 τὸνθεόν
701 1659 875 1693 φησι-

206 1689 332 1737 ἔχειν
361 1691 439 1726 καὶ
464 1711 511 1717 -
540 1688 784 1737 ἀπένειμε]
819 1694 875 1726 Ad

205 1738 394 1781 vulgatam
416 1738 632 1781 scripturam
656 1734 737 1771 εἶτα
762 1738 873 1771 Stall—

204 1783 326 1817 baum.
344 1783 553 1816 annotavit:
568 1784 612 1815 In
628 1783 766 1816 talibus
784 1783 873 1816 locis

205 1823 288 1861 εἶτα
320 1827 458 1860 indicat
488 1826 543 1866 id,
589 1827 684 1869 quod
715 1827 873 1860 secundo

203 1872 283 1905 loco
323 1874 638 1913 commemoretur,
678 1873 874 1914 superiori·

203 1917 271 1950 bns
288 1926 511 1959 repugnare,
535 1916 689 1958 ideoque
706 1927 770 1959 per
795 1920 804 1936 ‘
818 1920 874 1949 ta-

203 1961 298 1994 men‘
314 1960 536 1993 reddendum
555 1964 622 2000 est,
638 1963 678 1993 ut
695 1971 728 2003 p.
747 1962 812 1994 343
827 1961 874 1993 C:

205 2002 241 2039 εἰ
256 2000 483 2048 βουλόμενος
501 2002 641 2048 λέγειν,
665 1998 726 2038 ὅτι
750 1999 873 2047 ἄνδρα

202 2044 357 2093 ἀγαθὸν
365 2047 545 2092 γενέσθαι
554 2044 731 2092 χαλεπόν,
743 2046 873 2083 ἔπειτα

202 2088 358 2136 ἐνέβαλε
375 2088 415 2126 τὸ
433 2091 515 2135 μέν.
550 2094 620 2126 Sed
644 2094 697 2126 ita
713 2094 785 2126 loci
802 2095 870 2126 dif-

203 2137 347 2171 ficultas
369 2148 439 2171 non
462 2138 616 2171 tollitur.
648 2138 723 2170 Alii
740 2133 784 2172 οὐ
803 2134 870 2181 δή·

202 2193 277 2216 που
311 2181 600 2225 coniungendam
632 2181 758 2214 dicunt
791 2193 870 2215 cum

203 2227 299 2270 φησὶ
321 2224 388 2260 καὶ
410 2221 610 2269 ἀπένειμε,
634 2226 727 2268 quod
751 2238 870 2268 neque

201 2282 266 2314 per
283 2273 560 2314 grammaticam
577 2281 693 2313 neque
735 2282 773 2303 er
789 2282 870 2304 sen-

201 2319 341 2349 tentiae
358 2316 537 2349 rationem
553 2315 654 2348 licet.
693 2325 709 2348 ε
728 2326 796 2358 περ
815 2316 870 2348 sa-

202 2360 273 2393 cile
298 2361 335 2392 in
359 2356 441 2393 εἶτα
464 2360 597 2393 mutari
618 2361 753 2403 potuit,
778 2360 869 2402 quod

201 2404 369 2446 syllabae
387 2416 433 2438 τα
458 2408 494 2437 et
510 2415 579 2446 περ
596 2404 729 2437 litteris
748 2415 767 2437 t
791 2407 827 2437 et
843 2416 869 2437 π

201 2458 311 2491 supra
344 2459 377 2482 ει
409 2450 555 2491 scriptis
593 2448 748 2481 indicari
776 2448 868 2482 solc-

200 2493 302 2527 bant.
380 2493 655 2535 Argumentatio
707 2492 868 2526 Socratis

200 2537 295 2570 haec
313 2540 387 2570 est:
405 2537 543 2570 Pittaci
559 2548 687 2571 vocem
703 2532 870 2581 χαλεπὸν

200 2576 342 2616 ἐσθλὸν
374 2578 530 2625 ἔμμεναι
569 2583 730 2624 proxime
770 2583 867 2615 exci-

200 2627 307 2669 piunt
330 2626 523 2660 Simonidis
555 2627 668 2660 verba
700 2622 794 2665 θεὸς
821 2619 870 2659 ἄν

201 2666 316 2713 μόνος
348 2665 452 2704 τοῦτ’
482 2667 561 2714 ἔχοι
594 2669 716 2714 γέρας.
767 2670 869 2712 Quod

201 2715 314 2758 igitur
337 2715 539 2748 Simonides
567 2715 670 2748 deum
694 2715 776 2748 vult
804 2715 869 2748 ha·

200 2760 288 2792 bere
305 2761 556 2802 praecipuum,
574 2759 753 2793 idPittaci
770 2758 868 2793 dieto

200 2804 351 2838 subesse
374 2807 529 2848 oportet.
573 2805 684 2847 Atqui
706 2804 793 2838 mali
815 2803 870 2837 Si-

943 1561 1125 1604 monides,
1150 1565 1190 1594 ut
1207 1561 1320 1602 Ceus,
1345 1562 1413 1595 deo
1437 1563 1529 1595 nihil
1547 1563 1611 1595 tri-

941 1606 1054 1639 buere
1093 1607 1232 1648 potuit,
1273 1617 1357 1649 ergo
1398 1608 1433 1638 in
1473 1607 1612 1639 Pittaci

942 1650 1042 1683 dicto
1059 1646 1223 1693 χαλεπόν
1239 1661 1310 1683 non
1335 1650 1518 1683 intellexit
1536 1662 1611 1683 ma-

941 1694 1026 1727 lum.
1074 1692 1190 1738 λέγων
1212 1696 1249 1727 in
1271 1695 1394 1728 verbis
1416 1690 1462 1728 οὗ
1485 1690 1612 1737 δήπου

942 1734 1055 1772 τοῦτο’
1072 1749 1114 1782 γε
1137 1736 1254 1782 λέγων
1278 1743 1334 1772 est
1356 1738 1608 1781 ‘intelligens‘

942 1784 1001 1816 vel
1018 1784 1286 1825 ‘interpretans
1296 1782 1318 1822 ’‚
1341 1794 1413 1816 non
1430 1787 1440 1803 ‘
1451 1782 1608 1823 dicens’3

942 1828 1111 1860 Pittacus
1135 1828 1229 1860 enim
1253 1823 1373 1861 κακὸν
1389 1822 1530 1861 ἐσθλὸν
1548 1825 1610 1870 ἔμ-

941 1883 1053 1915 μεναι
1072 1872 1207 1905 dixisse
1225 1872 1371 1905 dicitur.

987 1911 1244 1949 ἀκόλαστον
1266 1911 1347 1959 γὰρ
1370 1909 1426 1949 ἅν
1448 1927 1549 1949 τινα
1565 1933 1612 1940 -—-

943 1955 1155 2004 οὐδαμῶς
1169 1958 1328 2003 Κεῖον]
1350 1960 1503 1994 Ceorum
1521 1962 1611 1994 civi-

942 2009 1056 2038 tatem
1086 2005 1224 2038 claram
1252 2006 1368 2038 fuisse
1399 2005 1444 2038 ob
1474 2015 1610 2037 morum

942 2050 1179 2092 probitatem,
1203 2050 1438 2082 severitatem
1462 2050 1611 2082 institu-

938 2099 1073 2132 torum,
1114 2094 1340 2136 reipublicae
1378 2093 1611 2127 administra-

939 2139 1091 2177 tionem,
1115 2138 1238 2171 docuit
1253 2137 1444 2171 Boeckh.
1463 2138 1501 2170 in
1517 2138 1607 2172 Min.

939 2186 978 2216 et
1007 2182 1122 2225 Legg.
1155 2193 1189 2224 p.
1224 2183 1298 2215 109.
1354 2181 1460 2216 Conf.
1491 2182 1608 2214 Plat.

937 2227 1052 2269 Legg.
1071 2237 1105 2269 p,
1121 2226 1237 2259 638E.
1269 2226 1499 2268 Aristoph.
1515 2226 1608 2260 Run-

938 2282 971 2306 ν.
983 2273 1060 2305 970.
1091 2271 1236 2314 Fragm.
1252 2270 1484 2303 Menandri
1499 2271 1607 2314 p.237

940 2315 995 2349 ed.
1036 2315 1197 2350 Meinek.
1238 2318 1276 2348 et
1313 2313 1604 2348 Broendsted.

938 2360 1103 2392 Reisen
1134 2370 1170 2395 u.
1202 2359 1606 2401 Untersuchungen

938 2405 980 2437 in
1028 2403 1373 2437 Griechenland.
1450 2403 1606 2436 Erotes

938 2448 1068 2483 Buch.
1094 2460 1126 2491 p.
1142 2449 1196 2483 66.
1220 2448 1303 2481 coll.
1319 2459 1355 2490 p.
1373 2449 1428 2481 97.
1473 2447 1605 2494 Itaflue

937 2494 1049 2531 Κεῖος
1072 2497 1172 2525 recte
1191 2492 1385 2535 opponitur
1398 2501 1492 2524 nunc
1516 2501 1605 2523 ακο·

938 2534 1070 2570 λάστω.
1097 2536 1214 2570 Stallb.

981 2572 1116 2616 P.‘342.
1149 2574 1271 2621 ὅπως
1288 2577 1388 2658 ἔξω,
1413 2571 1434 2630 ξ
1457 2575 1509 2624 σὺ
1535 2578 1604 2613 ιε’-

938 2637 1036 2669 γεις
1052 2625 1207 2668 τοῦτο,
1226 2635 1307 2667 περ
1345 2619 1485 2667 ἐπων]
1506 2634 1604 2666 quo-

937 2670 1058 2704 modo
1082 2681 1144 2703 me
1169 2670 1350 2703 habeam
1380 2667 1466 2710 περὶ
1489 2663 1602 2710 ἐπῶν,

937 2720 977 2747 ut
1001 2720 1041 2747 tu
1066 2716 1176 2747 istuc
1199 2715 1406 2757 appellas.
1439 2713 1607 2755 Respicit

938 2760 984 2792 ad
1015 2759 1127 2792 verba
1157 2758 1380 2802 Protagorae
1413 2768 1448 2801 p.
1471 2758 1537 2791 338
1553 2757 1603 2789 E:

938 2799 1103 2847 ἡγοῦμαι
1125 2821 1171 2827 -
1192 2797 1263 2847 ἐγώ
1286 2797 1399 2845 ἀνδρὶ
1423 2799 1603 2839 παιδείας
