1702 2924
525 180 769 221 GORGIAS.
799 181 843 219 P.
879 181 974 219 476.
1005 181 1066 219 ed.
1097 179 1153 219 St.
1439 177 1515 216 177

157 291 338 345 πάσχον,
370 287 394 331 ὃ
422 291 471 332 τὸ
499 293 659 332 ποιοῦν
685 292 810 339 ποιεῖ,
839 287 909 330 καὶ
938 295 1162 337 τοιοῦτον,
1203 282 1300 329 οἷον
1327 289 1444 328 ποιεῖ
1467 286 1516 328 τὸ

156 358 339 405 ποιοῦν;
379 354 488 409 λέγω
529 355 575 397 δὲ
602 353 651 397 τὸ
680 354 870 397 τοιόνδε·
912 353 952 394 εἴ
986 369 1048 402 τις
1075 355 1246 397 τύπτει.
1284 352 1449 406 ἀνάγκη
1477 367 1517 392 τι

158 421 417 470 τύπτεσθαι,·
449 422 588 462 ΠῼΛ.
617 416 821 474 Ἀνάγκη.
862 421 961 461 ΣΩ.
996 417 1083 459 Καὶ
1113 418 1149 459 εἰ
1176 417 1345 472 σφόδρα
1370 417 1516 459 τύπτει

154 485 181 541 ἢ
210 486 315 540 ταχὺ
344 485 368 527 ὁ
394 486 590 534 τύπτων,
631 484 744 527 οὕτω
771 484 843 526 καὶ
870 484 918 526 τὸ
946 483 1218 536 τυπτόμενον
1253 483 1513 531 τύπτεσθαις
1547 490 1584 534 C

160 553 302 594 ΠῼΛ.
349 551 450 592 Ναί.
508 552 605 592 Σῼ.
653 553 865 592 Τοιοῦτον
893 552 977 602 ἄρα
1005 550 1149 597 πάθος
1175 550 1235 605 τῷ
1261 546 1516 604 τυπτομένῳ

157 614 283 667 ἐστίν,
313 611 409 658 οἷον
438 615 493 657 ἂν
520 616 568 658 τὸ
596 615 759 657 τύπτον
786 622 910 669 ποιῇ;
967 616 1107 656 Ima,
1145 614 1270 655 Πάνυ
1298 628 1358 668 γε.
1415 614 1514 654 Σῼ.

161 682 336 723 Οὐκοῦν
364 681 434 723 καὶ
474 681 511 722 εἰ
538 681 647 723 καίει
685 696 770 731 τις,
810 681 976 734 ἀνάγκη
1012 695 1052 721 τι
1091 679 1313 729 καίεσθαις
1374 680 1513 720 ΠΩΛ.

161 749 261 795 Πῶς
288 746 371 800 γὰρ
400 749 472 797 οὔ,-
514 748 612 788 Σῼ.
646 746 733 787 Καὶ
762 746 798 787 εἰ
826 745 997 797 σφόδρα
1025 760 1072 799 γε
1101 744 1210 786 καίει
1237 743 1264 798 ἢ
1294 745 1514 798 ἀλγεινῶς,

155 810 268 852 οὕτω
308 812 507 854 καίεσθαι
546 814 594 854 τὸ
634 812 891 866 καιόμενον,
934 811 992 860 ὡς
1030 810 1084 852 ἂν
1124 807 1173 851 τό
1226 812 1354 850 καῖον
1393 810 1515 863 naim

163 877 304 917 ΠΩΛ.
335 879 465 919 Πάνυ
494 891 553 931 γε.
584 878 684 919 Σῼ.
713 877 887 918 Οὐκοῦν
913 874 986 917 καὶ
1014 876 1050 916 εἰ
1070 873 1211 928 τέμνει
1227 889 1303 923 τις,
1332 873 1356 915 ὁ
1385 873 1517 923 αὐτὸς

155 943 308 996 λόγος;
335 943 529 996 τέμνεται
555 942 639 996 γάρ
667 956 718 984 τι.
764 943 907 983 ΠΩΛ.
938 941 1040 982 Ναί.
1096 941 1194 981 Σῼ.
1228 938 1315 980 Καὶ
1343 939 1379 980 εἰ
1410 938 1517 993 μέγα

157 1022 204 1061 γε
233 1008 260 1062 ἢ
290 1007 410 1062 βαθὺ
450 1007 498 1049 τὸ
525 1011 669 1062 τμῆμα
697 1007 723 1061 ἢ
764 1006 989 1060 ἀλγεινόν,
1046 1008 1248 1046 τοιοῦτον
1284 1011 1428 1059 τμῆμα
1455 1003 1516 1045 τέ·
1559 1014 1599 1056 D

159 1088 307 1127 μνεται
343 1074 391 1115 τὸ
428 1074 713 1127 τεμνόμενον,
754 1067 850 1114 οἷον
888 1073 936 1112 τὸ
975 1069 1131 1124 τέμνον
1168 1067 1332 1123 τέμνει;
1375 1071 1514 1111 ΠῼΛ.

163 1139 376 1180 Φαίνεται.
433 1140 529 1179 ΣΩ.
560 1137 822 1191 Συλλήβδην
851 1136 902 1190 δὴ
932 1135 1027 1189 ὅρα,
1057 1135 1091 1176 εἰ
1120 1126 1342 1188 ὁμολογεῖς
1369 1136 1392 1176 ὃ
1421 1138 1516 1188 ἄρτι

0 1231 3 1236 ’
159 1202 304 1257 ἔλεγον
332 1203 426 1257 περὶ
455 1204 653 1244 πάντων·
694 1198 790 1243 οἷον
819 1201 873 1243 ἂν
901 1206 1004 1255 ποιῇ
1031 1202 1079 1242 τὸ
1109 1207 1290 1252 ποιοῦν,
1319 1207 1516 1242 τοιοῦτον

0 1288 6 1313 ⁸.
159 1269 206 1310 τὸ
235 1269 400 1322 πάσχον
427 1269 614 1322 πάσχειν.
648 1269 789 1308 ΠΩΛ.
815 1260 930 1307 Ἀλλ’
961 1265 1170 1320 ὁμολογῶ.
1206 1267 1302 1307 Σῼ.
1339 1267 1516 1307 Τούτων

158 1333 210 1388 δὴ
241 1332 623 1388 ὁμολογουμένων,
664 1332 712 1374 τὸ
751 1332 875 1386 δίκην
913 1331 1080 1373 διδόναι
1117 1331 1302 1384 πότερον
1339 1331 1517 1385 πάσχειν

226 1473 264 1506 C.
291 1473 500 1506 Τοιοῦτον
535 1470 616 1512 ἄρα
648 1469 806 1515 πάθος]
843 1472 884 1504 V.
912 1470 960 1504 Τὸ
986 1475 1144 1504 τοιοῦτον
1169 1469 1238 1514 ἄρα
1263 1483 1297 1504 π.
1321 1471 1514 1504 Articulum

159 1518 238 1552 libri
262 1529 341 1551 mss.
366 1529 484 1551 omnes
509 1518 670 1550 omittunt
691 1521 829 1559 praeter
852 1518 930 1549 Par.
955 1517 1030 1549 EF.
1056 1517 1148 1549 Flor.
1172 1517 1196 1549 f.
1221 1528 1247 1551 Β.

225 1563 268 1596 εἰ
289 1565 402 1597 καίει
427 1562 499 1607 τις]
524 1562 599 1595 κάει
622 1566 658 1595 et
680 1561 830 1596 κάεσθαι
854 1562 940 1594 Ven.
968 1561 1048 1595 ΣΞ.
1067 1562 1171 1595 vind.
1195 1561 1226 1595 2.
1251 1560 1282 1594 7.
1301 1563 1390 1604 Aug.
1415 1561 1513 1595 Bodl.

158 1620 234 1642 cum
258 1609 312 1641 ed.
335 1610 413 1643 Bas.
437 1607 470 1641 2.
515 1609 573 1641 Sic
598 1609 702 1640 etiam
725 1609 762 1640 in
785 1607 963 1651 proximis.

229 1652 410 1687 Οὐκοῦν
435 1655 503 1686 καὶ
530 1653 576 1686 εἰ
597 1653 743 1693 τέμνει
769 1652 841 1696 τις]
888 1653 946 1685 Sic
972 1651 1067 1685 Stob.
1093 1652 1185 1686 Flor.
1211 1663 1241 1684 a.
1267 1651 1298 1684 d.
1324 1662 1351 1684 s.
1398 1652 1514 1694 Vulgo

161 1712 199 1738 n,
224 1700 315 1741 quod
338 1699 480 1732 retinuit
502 1698 651 1732 Bekker.
684 1715 688 1718 »
1462 1737 1474 1742 ⁴

226 1745 269 1777 D.
295 1741 395 1777 οἷον
425 1742 479 1777 ἂν
511 1746 611 1786 ποιῇ
646 1742 689 1775 τὸ
724 1742 900 1784 ποιοῦν]
935 1743 1027 1775 Flor.
1052 1753 1086 1776 x.
1123 1746 1156 1774 et
1186 1741 1237 1774 ed.
1262 1742 1339 1774 Bas.
1365 1740 1397 1773 2.
1434 1743 1515 1772 οἱον

156 1787 199 1821 ἄν
223 1802 250 1821 τι
274 1793 354 1832 ποιῇ
378 1786 414 1821 τὸ
439 1801 472 1821 π.
520 1789 587 1822 Sed
609 1789 676 1822 isto
706 1800 734 1821 τι
764 1799 834 1820 non
859 1791 911 1820 est
943 1798 1047 1830 opus,
1080 1797 1185 1829 quum
1209 1797 1332 1819 sensus
1364 1786 1420 1818 hic
1452 1787 1512 1817 sit:

160 1834 292 1877 quale
323 1835 473 1875 estid,
505 1834 615 1877 quod
647 1834 815 1866 efficax
848 1837 932 1874 est,
964 1836 1003 1865 ut
1027 1837 1141 1865 ποιεῖν
1173 1832 1247 1864 sine
1273 1842 1357 1864 casu
1388 1832 1514 1864 obiecti

160 1880 309 1923 positum
334 1880 389 1912 sit.

161 1990 303 2033 πάσχων
346 1990 402 2023 καὶ
443 1990 600 2032 παρέχων
637 1993 804 2030 τιμωρίαν

162 2032 264 2080 ἦττον
287 2033 501 2078 ἀθλιώτερός
533 2035 604 2068 ἐστι
635 2039 695 2067 τοῦ
725 2033 802 2068 α’δι-

161 2085 306 2115 κοῦντος
322 2080 396 2121 μέν,
421 2079 532 2123 μηδὲν
549 2081 589 2114 δὲ
606 2078 802 2120 ὑπομένον-

163 2139 228 2163 τος,
252 2123 322 2159 ἀλλ’
346 2123 401 2158 ἀεὶ
426 2123 638 2160 ἀδικοῦντος.
671 2123 804 2158 τούτων

164 2174 284 2203 τοίνυν
302 2169 338 2204 τὸ
353 2171 419 2210 μὲν
434 2169 607 2213 πρότερον
623 2169 802 2208 δέδεικται,

164 2221 230 2249 νῦν
264 2216 302 2249 δὲ
325 2214 362 2248 τὸ
393 2214 562 2258 δεύτερον
592 2214 803 2249 κατασκευά-

162 2263 263 2303 ζεται.
300 2262 416 2294 Recte.
447 2261 587 2294 Iuvabit
619 2265 733 2294 autem
756 2265 804 2292 te-

162 2307 279 2339 nuisse
298 2306 475 2348 proximae
494 2307 802 2350 argumentationis

160 2353 252 2385 viam
290 2355 324 2384 et
368 2351 536 2383 rationem
581 2362 656 2384 esso
702 2351 801 2386 hanc.

162 2397 314 2429 Primum
337 2397 442 2439 igitur
477 2395 513 2429 τὸ
545 2394 680 2428 διδόναι
705 2395 805 2439 δίκην

160 2446 194 2474 et
227 2439 264 2475 τὸ
299 2439 486 2474 ἀδικοῦντα
527 2440 666 2475 δικαίως
702 2439 802 2473 κολά-

163 2488 288 2528 ζεσθαι
326 2486 418 2519 idem
461 2486 656 2528 significare
691 2491 804 2518 osten-

160 2531 251 2564 ditur
273 2531 428 2574 adeoque
453 2532 615 2563 continuo
645 2530 804 2564 admone-

158 2580 215 2608 tur
259 2576 423 2608 iustum
469 2577 574 2608 etiam
604 2576 803 2617 pulcrum

161 2632 236 2653 esse
268 2622 312 2664 (p.
336 2620 413 2654 476.
436 2621 503 2662 A.).
550 2622 640 2652 Tum
671 2631 753 2653 vero
785 2632 803 2653 e

162 2677 196 2698 re
220 2666 296 2707 ipsa
319 2666 459 2698 docetur
482 2677 571 2706 eum,
604 2666 662 2707 qui
685 2669 803 2698 recte

161 2712 322 2753 castiget,
354 2712 457 2743 etiam
492 2712 608 2743 iuste
633 2711 804 2752 castigare

227 2779 299 2803 Plat.
318 2778 390 2810 Opp.
410 2779 472 2805 Vol.
491 2779 527 2803 11.
547 2778 622 2803 Sect.
642 2779 664 2803 Ι.

871 1989 1017 2032 ideoque
1041 2000 1130 2030 eum,
1155 1990 1214 2031 qui
1238 1989 1441 2031 castigetur,
1464 1988 1515 2019 iu·

872 2039 925 2067 sta
947 2035 1029 2077 pati.
1054 2035 1109 2067 Ex
1133 2045 1200 2077 quo
1225 2034 1411 2076 colligitur,
1435 2034 1516 2075 quia

871 2090 976 2122 supra
998 2091 1030 2122 p.
1055 2078 1133 2113 475.
1156 2080 1193 2112 Β.
1219 2084 1252 2112 et
1275 2078 1352 2112 476.
1373 2080 1411 2111 Β.
1437 2089 1514 2111 con-

872 2135 1008 2158 cessum
1031 2129 1083 2157 est
1106 2126 1226 2158 iusta
1249 2135 1323 2157 esse
1346 2124 1424 2167 pul
1435 2134 1516 2163 cra,

872 2175 905 2203 et
937 2171 1162 2213 castigantem
1197 2170 1309 2202 facere
1347 2174 1381 2202 et
1414 2170 1515 2201 easti-

870 2220 989 2258 gatum
1019 2216 1092 2258 pati
1138 2215 1212 2258 pul
1223 2226 1304 2248 cra.
1353 2214 1484 2246 Pulcr
1495 2225 1515 2246 a

872 2266 987 2293 autem
1004 2261 1085 2292 item
1108 2259 1131 2292 b
1141 2271 1160 2292 ο
1169 2271 1191 2292 n
1201 2271 1222 2292 a
1245 2270 1321 2292 esse
1332 2261 1376 2301 (v.
1390 2270 1423 2301 p.
1436 2257 1513 2293 475.

871 2305 923 2348 B.)
941 2306 1022 2348 quia
1038 2306 1157 2348 liquet,
1182 2306 1406 2346 consequitur
1424 2315 1514 2344 eum,

872 2351 932 2393 qui
945 2361 1076 2393 poenas
1096 2350 1163 2391 det,
1187 2350 1210 2382 b
1219 2362 1239 2383 ο
1248 2361 1299 2383 na
1310 2351 1394 2392 pati,
1418 2359 1514 2392 prae-

871 2397 987 2428 sertim
1012 2407 1115 2438 quum
1146 2396 1280 2428 animi
1310 2395 1403 2428 malo
1430 2393 1515 2428 libe-

872 2445 973 2475 retur.

917 2486 999 2528 Cap.
1047 2485 1194 2517 XXXII.
1241 2486 1283 2517 D.
1333 2483 1419 2517 Τού
1431 2497 1445 2516 τ
1456 2496 1482 2516 ω
1498 2496 1515 2514 ν

873 2528 926 2573 δὴ
950 2528 1294 2573 ὁμολογουμένω
1308 2529 1338 2573 ν]
1376 2530 1513 2570 Quum

871 2576 1011 2618 igitur
1058 2575 1078 2606 d
1092 2586 1110 2606 e
1156 2575 1226 2607 his
1272 2575 1390 2607 inter
1436 2585 1514 2606 nos

872 2621 1125 2652 conveniat.
1172 2621 1312 2659 Monui,
1352 2630 1395 2651 ne
1437 2619 1515 2659 quis

872 2662 1128 2708 ὡμολογημένα)
1135 2676 1153 2695 ν
1197 2666 1354 2706 corrigat.
1401 2675 1432 2694 v.
1471 2663 1514 2694 ad

873 2710 1005 2743 Criton.
1031 2721 1064 2751 Ρ.
1087 2708 1140 2742 48.
1166 2710 1202 2741 Β.

1203 2775 1244 2808 12
