1722 2964
497 113 916 149 PROTAGORAS.
946 113 990 149 P.
1013 115 1094 149 343.
1124 112 1206 150 ST.

1483 108 1564 152 131

248 232 338 277 Τοῦ
363 228 419 288 δὴ
437 231 568 276 ἕνεκα
589 227 728 274 ταῦτα
752 224 995 285 λέγω;”οτι
1019 219 1146 280 οὗτος
1163 223 1187 271 ὅ
1211 223 1371 284 τρόπος
1394 218 1452 284 ἦν
1474 228 1565 272 τῶν

139 301 348 345 παλαιῶν
370 300 448 356 τῆς
472 299 761 356 φιλοσοφίας,
793 299 1068 355 βραχυλογία
1101 313 1166 347 τις
1195 291 1440 352 Λακωνική.
1490 295 1565 338 καὶ

140 367 196 426 δὴ
215 368 288 412 καὶ
305 368 384 412 τοῦ
402 365 625 411 Πιττακοῦ
644 366 738 424 ἰδίᾳ
762 365 1047 422 περιεφέρετο
1065 364 1194 408 τοῦτο
1217 360 1267 407 τὸ
1286 363 1405 421 ρ”ἦμα
1424 362 1564 420 ἐγκω-

137 433 400 494 μιαζόμενον
423 431 511 478 ὑπὸ
528 434 620 478 τῶν
637 433 806 489 σοφῶν,
831 429 887 476 τὸ
911 428 1156 490 χαλεπὸν
1180 428 1385 476 ἐσθλὸν
1409 433 1565 488 ἔμμε-

138 522 239 549 ναι.
266 501 290 547 ὁ
314 494 397 547 οὗν
421 503 693 559 Σιμωνίδης,
720 496 796 545 ἅτε
820 497 1050 557 φιλότιμος
1069 494 1133 544 ὢν
1157 498 1230 543 ἐπὶ
1253 502 1406 558 σοφίᾳ,
1431 502 1563 555 ἔγνω,

136 569 227 628 ὅτι,
263 574 303 616 εἰ
326 570 510 615 καθέλοι
532 570 660 614 τοῦτο
682 565 732 612 τὸ
756 568 874 627 ῥῆμα
899 564 1049 626 ὥσπερ
1074 563 1396 624 εὐδοκιμοῦντα
1419 563 1565 624 ἀθλη-

133 680 310 722 Delphici
350 679 471 711 cultus
516 678 623 710 initia
669 676 809 710 retulit.

135 725 238 758 Stob
255 724 384 758 Floril.
403 726 458 763 21,
471 724 532 756 26:
549 717 621 766 πρὸ
639 722 810 760 Χίλωνος

133 762 183 814 ἦν
215 766 271 803 ἔτι
303 764 549 824 οἷναγραπτον
586 762 651 807 (τὸ
684 766 810 811 γνῶθι

129 810 296 873 σαυτόν)
338 809 379 848 ἔν
418 814 469 860 τῷ
497 810 706 865 ἴὸρυθέντι
737 812 810 857 νεῷ

129 862 227 904 ’μετα
257 871 324 894 τον
350 849 530 912 πέτρὶνόν
553 868 595 891 τε
622 855 690 890 καὶ
720 847 812 901 χαί-

132 906 247 948 κοῦν,
279 899 459 946 καθάπερ
486 898 738 946 Ἀριστοτέλης
771 897 812 936 ἐν

132 953 214 990 τοῖς
229 948 316 993 περὶ
334 948 567 992 φιλοσοφίας
586 947 731 992 εἴρηκε,
759 949 807 981 cf.

130 996 298 1038 Bernays
320 994 508 1027 Aristotel.
526 994 676 1036 Dialog.
699 1003 735 1036 p.
753 995 810 1026 97.

129 1041 186 1074 Ab
194 1040 405 1073 Aristotelis
422 1040 611 1072 sententia
626 1049 701 1071 non
717 1038 812 1071 mul-

128 1089 207 1118 tum
224 1086 443 1123 abhorrent,
459 1094 554 1126 quae
573 1083 711 1116 Critias
728 1094 812 1126 per-

131 1134 284 1164 sonatus
308 1131 459 1173 exponit
482 1128 667 1161 Charmid.
692 1139 727 1171 p.
747 1130 812 1162 164

129 1177 163 1209 D
182 1186 261 1218 sqq.
293 1175 478 1217 Apollinis
500 1176 741 1216 praeceptum
757 1173 810 1206 di-

132 1222 183 1254 cit
192 1220 323 1253 Cicero
340 1220 385 1253 de
398 1219 527 1262 Leg.I.
545 1221 600 1257 22,
618 1220 683 1251 58:
701 1219 810 1251 huius

130 1266 325 1309 praecepti
340 1268 447 1297 tanta
469 1265 527 1298 vis
546 1267 582 1297 et
598 1266 705 1296 tanta
728 1274 810 1296 sen-

130 1311 250 1344 tentia
269 1314 341 1351 est,
364 1312 405 1342 ut
422 1320 467 1342 ea
483 1319 556 1342 non
579 1309 718 1342 homini
734 1309 811 1341 cui-

130 1357 243 1400 piam,
261 1355 325 1388 sed
340 1355 525 1398 Delphico
542 1353 611 1387 deo
628 1354 810 1387 tribuere-

129 1405 205 1441 tur,
232 1401 283 1434 cf.
300 1401 411 1433 Tusc.
427 1400 455 1432 Ι.
481 1401 537 1441 22,
555 1401 608 1433 52.
639 1399 810 1433 Iuvenal.

132 1448 186 1488 11,
205 1447 268 1479 227
302 1456 321 1478 e
340 1445 444 1478 coelo
467 1444 660 1478 descendit
683 1443 808 1488 γνῶθι

131 1486 314 1533 σεαυτόν,
353 1490 557 1533 Figendum
588 1492 626 1522 et
658 1491 810 1522 memori

128 1536 362 1569 tractandum
383 1538 544 1578 pectore.
582 1534 640 1567 De
663 1535 733 1567 hoc
750 1545 808 1567 re-

127 1581 314 1623 liquisque
337 1580 448 1612 dictis
472 1579 718 1618 brevissimis,
742 1579 807 1612 sed

125 1626 323 1669 plurimum
361 1625 535 1667 ponderis
579 1625 807 1658 habentibus

128 1671 258 1704 Senec.
277 1672 384 1714 epist.
402 1671 463 1703 94:
490 1670 596 1703 Haec
621 1680 703 1702 cum
727 1671 807 1703 ictu

128 1716 285 1758 quodam
314 1715 500 1755 audimus,
533 1726 602 1747 nec
623 1715 694 1747 ulli
715 1715 808 1748 licet

128 1761 299 1793 dubitare
333 1762 399 1792 aut
429 1761 678 1802 interrogare3
713 1760 806 1793 adeo

129 1806 242 1838 etiam
268 1806 349 1838 sine
371 1806 519 1837 ratione
549 1806 633 1847 ipsa
662 1806 805 1838 veritas

128 1850 241 1885 ducit.
259 1860 294 1883 v.
311 1850 490 1882 Themist.
508 1850 625 1884 οι.26.
643 1851 752 1893 p.317
761 1851 803 1885 A.

126 1896 235 1938 Diog.
254 1896 380 1930 Laert.
396 1893 424 1933 Ι,
442 1896 496 1927 41.

177 1939 270 1974 Τοῦ
294 1935 349 1982 δὴ
366 1958 413 1963 —-
429 1937 590 1984 λέγως]
617 1938 806 1983 Saepenu-

126 1995 227 2018 mero
258 1985 355 2028 apud
377 1984 570 2017 Platonem
598 1985 806 2018 huiusmodi

125 2030 436 2073 interrogationes
444 2031 624 2063 orationis
639 2031 805 2063 animan-

128 2075 198 2108 dae
215 2076 338 2118 gratia
362 2075 494 2108 inferri
510 2075 693 2108 docebunt
709 2086 804 2118 quae

128 2119 284 2172 diximus
302 2119 349 2152 ad
366 2121 476 2163 Gorg.
494 2130 529 2163 p.
541 2122 610 2153 453
624 2120 666 2155 C.
683 2120 805 2154 Stallb.

173 2164 260 2198 τῶν
297 2164 510 2198 παλαιῶν
549 2164 629 2208 τῆς
669 2167 804 2208 φιλο-

127 2219 214 2253 σοφ
223 2208 319 2254 ιάς]
341 2210 526 2244 Observes
543 2211 707 2244 ordinem
723 2222 804 2244 ver—

125 2256 265 2288 borum.
298 2256 461 2298 Opponit
483 2256 579 2288 enim
602 2253 805 2299 εἰρωνικῶς

125 2303 326 2333 veterum
344 2301 584 2343 sapientiam,
608 2312 703 2344 quae
721 2312 804 2334 cum

125 2345 426 2387 breviloquentia
471 2349 554 2379 erat
593 2348 802 2384 coniuncta,

126 2390 375 2434 nophistarum
387 2391 536 2432 rationi,
557 2392 621 2433 qui
633 2391 805 2425 solebant

126 2434 361 2479 δημηγορεῖν
417 2433 486 2468 καὶ
527 2438 802 2487 μακρολογεῖν,

125 2480 282 2523 ideoque
300 2480 376 2514 τῶν
391 2480 570 2514 παλαιῶν
587 2483 703 2534 primo
721 2482 804 2515 loco

127 2525 340 2559 collocavit.
386 2526 516 2568 Neque
539 2527 636 2558 enim
658 2527 696 2558 in
718 2527 803 2560 tali-

125 2570 193 2603 bus
230 2571 382 2614 perinde
423 2574 494 2613 est,
540 2571 610 2604 hoc
642 2582 690 2604 an
729 2572 803 2606 alio

126 2615 232 2649 modo
247 2617 364 2650 verba
382 2616 624 2651 collocentur.
655 2617 713 2649 De
731 2628 803 2660 qua

128 2670 169 2692 re
195 2659 268 2694 hac
299 2662 494 2695 occasione
522 2661 650 2694 oblata
672 2664 803 2704 paucis

129 2704 316 2747 explicare
339 2707 454 2741 iuvat.
492 2707 627 2748 Itaque
645 2707 803 2748 quadru-

126 2749 215 2792 plex
252 2761 332 2785 esse
364 2754 487 2795 potest
517 2753 624 2784 istius
655 2754 802 2795 generis

127 2795 313 2828 nominum
357 2797 671 2830 substantivorum
717 2809 801 2831 con—

128 2839 285 2883 iunctio,
308 2851 404 2883 quae
426 2852 651 2886 magnopere
668 2852 801 2876 caven-

879 675 962 709 dum
987 679 1061 717 est,
1090 687 1136 709 ne
1159 676 1198 709 vi
1221 679 1258 708 et
1287 686 1356 708 usu
1380 685 1445 708 suo
1468 675 1562 708 nihil

878 702 1091 764 discrepare
1122 723 1286 764 putetur.
1323 721 1378 753 Ac
1407 721 1564 764 primum

880 767 1026 808 quidem
1049 767 1122 799 dici
1144 769 1289 809 potest·
1320 761 1345 809 ἡ
1379 766 1455 799 τῶν
1486 777 1560 799 πα-

882 811 1001 845 λαιῶν
1024 811 1157 854 σοφία
1192 812 1272 852 Quo
1295 811 1401 844 modo
1421 811 1559 845 Graeci

879 858 981 900 loqui
997 857 1138 898 solent,
1164 866 1273 898 quum
1289 857 1482 898 utriusque
1499 867 1564 889 no-

880 903 989 935 minis
1008 913 1053 935 ea
1078 905 1136 936 est
1154 902 1385 943 coniunctio,
1410 905 1452 934 ut
1473 912 1563 934 neu-

880 951 976 981 trum
991 948 1030 980 vi
1046 958 1114 980 sua
1130 958 1220 990 prae
1244 947 1363 980 altero
1388 947 1563 988 emineat,

880 993 946 1026 sed
964 993 1123 1026 alterum
1147 1002 1230 1025 cum
1253 992 1373 1025 altero
1390 992 1429 1024 in
1451 1002 1564 1025 unam

882 1039 992 1080 quasi
1015 1041 1124 1070 coeat
1146 1038 1347 1070 notionem.
1386 1037 1492 1070 Unde
1509 1037 1562 1079 fit,

880 1086 923 1115 ut
952 1083 1080 1125 lingua
1113 1083 1339 1115 Germanica
1379 1092 1563 1125 saepenu-

880 1139 980 1162 mero
1006 1128 1219 1170 compositis
1250 1130 1380 1160 utatur
1406 1128 1563 1160 nomini—

879 1174 967 1214 bus,
1002 1183 1113 1216 quum
1135 1172 1346 1206 istiusmodi
1367 1173 1565 1206 verborum

882 1219 1161 1262 comprehensio
1200 1218 1402 1273 diligenter
1441 1219 1564 1271 expri

880 1264 1013 1297 menda
1030 1267 1099 1298 est.
1123 1262 1251 1296 Veluti
1268 1260 1292 1306 ἢ
1307 1262 1376 1296 τοῦ
1392 1260 1563 1306 πολέμου

880 1304 975 1353 τύχη
1016 1310 1237 1342 Geimanice
1276 1308 1430 1341 reddas·
1478 1295 1562 1341 das

879 1353 1294 1398 Kriegsgeschick;
1312 1349 1337 1396 ἡ
1356 1352 1433 1387 τῶν
1449 1354 1564 1386 πολε-

878 1400 976 1443 μίων
988 1399 1050 1443 γῆ,
1065 1399 1144 1432 das
1157 1400 1187 1431 F
1200 1378 1475 1432 eindesland
1488 1401 1563 1434 etc.

876 1445 1032 1478 Prorsus
1058 1444 1134 1477 alia
1157 1444 1255 1476 ratio
1279 1447 1353 1485 est,
1379 1454 1491 1485 quum
1507 1444 1563 1476 di-

880 1491 975 1522 citur
991 1485 1014 1533 ἡ
1034 1489 1153 1532 σοφία
1170 1488 1246 1522 τῶν
1261 1488 1450 1522 παλαιῶν.
1479 1489 1562 1522 Hoc

878 1536 976 1567 enim
991 1534 1098 1568 modo
1123 1535 1187 1576 qui
1203 1534 1384 1576 loquitur,
1407 1535 1439 1566 is
1462 1535 1560 1577 prio-

875 1590 954 1613 rem
970 1581 1165 1614 verborum
1182 1583 1328 1622 partem
1349 1589 1440 1612 sono
1458 1580 1562 1612 acuit

877 1628 990 1668 atque
1008 1625 1287 1668 sapientiam
1303 1627 1474 1658 veterum
1485 1624 1563 1657 dis-

876 1671 1014 1714 tinguit
1042 1672 1088 1704 ab
1115 1670 1191 1703 alia
1220 1669 1380 1712 quadam
1401 1680 1442 1703 re
1474 1667 1561 1714 [ve-

875 1714 1027 1758 terum],
1052 1725 1163 1758 quam
1185 1725 1258 1748 non
1280 1715 1363 1748 vult
1386 1725 1470 1748 cum
1491 1715 1560 1748 illa

878 1760 1054 1794 confundi
1072 1765 1137 1793 aut
1152 1760 1366 1803 permutari.
1400 1759 1560 1793 Contra·

874 1807 932 1839 ria
955 1806 1043 1839 huic
1066 1806 1163 1838 ratio
1186 1808 1262 1858 est,
1294 1815 1403 1847 quum
1425 1804 1560 1838 dicitur

875 1851 952 1885 τῶν
973 1850 1151 1884 παλαιῶν
1173 1845 1196 1894 ἡ
1215 1850 1347 1893 σοφία.
1385 1851 1480 1884 Nam
1502 1851 1559 1883 ita

874 1899 958 1935 τοῖς
986 1897 1168 1934 παλαιοις
1199 1896 1416 1938 opponimus
1450 1896 1558 1937 alios,

875 1951 1029 1984 quorum
1048 1942 1236 1984 sapientia
1259 1942 1310 1973 sit
1333 1941 1429 1984 alia,
1455 1941 1558 1974 ideo-

875 1997 943 2029 que
973 1987 1085 2029 priori
1106 1987 1204 2029 parti
1231 1986 1428 2019 verborum
1458 1987 1559 2019 inter

874 2042 912 2065 se
944 2033 1153 2065 iunctorum
1183 2032 1361 2064 maiorem
1391 2033 1466 2064 vim
1493 2033 1558 2064 tii-

872 2077 1021 2110 buimus
1050 2087 1158 2119 quam
1186 2077 1395 2119 posteriori.
1442 2078 1558 2110 Deni-

874 2131 945 2164 que
977 2122 1136 2155 articulo
1168 2122 1306 2155 iterato
1338 2122 1489 2155 dicitur·
1530 2117 1555 2164 ἡ

874 2167 994 2210 σοφία
1019 2162 1042 2210 ἡ
1061 2166 1136 2200 τῶν
1158 2166 1356 2209 παλαιῶν,
1390 2167 1486 2210 quod
1503 2167 1555 2205 fit,

874 2222 985 2254 quum
1002 2223 1134 2246 nomen
1155 2213 1295 2245 nomini
1317 2223 1384 2255 per
1407 2212 1558 2255 apposi-

872 2259 1012 2291 tionem
1030 2258 1214 2290 adiicitur.
1230 2257 1351 2298 Atque
1365 2257 1460 2290 haec
1477 2258 1556 2298 qui-

874 2303 955 2336 dem
992 2303 1186 2337 verborum
1218 2303 1429 2335 coniunctio
1469 2312 1556 2336 con-

872 2351 977 2381 stans
994 2351 1051 2381 est
1070 2351 1106 2380 et
1121 2347 1308 2389 legitima3
1342 2357 1555 2390 quanquam

871 2392 954 2426 fieri
969 2392 1154 2426 interdum
1170 2394 1313 2435 potest,
1330 2396 1373 2425 ut
1389 2393 1555 2426 secunda

873 2441 986 2481 atque
1010 2439 1124 2470 tertia
1153 2438 1248 2470 ratio
1271 2440 1422 2481 propter
1452 2438 1554 2470 rhe-

872 2485 1065 2516 toricam
1082 2483 1248 2524 aliquam
1264 2483 1458 2516 verborum
1478 2483 1556 2515 col-

871 2529 1098 2561 locationem
1128 2529 1352 2563 immutetur.
1402 2528 1477 2560 Nos
1507 2527 1553 2560 de

872 2573 1175 2616 grammatica
1203 2574 1349 2606 ratione
1373 2573 1466 2605 haec
1495 2573 1551 2604 in-

871 2618 997 2661 telligi
1026 2618 1214 2658 volumus,
1247 2619 1368 2661 qualis
1396 2617 1552 2659 obtinet,

872 2674 983 2706 quum
1004 2663 1108 2696 nulla
1139 2665 1370 2697 extrinsecus
1404 2662 1554 2695 accedit

872 2719 987 2742 causa
1003 2709 1144 2742 inversi
1159 2709 1222 2742 vel
1240 2707 1450 2741 invertendi
1465 2708 1552 2740 sim-

870 2754 982 2797 plicis
1012 2754 1208 2787 verborum
1237 2753 1388 2786 ordinis.
1429 2753 1550 2786 Staub.

868 2809 904 2832 v.
922 2800 1038 2841 Kriig.
1057 2799 1120 2832 Gr.
1138 2801 1193 2832 50.
1212 2800 1244 2838 8,
1264 2800 1316 2831 11.

918 2843 956 2877 C.
1005 2841 1049 2877 εἰ
1084 2841 1283 2878 καθέλοι
1325 2842 1461 2876 τοῦτο
1501 2838 1549 2876 τὸ
