1682 2944
465 192 538 229 AD
567 189 810 230 GORGIAM
839 189 1050 228 PLATON
1050 189 1111 227 IS.
1430 191 1484 226 43

132 306 207 344 Sed
227 305 344 344 etiam
363 305 447 344 viro
466 304 672 344 sceleribus
692 303 840 353 polluto
858 303 987 353 puniri
1006 304 1145 342 melius
1164 316 1258 349 esse,
1279 314 1396 353 quam
1415 301 1486 339 ori-

131 363 278 400 minum
295 375 437 413 poenas
457 375 535 399 non
545 361 662 408 luere,
683 360 723 397 id
740 373 790 398 ex
806 373 851 398 eo
871 372 1067 410 apparere,
1089 361 1202 412 quod,
1222 372 1342 411 quum
1359 358 1488 396 omnia

130 419 232 457 iuste
276 420 379 457 facta
425 419 519 456 item
565 417 700 468 pulcra
737 417 816 455 sint
852 416 1015 468 ideoque
1051 418 1157 456 iusta
1193 428 1318 466 poena
1355 416 1488 454 eadem

132 476 266 526 pulcra
303 475 448 514 censeri
484 475 643 521 debeat,
689 473 803 512 simul
839 486 932 512 vero
975 474 1094 513 etiam
1132 473 1401 511 liberationem
1438 473 1487 510 ab

133 532 389 582 improbitate,
417 544 565 569 summo
596 530 712 568 animi
732 530 844 577 malo,
874 530 1023 578 afferat,
1052 531 1097 578 is,
1129 530 1196 582 qui
1222 530 1379 580 impune
1408 541 1488 567 sce-

136 589 258 627 lestus
292 588 361 635 sit,
402 588 597 627 iniustitia
635 591 683 626 et
722 587 1026 637 turpissima
1064 591 1112 626 et
1141 586 1360 637 pessima
1396 598 1487 623 ma-

136 645 370 697 ximeque
406 645 644 682 damnosa
681 644 854 682 laborare.
883 644 1111 682 iudicandus
1140 643 1201 682 sit.
1259 644 1321 681 Ex
1349 642 1489 695 quibus

133 702 310 740 omnibus
339 702 505 753 denique
543 701 737 750 colligitur
774 700 985 739 maximum
1012 702 1156 740 bonum
1185 713 1269 738 esse
1297 699 1491 738 iniustitia

134 771 290 806 vacare,
320 771 441 810 quum
469 762 599 796 autem
635 757 802 795 iniustus
830 757 901 804 sis,
944 759 991 796 ab
1021 771 1067 796 ea
1103 757 1298 795 iniustitia
1335 756 1490 795 liberari

134 828 282 852 summo
321 815 412 853 huic
449 815 548 853 bono
587 827 670 853 esse
699 814 936 864 proximum,
977 814 1150 852 omnium
1187 818 1317 852 autem
1355 813 1490 851 miser-

104 870 114 874 ”
134 870 274 909 rimum
303 885 386 910 esse
413 871 601 911 iniustum
629 884 712 909 esse
742 884 867 922 neque
887 872 1020 921 poenis
1049 871 1202 909 luendis
1231 871 1279 908 ab
1297 868 1491 908 iniustitia

136 928 287 966 avocari
316 932 356 967 et
384 929 433 966 ad
460 928 650 967 iustitiam
680 928 852 966 converti
890 928 942 978 (p.
974 929 1223 966 476.—479.
1254 926 1328 975 E.).
1385 926 1491 964 Hinc

138 989 268 1035 autem
296 985 474 1032 efficitur,
514 990 559 1023 ut
586 985 720 1023 rhetor
747 997 818 1022 nec
849 985 934 1023 aliis
962 985 1104 1023 inferre
1134 985 1273 1022 debeat
1308 983 1491 1021 injuriam

136 1054 293 1080 —nam
309 1041 349 1080 id
359 1042 504 1080 malum
513 1042 664 1093 ipsique
677 1042 903 1079 damnosum
921 1046 991 1089 est,
1002 1041 1179 1080 nec—-si
1191 1040 1334 1079 iniuste
1357 1040 1491 1089 egerit,

136 1098 177 1135 id
205 1099 379 1145 studere,
418 1102 463 1137 ut
490 1111 653 1148 poenam
681 1098 861 1147 effugiat,
901 1099 1083 1150 quoniam
1119 1097 1291 1149 alioquin
1320 1097 1491 1135 omnium

136 1155 236 1193 foret
262 1155 499 1193 miserrimus
535 1155 587 1205 (p.
617 1158 710 1193 480.
742 1158 834 1192 481.
865 1155 936 1203 B.).
994 1157 1134 1207 Itaque
1164 1155 1286 1193 altera
1313 1154 1386 1192 hac
1415 1153 1491 1192 dis-

137 1211 349 1261 putationis
377 1215 487 1261 parte
517 1215 677 1262 apparet
705 1211 859 1249 omnino
887 1212 925 1250 id
956 1212 1035 1261 agi,
1064 1216 1127 1259 ut,
1157 1212 1250 1250 dum
1277 1210 1491 1249 rhetoricae

140 1272 180 1305 et
208 1268 282 1306 arti
311 1268 415 1306 civili
443 1269 528 1306 laus
556 1281 727 1306 summae
754 1269 951 1318 potentiae
978 1269 1145 1319 indeque
1172 1267 1382 1306 exorientis
1411 1267 1492 1318 opi-

139 1329 254 1362 natae
300 1325 495 1363 felicitatis
542 1325 723 1375 eripitur,
773 1325 906 1363 eadem
944 1338 1060 1376 opera
1103 1325 1265 1363 honeste
1312 1325 1492 1376 iusteque

141 1380 278 1429 agendi
306 1381 446 1419 rationi
474 1394 545 1419 sua
561 1381 729 1430 dignitas
748 1381 967 1420 vindicetur
995 1386 1045 1430 et,
1064 1394 1213 1419 summo
1234 1382 1492 1419 humanarum

143 1436 336 1475 actionum
363 1438 452 1485 fine,
481 1438 554 1475 hoo
582 1442 642 1476 est
670 1439 781 1485 bono,
810 1438 851 1476 in
880 1438 1026 1477 illustri
1054 1438 1139 1476 luce
1169 1438 1363 1485 collocato,
1393 1439 1492 1476 bene

140 1494 377 1545 honesteque
415 1495 552 1543 agendi
589 1495 859 1533 necessitatem
896 1496 998 1532 omni
1036 1495 1141 1534 vitae
1180 1498 1364 1533 externae
1404 1507 1492 1533 con-

141 1550 286 1588 ditione
314 1556 354 1589 et
380 1551 536 1589 fortuna
563 1551 798 1601 superiorem
827 1565 910 1590 esse
939 1553 1232 1591 demonstretur.

225 1607 302 1644 Hic
347 1621 457 1655 vero,
506 1608 599 1645 Polo
637 1609 684 1646 ad
722 1608 920 1646 silentium
964 1609 1139 1656 redacto,
1189 1609 1307 1647 tertia.
1344 1607 1493 1646 orditur

142 1676 293 1713 pugnae
322 1677 428 1714 pars,
468 1677 567 1715 quae
606 1665 723 1703 etiam
760 1665 882 1704 multo
912 1666 1035 1703 acrior
1071 1669 1130 1703 est
1158 1669 1198 1704 et
1225 1665 1493 1704 vehementior

142 1720 402 1769 superioribus
431 1721 749 1759 contentionibus.
788 1722 920 1760 Prodit
949 1722 1052 1760 enim
1079 1723 1237 1760 tandem
1262 1723 1304 1759 in
1322 1722 1494 1760 medium

143 1776 338 1824 Callicles,
378 1778 490 1815 homo
519 1791 643 1827 nuper
671 1778 718 1815 ad
745 1779 1020 1829 rempublicam
1049 1791 1252 1827 aggressus
1286 1791 1492 1830 rerumque

143 1832 315 1871 civilium
343 1834 549 1881 studiosus,
579 1834 646 1885 qui
675 1835 852 1886 quamvis
881 1848 904 1873 a
932 1835 1197 1885 philosophiae
1226 1835 1353 1873 studio
1379 1835 1492 1885 plane

144 1902 303 1927 aversus
323 1890 435 1941 eique
454 1891 662 1928 iniuriosus
682 1891 743 1938 sit,
773 1896 903 1930 tamen
925 1892 1161 1930 novitiarum
1190 1892 1415 1942 opinionum
1433 1905 1492 1929 so-

143 1945 396 1994 phisticarum
423 1947 509 1984 labe
544 1947 710 1985 infectus
747 1952 806 1986 est
845 1961 888 1986 ac
915 1962 993 1986 non
1022 1948 1146 1986 solum
1173 1947 1340 1999 Δῆμον,
1379 1948 1489 2000 Pyri-

145 2001 282 2052 lampis
310 2002 453 2049 filium,
493 2004 561 2041 sed
590 2004 707 2042 etiam
736 2002 865 2055 δῆμον
892 2005 1172 2044 Atheniensem
1199 2006 1348 2055 perdite
1377 2008 1492 2052 amat,

145 2071 265 2108 purus
292 2063 410 2109 putus
438 2060 712 2098 democraticus
740 2061 790 2110 (p.
813 2064 906 2099 481.
923 2062 999 2110 Ι).).
1034 2063 1075 2100 Is
1104 2075 1196 2101 vero
1225 2062 1303 2100 iam
1322 2062 1493 2113 apertius

148 2114 265 2152 etiam
295 2116 476 2164 agendi
505 2117 763 2167 principia
800 2119 988 2166 declarat,
1027 2132 1126 2170 quae
1154 2119 1329 2158 rhetores
1359 2123 1399 2157 et
1426 2131 1492 2169 po-

145 2170 242 2209 litici
270 2172 408 2211 novitii
435 2177 664 2224 sequantur:
702 2187 800 2225 quae
829 2176 920 2212 dum
947 2175 1220 2222 refelluntur,·
1237 2176 1330 2227 quid
1358 2188 1493 2214 secun-

147 2227 238 2264 dum
265 2228 528 2279 philosophiae
555 2235 758 2280 praecepta
786 2231 827 2268 in
855 2232 960 2270 vitae
990 2232 1139 2270 actione
1167 2233 1406 2284 sequendum
1431 2232 1493 2280 sit,

148 2284 300 2332 egregie
328 2286 553 2324 ostenditur.
602 2286 810 2326 Contendit
837 2291 966 2326 autem
995 2289 1173 2338 primum,
1204 2290 1251 2327 de
1279 2302 1355 2340 quo
1376 2289 1494 2327 etiam

147 2339 207 2378 De
235 2340 398 2390 Republ.
429 2343 484 2380 ΙΙ.
520 2357 556 2392 p.
588 2346 679 2381 359.
709 2343 756 2382 D.
788 2357 892 2396 seqq.
923 2349 963 2384 et
990 2345 1109 2394 Legg.
1138 2346 1190 2383 X.
1230 2348 1322 2384 889.
1352 2347 1399 2383 A.
1436 2346 1493 2384 di-

148 2402 354 2446 sceptatur,
382 2402 611 2437 naturam
640 2403 756 2451 atque
785 2401 948 2450 legem
978 2402 1080 2440 inter
1106 2415 1147 2440 se
1177 2415 1259 2441 esse
1287 2402 1492 2452 oppositas,

147 2452 204 2491 ita
230 2456 275 2491 ut
303 2453 449 2505 aliquid
483 2457 694 2495 secundum
722 2460 900 2495 naturam
927 2459 1071 2497 bonum
1100 2471 1182 2497 esse
1208 2459 1349 2509 possit,
1390 2460 1494 2510 quod

149 2509 358 2547 seeundum
386 2511 510 2560 legem
537 2516 650 2563 turpe
678 2514 877 2552 habeatur.
933 2514 1061 2556 Quam
1088 2516 1319 2554 sententiam
1346 2516 1494 2565 primus

148 2569 328 2605 narratur
356 2568 571 2606 defendisse
599 2570 824 2617 Archelaus,
853 2571 900 2609 de
929 2585 1003 2622 quo
1033 2572 1081 2609 ad
1111 2572 1229 2621 Legg.
1258 2572 1310 2610 X.
1333 2575 1426 2610 889.
1447 2572 1492 2610 Ε.

150 2621 329 2661 diximus.
386 2622 498 2664 Quod
524 2623 652 2674 ipsum
678 2626 765 2665 vult
793 2627 910 2665 etiam
939 2629 985 2666 de
1014 2627 1218 2674 iniustitia,
1247 2642 1346 2680 quae
1375 2628 1492 2676 vulgo

152 2678 311 2726 dicatur,
338 2679 395 2717 ita
423 2680 635 2719 existimari
663 2687 848 2732 oportere.
898 2684 1048 2723 Natura
1077 2685 1180 2723 enim
1208 2685 1264 2723 ita
1292 2697 1376 2722 esse
1405 2697 1492 2722 con—

148 2734 350 2783 stitutum,
389 2740 434 2776 ut
471 2737 606 2776 melior
643 2738 771 2789 peiore
807 2740 895 2790 plus
931 2741 1092 2789 habeat,
1139 2742 1242 2795 quod
1277 2741 1406 2792 ipsum
1443 2742 1492 2782 ab
