1722 2964
485 91 904 130 PROTAG‘ORAS.
933 91 975 126 P.
998 92 1080 127 343.
1114 89 1198 126 ST.
1475 84 1557 127 133

128 213 276 270 λέγειν
299 209 377 256 τὸν
401 204 686 268 Σιμωνίδην·
718 207 922 264 λέγοντος
949 206 1029 251 τοῦ
1045 205 1294 260 Πιττακοῦ,
1326 201 1393 248 ὅτι
1412 209 1559 249 Χαλε-

127 277 215 326 πὸν
239 275 406 324 ἐσθλὸν
424 281 623 336 ἔμμεναι,
647 272 1014 334 ἀμφισβητοῦντα
1033 269 1244 330 εἰπεῖν,”
1218 290 1285 317 οτι
1306 268 1418 328 Οὔκ,
1444 269 1558 316 ἀλλὰ

127 349 342 430 yfve'onffocc
371 345 454 405 μὲν
485 341 679 404 χαλεπὸν
709 340 854 400 ἄνδρα
886 339 1064 399 ἀγαθόν
1105 342 1246 397 ἐστιν,
1281 340 1316 384 ὠ
1347 339 1557 398 Πιττακέ,

129 435 188 468 ως
213 414 416 473 ἀληθῶς,
445 439 504 444 -
532 409 614 459 οὐκ
636 408 830 470 αληθείᾳ
854 407 1045 467 ἀγαθόν,
1071 427 1153 454 ουκ
1178 408 1251 453 ἐπὶ
1273 405 1415 469 τούτῳ
1440 409 1557 465 λέγει

125 482 208 542 τὴν
230 480 471 540 ἀλήθειαν,
507 478 566 534 ὡς
597 476 683 537 ἄρα
713 476 857 523 ὄντων
889 479 1026 523 τινῶν
1056 478 1148 522 τῶν
1179 475 1263 535 μὲν
1287 473 1346 529 ὡς
1377 473 1558 533 ἀληθῶς

126 549 330 609 ἀγαθων,
362 552 454 595 τῶν
486 548 535 594 δε
558 546 745 605 ἀγαθῶν
767 547 866 605 μέν,
891 543 945 591 οὐ
968 546 1117 604 μέντοι
1143 542 1345 603 ἀληθῶς·
1396 541 1559 601 εὔηθες

125 618 211 678 γὰρ
235 616 365 664 τοῦτό
387 636 438 675 γε
462 619 632 675 φαναίη
656 611 713 660 ἂν
736 615 811 659 καὶ
843 611 895 659 οὐ
921 616 1205 671 Σιμωνίδου·
1232 609 1328 657 ἀλλ’
1357 609 1560 671 ὑπερβα-

126 685 205 732 τὸν
237 690 310 732 δεῖ
330 693 483 731 θεῖναι
515 686 564 730 ἐν
594 685 655 744 τῷ
686 680 848 742 ᾅσματι
870 679 920 726 τὸ
954 679 1205 734 ἀλαθέως
1215 715 1228 738 ,
1271 678 1439 726 οὑτωσί
1467 696 1561 733 πως

134 751 383 800 ὑπειπόντα
414 751 462 798 τὸ
491 754 570 798 τοῦ
593 751 841 806 Πιττακοῦ,
879 747 1027 808 ὥσπερ
1061 745 1118 794 ἂν
1150 753 1192 795 εἰ
1212 752 1403 807 θείημεν
1426 745 1564 794 αὐτὸν

227 909 273 942 D.
298 920 326 941 ω
350 903 578 950 Πιττακέ,
603 900 658 945 ὥς
682 899 890 949 άληθῶς]
916 905 960 938 V.
979 894 1073 938 ὦΠ.
1092 901 1159 937 καὶ
1177 915 1226 943 ως
1243 898 1415 947 ἀληθῶς.
1447 902 1565 936 Recte

135 953 241 987 Bodl.
257 953 344 986 vat.
362 952 469 986 vind,
486 952 617 985 Venet.
638 951 680 986 Θ.
702 954 782 985 etr.
801 949 914 984 Coisl.
931 949 1002 983 καί
1016 960 1085 983 om.

227 998 272 1032 Ε.
298 992 346 1031 ἒν
368 996 427 1043 τῷ
451 990 623 1041 ᾅσματι
647 991 694 1030 τὸ
720 990 958 1039 ἀλαθέως]
990 996 1093 1028 Vett
1124 994 1227 1028 editt.
1249 1003 1445 1037 perperam
1472 987 1567 1037 αλη-

136 1041 252 1086 θέως,
278 1043 373 1086 quod
391 1034 434 1075 e'x
452 1042 554 1076 codd.
573 1042 719 1085 optimis
736 1043 927 1075 mutatum.
960 1040 1062 1073 Idem
1080 1050 1180 1073 error
1196 1041 1235 1072 in
1251 1040 1428 1082 proximis
1445 1042 1538 1072 erat.

268 1166 403 1194 οντος
443 1154 522 1188 τοῦ
557 1154 606 1188 H.
647 1171 692 1178 --
731 1149 815 1198 ἄμ-

138 1157 467 1253 φισέητοῦντα
501 1196 676 1243 εἰπεῖν]
719 1200 815 1233 Ante

137 1241 320 1303 λέγοντος
344 1256 390 1278 ne
424 1246 505 1287 quis
539 1255 620 1278 cnm
650 1244 816 1278 Corna-

136 1291 203 1324 rio
248 1290 320 1325 καί
354 1290 587 1324 inserendum
633 1291 816 1333 opinetur,

134 1346 223 1370 vere
264 1337 478 1370 obsewavit
515 1335 816 1368 Heindorfius

135 1381 230 1414 haec
251 1392 319 1424 per
340 1381 563 1434 epexegesin
585 1380 671 1413 addi
692 1381 817 1413 verbis

137 1421 309 1470 ἐρίζοντα
333 1427 478 1478 λεγειν,
504 1435 723 1477 comparans
747 1425 817 1458 illa

134 1482 172 1515 p
203 1472 270 1505 348
297 1472 347 1504 A:
387 1466 476 1510 τοὺς
515 1466 712 1510 τοιούτους
750 1481 817 1514 μοι

137 1515 251 1550 δοκεῖ
266 1515 414 1568 χρῆναι
433 1516 580 1560 μᾶλλον
608 1515 816 1568 μιμεισθαι

136 1556 203 1613 ἐμέ
218 1571 259 1595 τε
281 1559 348 1595 καὶ
372 1556 430 1604 σε’,
455 1562 747 1605 καταθεμενους
770 1578 817 1584 -

135 1601 226 1645 τούς
258 1602 393 1650 λόγους
424 1607 640 1640 ποιεῖσθαι.
706 1606 814 1639 Conf.

136 1654 332 1695 praeterea
357 1652 448 1694 adp
453 1652 602 1686 .330A.
637 1663 671 1695 p.
696 1653 762 1685 352
784 1652 817 1684 A

137 1699 174 1730 et
198 1706 294 1738 quae
319 1697 412 1729 alibi
434 1696 478 1730 de
502 1697 574 1729 hac
605 1698 817 1730 enuntiato·

134 1742 684 1841 {2m052¹‘.¹'.⁰.⁵.¹1²1¹‚⁰g¹23d‘355.¹¹22¹.ss
697 1742 818 1828 ..3122ss

137 1825 280 1864 ἐσθλὸν
303 1828 461 1875 ἔμμεναι
484 1827 668 1884 χαλεπόν.
702 1832 814 1884 Gorg.

135 1886 171 1919 p.
187 1877 254 1909 477
267 1875 316 1908 A:
334 1877 477 1910 κακίαν
493 1870 640 1929 αλλην
631 1872 714 1911 τινὰ
734 1873 818 1910 ἔνο-

136 1913 426 2000 ξ’,ῗῖίῖἶῖεἲῖζῗέἶ
434 1921 558 2020 ,ᾞὲ
570 1922 621 2000 1?
614 1915 816 2000 '’223²ssss

137 2008 174 2045 εἰ
180 2006 352 2065 βούλει,
388 1978 475 2063 ἒροῦ
508 2006 639 2046 αὐτόν.
695 2012 814 2047 socr.

136 2049 234 2091 Οὔκ.
259 2074 301 2079 -
325 2053 423 2089 αλλὰ
441 2052 541 2090 πολὺ
562 2069 611 2091 αν
626 2050 743 2109 ἥδιον
759 2052 814 2090 σέ.

134 2101 291 2134 Theaet.
316 2113 350 2144 p.
378 2104 442 2135 149
464 2103 513 2134 E:
554 2101 640 2158 τῆς
646 2096 766 2145 αὐτῆς
789 2094 816 2145 ἢ

137 2139 254 2190 αλλης
300 2145 372 2179 οἴει
420 2141 562 2200 τέχνης
603 2143 703 2181 εἶναι
748 2160 814 2189 —3

137 2191 322 2226 Theaet.
342 2186 444 2235 Ova,
469 2187 565 2226 ἄλλα
589 2192 657 2235 τῆς
681 2188 813 2236 αὐτῆς.

135 2236 194 2269 De
226 2236 316 2278 Rep.
348 2236 418 2269 111.
449 2248 486 2280 p.
510 2239 576 2271 405
610 2238 650 2273 C.
690 2238 813 2272 Parm.

135 2292 173 2324 p.
190 2282 313 2314 128A.
338 2282 452 2315 Lach.
470 2293 505 2326 p
526 2283 650 2317 195A.
675 2283 816 2316 Phaed.

134 2337 172 2369 p.
190 2326 325 2360 2361).
357 2327 556 2380 Xenoph.
580 2328 688 2361 Mem.
709 2328 759 2383 ]Ι,
785 2330 815 2367 6,

135 2373 197 2449 ἑ2.
235 2364 354 2423 ἄλλας
379 2369 423 2405 δέ
437 2383 575 2428 ‚uvas
579 2368 698 2406 οἶσθα
721 2368 818 2427 ἔπερ·

161 2427 228 2457 ας;

278 2410 381 2459 Οὔκ,
423 2412 511 2450 ἄλλ’
550 2411 698 2460 ἥκουσα
737 2413 815 2452 κτὲ.

135 2441 257 2496 Stau’b.

311 2462 433 2495 Verbo
462 2457 722 2506 ἀμφισβητεῖν
750 2462 816 2496 So-

136 2509 258 2539 crates
288 2506 352 2539 hic
381 2517 471 2539 usus
496 2511 553 2540 est
577 2512 705 2540 contra
726 2508 815 2542 Pro-

135 2549 211 2627 dici
227 2551 435 2585 doctrinam
459 2563 494 2595 p.
513 2555 578 2586 337
595 2553 625 2586 Β
650 2555 818 2596 proposi—

155 2605 226 2629 am.

181 2635 267 2675 ουκ
300 2635 375 2675 ἐπὶ
408 2637 557 2687 τούτῳ
587 2644 619 2676 λ.
645 2655 677 2677 τ.
708 2638 819 2688 εἰλή-

135 2683 294 2739 θειαν]
309 2687 527 2728 Simonides,
542 2689 675 2731 inquit,
690 2689 818 2722 adver-

135 2728 237 2762 bium
254 2725 432 2771 ἀλαθέως
455 2743 527 2766 non
554 2744 634 2766 cum
663 2727 819 2778 aya-5621

139 2776 314 2829 coniungi
339 2778 477 2819 voluit,
507 2779 572 2811 sed
603 2778 744 2812 addidit
771 2780 819 2812 ad

136 2820 319 2862 χαλεπον.
336 2822 380 2855 In
394 2823 521 2857 eadem
537 2824 819 2858 sententiaPro·

882 1156 1034 1198 tagoras
1070 1162 1214 1196 quoque
1249 1151 1399 1186 videtur
1432 1152 1567 1195 fuisse,

885 1209 993 1242 quum
1004 1209 1114 1241 supra
1123 1209 1158 1241 p.
1168 1198 1275 1232 339D
1287 1197 1500 1231 Simonidea
1510 1198 1566 1231 sic

881 1245 1083 1297 proferret:
1122 1238 1310 1298 χαλεπὸν
1315 1239 1416 1277 εἶναι
1439 1236 1537 1286 ανὸρ
1540 1253 1567 1276 α

884 1284 1042 1334 αγαθόν
1069 1286 1254 1333 γενέσθαι
1287 1282 1471 1333 ἀληθείᾳ.
1517 1289 1568 1322 At

884 1338 998 1387 poeta
1017 1344 1114 1374 eum,
1139 1343 1247 1377 quem
1269 1334 1368 1366 infra
1383 1328 1568 1388 πανοῖμω·

885 1391 958 1434 μον
971 1359 1180 1431 ἄνθρωπον
1192 1379 1297 1422 dicit,
1311 1379 1375 1412 hic
1387 1373 1567 1418 αλαθέως

884 1420 1044 1478 οἷγαθόν
1060 1425 1165 1461 dixit,

930 1471 974 1505 Ε.
1019 1481 1075 1509 ως
1114 1463 1202 1514 ἄρα
1242 1461 1388 1503 ὄντων
1426 1468 1568 1504 τινῶν

886 1514 974 1550 τῶν
989 1512 1147 1560 μεν-]
1167 1515 1274 1558 quasi
1288 1513 1350 1556 (ex
1361 1514 1484 1557 bonis)
1500 1515 1567 1548 alii

885 1571 972 1594 vere
988 1561 1077 1594 boni
1095 1561 1188 1603 sint,
1214 1560 1282 1593 alii
1297 1560 1387 1593 boni
1403 1560 1566 1603 quidem,

885 1606 950 1640 sed
975 1617 1049 1639 non
1071 1616 1175 1645 vere,
1199 1617 1234 1640 v.
1257 1616 1294 1649 p.
1311 1607 1378 1639 349
1393 1606 1438 1638 Ε.
1470 1606 1566 1638 Krii-

886 1662 954 1704 ger
971 1652 1031 1685 Gr.
1050 1653 1106 1685 51.
1126 1652 1179 1691 16,
1199 1653 1233 1684 4.

932 1676 1199 1739 ὑπερβατὸν
1222 1695 1300 1730 δεῖ
1318 1697 1485 1731 θεῖναι
1486 1693 1565 1749 -]

886 1742 1083 1775 traiectum
1099 1744 1233 1784 putare
1251 1746 1398 1784 oportet
1412 1738 1455 1775 τὸ
1473 1735 1568 1775 αλα-

886 1784 1002 1826 θέως.
1027 1787 1263 1820 Elocutionis
1280 1787 1435 1831 figuram
1452 1780 1568 1830 ὑπερ-

887 1831 1007 1875 βατοῦ
1022 1832 1068 1864 ad
1082 1832 1262 1865 orationis
1278 1843 1467 1865 numerum
1481 1842 1568 1866 con—

884 1877 1116 1910 formandum
1139 1887 1266 1911 omnes
1288 1878 1490 1921 scriptores
1505 1888 1570 1911 ve-

885 1925 985 1956 teres
1002 1923 1355 1966 frequentaverunt3
1387 1923 1453 1956 sed
1475 1923 1568 1956 artis

884 1967 1106 2001 vocabulum
1136 1967 1199 2000 hic
1230 1969 1386 2011 primum
1423 1969 1566 2002 inveni-

883 2016 954 2045 tur.
987 2013 1123 2045 Latine
1142 2013 1279 2046 dicitur
1293 2014 1488 2048 verborum
1504 2014 1569 2047 vel

883 2059 1133 2101 transgressio
1170 2059 1232 2091 vel
1264 2060 1440 2092 traiectio
1471 2060 1496 2094 i.
1533 2070 1566 2094 e.

884 2103 1126 2146 transpositio
1148 2103 1193 2137 de
1216 2114 1282 2138 suo
1305 2104 1390 2138 loco
1412 2105 1451 2137 in
1475 2104 1567 2137 alie-

883 2159 980 2183 num.
1038 2148 1170 2182 Alieno
1210 2150 1327 2192 igitur
1365 2150 1447 2183 loco
1481 2149 1564 2184 adv.

883 2188 1061 2232 ἀλαθέως
1094 2193 1319 2228 collocatum
1353 2205 1435 2227 esse
1463 2194 1568 2235 dicit,

887 2249 957 2282 quo
973 2240 1086 2272 verbo
1103 2244 1263 2282 poetam,
1283 2240 1316 2272 si
1332 2241 1468 2273 iustum
1483 2250 1568 2273 ver-

884 2284 1013 2317 borum
1046 2285 1208 2317 ordinem
1242 2286 1351 2326 sequi
1372 2285 1566 2328 voluisset,

887 2329 1250 2372 comprehensionem
1274 2330 1485 2363 clausurum
1508 2330 1566 2363 fu-

883 2375 961 2407 isse
994 2374 1168 2407 Socrates
1210 2376 1368 2408 censuit.
1430 2377 1566 2428 Itaque

883 2420 996 2462 paulo
1034 2420 1192 2452 inferius
1224 2430 1260 2463 p.
1283 2422 1351 2454 344
1371 2420 1404 2453 A
1427 2415 1566 2476 ὀρθῶς

886 2464 934 2506 (h.
948 2476 977 2498 e.
997 2475 1070 2497 non
1086 2459 1322 2509 ὑπερβατῶς)
1339 2459 1403 2499 ἐπ’
1421 2460 1566 2509 ἐσχάτῳ

883 2510 1063 2553 κείμενον
1094 2514 1152 2543 est
1182 2514 1306 2544 ‘recte
1335 2521 1358 2543 a
1385 2511 1491 2544 nobis
1519 2528 1567 2534 -—-

883 2565 958 2587 non
982 2565 1004 2587 a
1025 2558 1140 2597 poeta
1169 2572 1217 2580 —-
1245 2556 1285 2589 in
1307 2555 1378 2589 fine
1403 2556 1566 2600 positum

883 2603 973 2635 est’.

933 2639 1106 2679 οὑτωσί
1142 2656 1234 2686 πως
1272 2640 1560 2690 ὑπειπόντα]

885 2689 1002 2723 Recte
1018 2690 1275 2725 Heindorfius:
1298 2691 1364 2724 sic
1386 2692 1483 2724 fere
1505 2691 1563 2724 il-

886 2735 962 2768 lud
992 2735 1168 2770 Pittaci
1208 2736 1325 2780 apud
1372 2737 1564 2769 animum

887 2780 1252 2825 intelligentem,
1301 2782 1432 2823 quasi
1464 2781 1562 2824 ipse

886 2825 1101 2869 loquatur
1116 2827 1347 2871 Pittacus,
1366 2826 1390 2860 S
1403 2826 1562 2861 imoni-
