1676 2938
477 167 721 208 GORGIAS.
751 168 795 206 P.
828 170 921 207 521.
952 167 1012 206 ed.
1043 166 1100 206 St.

1385 169 1464 205 325

109 293 199 330 τες,
235 277 449 320 πιστεύειν
484 274 582 332 μηδ’
623 275 678 318 ἂν
716 275 766 318 ἓν
802 277 969 318 τούτων
1006 278 1190 325 παθεῖν,
1240 273 1299 323 ὡς
1335 274 1468 316 οἰκῶν

111 343 306 386 ἐκποδὼν
331 343 402 386 καὶ
430 344 512 385 οὐκ
539 342 594 384 ἂν
622 341 828 396 εἰςαχθεὶς
856 342 915 391 εἰς
942 342 1216 395 δικαστήριον
1235 337 1321 381 ὑπὸ
1349 339 1466 380 πάνυ

110 410 210 458 ἴσως
246 413 472 463 μοχθηροῦ
508 408 748 461 ἀνθρώπου
787 407 858 449 καὶ
897 408 1098 460 φαύλου]
1135 407 1235 449 Σῼ.
1267 403 1468 458 Ἀνόητος

109 477 194 528 ἄρα
222 475 327 529 εἰμί,
369 468 404 516 ὦ
434 473 707 524 Καλλίκλεις,
747 471 805 522 ὡς
841 473 1038 526 ἀληθῶς,
1078 472 1114 512 εἰ
1149 469 1207 525 μὴ
1246 470 1392 524 οἴομαι
1420 468 1468 511 ἐν

108 540 208 594 τῇδε
235 546 287 595 τῇ
315 539 435 581 πόλει
462 539 665 581 ὁντινοῦν
693 540 771 587 ἄν,
812 536 836 579 ὅ
876 553 916 579 τι
950 539 1093 592 τύχοι,
1131 541 1262 579 τοῦτο
1297 539 1467 578 παθεῖν.

108 606 204 648 τόδε
230 604 377 660 μέντοι
405 600 453 647 εὖ
479 600 594 654 οἷδ’,
631 603 720 655 ὅτι,
761 603 916 657 ἐάνπερ
947 603 1058 652 εἰςίω
1099 602 1158 652 εἰς
1194 603 1470 656 δικαστήριον
1499 602 1542 645 D

109 762 314 795 GEFVW.
347 761 441 796 Flor.
464 771 495 794 a.
519 770 548 793 c.
574 760 607 793 d.
630 771 676 793 111.
700 771 730 793 o.
756 771 790 792 x.
824 759 938 799 δοκεῖ,
970 759 1065 802 quod
1097 758 1252 792 defendit
1275 759 1466 791 Hermann.

107 818 140 840 v.
164 807 288 850 explic.

325 806 393 840 Sed
415 807 454 839 in
478 804 653 839 πιστεύειν
675 805 858 839 scribendo
883 816 1002 838 omnes
1028 805 1258 837 consentiunt.
1283 804 1361 836 Ald.
1386 805 1465 836 Bas.

108 853 139 886 1.
162 852 194 886 2.
219 863 297 885 cum
318 852 412 885 Flor.
436 862 466 887 c.
490 851 523 886 (1.
549 850 731 889 πιστεύεις,
757 851 848 894 quod
871 852 922 884 ita
945 851 1109 894 scriptum
1134 851 1177 883 ab
1202 850 1258 891 iis,
1283 851 1343 892 qui
1368 848 1469 882 δοκεῖ

106 899 144 931 in
167 897 266 932 codd.
290 898 363 931 suis
385 898 604 941 reperissent.

106 1043 147 1076 (18
172 1054 240 1086 quo
263 1043 333 1076 vid.
357 1048 473 1076 annot.
504 1043 549 1077 ad
572 1044 751 1076 Theaetet.

106 1100 138 1132 p.
149 1088 228 1123 209.
250 1090 289 1125 Β.
314 1090 488 1130 Quorsum
510 1090 655 1122 fortasse
670 1089 752 1121 item

105 1137 175 1168 iam
199 1136 390 1178 respicitur.

407 1177 423 1188 n

152 1178 230 1222 οὐχ
274 1181 363 1222 ἕξει
402 1192 421 1212 o
463 1191 498 1212 τι
543 1176 751 1222 χρήσεται

107 1223 275 1269 αὐτοῖς]
307 1224 386 1260 vid.
410 1224 454 1257 ad
478 1235 509 1267 p.
534 1223 612 1258 465.
637 1224 676 1257 C.

153 1270 236 1314 Cap.
252 1271 428 1304 LXXVII.
445 1271 483 1303 C.
495 1268 536 1302 Ὦ
548 1281 565 1304 ς
589 1281 659 1309 μοι
685 1268 704 1302 δ
715 1281 751 1302 ο-

108 1321 197 1350 κεῖς
220 1335 266 1340 -
291 1314 532 1348 πιστεύειν
554 1314 610 1358 -]
635 1316 752 1355 Recte,

106 1363 249 1404 opinor,
289 1362 453 1394 Astius
489 1361 577 1394 haec
616 1361 752 1403 accepit

105 1417 166 1450 per
210 1407 514 1447 exclamationem,
563 1416 651 1448 quae
690 1407 752 1438 mi·

106 1452 205 1484 randi
241 1452 445 1495 ridendique
490 1451 752 1494 comprehendit

105 1497 413 1541 significationem:
471 1497 606 1538 Quam
644 1497 751 1529 mihi

105 1543 298 1583 videris,
323 1543 524 1583 Socrate,
556 1542 751 1575 confide-

104 1599 149 1621 re
174 1589 234 1621 —!
258 1589 346 1622 Nam
369 1588 420 1621 ita
442 1587 566 1620 deinde
589 1587 750 1620 Socrates

105 1635 233 1691 optime
256 1634 456 1676 respondet:
492 1631 656 1675 Ἀνόηὶος
681 1630 750 1674 ἄρα

106 1679 187 1719 εἰμί.
235 1679 348 1722 Supra
377 1690 410 1734 p.
434 1677 513 1711 490.
536 1679 584 1711 E:
617 1676 664 1713 ὠς
695 1676 749 1710 ἀεὶ

106 1722 208 1757 ταύτὰ
233 1724 352 1768 λέγεις,
377 1718 406 1757 ὦ
433 1722 640 1765 Σώκρατες]
668 1724 750 1757 Α110

106 1769 207 1802 1110ᾶο
228 1770 441 1802 infinitivum
464 1775 542 1812 post
572 1781 620 1803 ως
654 1768 755 1802 δοκεῖ

107 1814 262 1847 defendit
300 1815 338 1847 C.
369 1815 435 1847 Fr.
467 1815 751 1847 Hermannus

106 1861 142 1892 in
168 1860 317 1902 Specim.
347 1859 386 1892 in
409 1859 585 1892 Plutarch.
610 1860 663 1891 De
688 1860 751 1892 Su-

105 1906 237 1949 perstit.
269 1916 303 1948 p.
334 1904 386 1946 6.,
424 1905 484 1948 qui
514 1904 600 1937 duas
634 1910 752 1938 censet

106 1951 380 1984 constructiones
440 1950 610 1983 conflatas
664 1961 750 1983 esse.

106 1997 221 2037 Quum
245 1997 338 2028 enim
361 1995 544 2028 dicendum
568 1995 671 2028 fuerit
693 1996 749 2028 vel

107 2040 154 2076 ὥς
178 2052 234 2081 μοι
258 2041 366 2079 δοκεῖ,
392 2039 585 2080 πιστεύεις,
610 2041 667 2074 vel
691 2040 750 2073 δο-

106 2091 179 2121 κεῖς
202 2098 261 2126 μοι
284 2084 471 2126 πιστεύειν,
493 2091 677 2128 utrumque
698 2097 751 2119 ar-

106 2132 253 2165 bitratur
274 2132 310 2164 in
333 2142 443 2164 unum
464 2132 648 2164 confusum
671 2143 749 2164 esse

106 2189 150 2210 ex
172 2177 236 2210 illa
265 2176 431 2219 loquendi
460 2177 613 2218 ratione,
646 2188 749 2220 quam

105 2227 242 2266 praeter
270 2222 358 2255 alios
389 2222 651 2255 illustraverunt
680 2224 749 2256 Er-

106 2267 237 2301 furdt.
269 2267 313 2300 ad
337 2268 405 2310 Sop
407 2268 440 2300 11.
464 2268 581 2311 Antig.
613 2279 645 2300 v.
672 2267 748 2302 736.

106 2315 246 2347 Herm.
269 2279 477 2356 adVigper.p
479 2279 578 2346 .751.
595 2315 749 2347 Matth.

106 2361 137 2400 §-
160 2357 238 2392 539.
253 2358 284 2391 2.
309 2358 354 2390 cf.
377 2359 479 2391 etiam
501 2369 580 2391 mea
602 2359 645 2391 ad
668 2359 749 2392 Phi-

104 2403 172 2439 leb.
196 2415 230 2446 p.
252 2402 308 2437 46.

151 2449 223 2482 καὶ
249 2446 330 2481 οὐκ
353 2445 405 2480 ἂν
429 2447 681 2492 εἰςαχθεὶς]
707 2453 750 2481 et

105 2494 237 2537 quasi
268 2504 352 2526 non
384 2494 534 2535 possis
562 2495 606 2525 in
637 2494 748 2526 iudi-

106 2541 219 2572 cium
250 2539 356 2582 rapi.
405 2539 495 2571 Nam
526 2540 748 2582 participium

105 2596 185 2618 cum
215 2582 260 2618 ἄν
289 2583 491 2626 copulatum
529 2595 591 2627 per
625 2586 749 2627 optati-

106 2641 187 2663 vum
218 2628 466 2673 explicandum
499 2634 569 2663 est:
609 2630 665 2662 καὶ
700 2628 748 2666 ὥς

106 2673 171 2709 ούκ
201 2673 247 2708 ἂν
275 2675 485 2718 εἰςαχθειής.
522 2675 564 2708 cf.
595 2676 748 2709 Matth.

107 2722 140 2761 ἓ.
169 2719 247 2755 598.
278 2720 359 2756 8011.
391 2724 509 2756 annot.
541 2720 586 2754 ad
614 2732 647 2765 p.
670 2719 750 2756 461.

821 1043 864 1075 D.
912 1043 958 1075 Et
980 1053 1024 1075 ne
1049 1053 1151 1085 quem
1175 1041 1344 1082 offendat,
1375 1040 1468 1084 quod

823 1099 895 1120 non
930 1089 1037 1141 priori
1070 1088 1271 1130 participio,
1310 1086 1371 1119 sed
1401 1086 1468 1119 soli

820 1134 1003 1176 posteriori
1026 1134 1152 1166 vocula
1176 1133 1294 1165 addita
1318 1137 1388 1172 est,
1422 1132 1465 1164 cf.

822 1179 1028 1234 Sophocl.
1073 1179 1157 1212 Oed.
1197 1178 1271 1211 col.
1313 1189 1346 1210 V.
1382 1175 1466 1210 754:

822 1236 849 1256 ω
874 1222 986 1256 πάντα
1010 1225 1144 1263 τολμῶν
1166 1220 1257 1256 κάπὸ
1276 1220 1405 1256 παντὸς
1421 1220 1468 1254 ἂν

823 1269 948 1311 φέρων
978 1269 1084 1313 λόγου
1117 1269 1251 1302 δικαίου
1286 1266 1468 1311 μηχάνημα

821 1316 997 1353 ποικίλον,
1033 1315 1056 1346 1.
1081 1325 1110 1347 8.
1144 1312 1184 1349 ὃς
1208 1312 1320 1346 πάντα
1345 1314 1467 1356 τολμᾷς

820 1361 877 1393 καὶ
902 1358 970 1392 ἀπὸ
996 1357 1125 1394 παιτός
1150 1358 1194 1393 ἂν
1214 1359 1337 1401 φέροις
1359 1360 1466 1402 λόγου

821 1406 852 1438 ὃ.
876 1417 950 1448 μηχ.
976 1417 1085 1443 ποικ.,
1118 1416 1137 1438 ο
1163 1410 1227 1445 tu,
1251 1405 1324 1447 qui
1348 1414 1390 1437 es
1415 1403 1466 1436 ad

820 1452 968 1483 omnia
1014 1451 1160 1483 audax
1205 1451 1373 1492 quique
1414 1460 1465 1481 ex

820 1497 1025 1538 qualibet
1058 1507 1102 1529 re
1126 1497 1271 1528 iustae
1305 1495 1466 1528 oratio-

819 1543 887 1574 nis
935 1542 1126 1584 speciem
1179 1540 1465 1574 comminisci

819 1587 975 1630 possis.
1000 1587 1094 1620 Male
1118 1587 1226 1630 igitur
1250 1586 1465 1619 Cornan

818 1643 867 1665 us
920 1632 1120 1674 εἰςαχθειής
1172 1632 1300 1675 corrigi
1353 1631 1465 1664 iussit.

819 1677 938 1710 Verba
970 1675 1038 1711 ὑπὸ
1074 1676 1168 1710 πάνυ
1194 1678 1280 1711 ἴσως
1304 1694 1345 1701 -·
1373 1674 1464 1717 φαύ-

820 1724 882 1756 λου
907 1734 1016 1766 nuper
1039 1723 1076 1755 in
1099 1723 1320 1766 glossematis
1353 1723 1465 1764 suspi-

820 1770 954 1802 cionem
979 1768 1128 1801 adducta
1151 1773 1251 1809 sunt;
1287 1778 1354 1810 quo
1378 1768 1464 1809 iure,

819 1825 913 1846 nunc
936 1825 1007 1847 non
1031 1814 1224 1848 decernam.

866 1858 885 1892 ὅ
910 1872 946 1892 τι
970 1857 1111 1901 τύχοι,
1143 1861 1271 1891 τοῦτο
1297 1856 1366 1912 7τ.].ω
1398 1858 1464 1891 Mi-

818 1906 904 1937 reris
919 1904 1236 1937 Heindorfium
1261 1902 1281 1936 ὂ
1294 1916 1321 1935 τι
1344 1901 1394 1935 ἄν
1411 1902 1464 1936 τύ-

818 1962 869 1991 χοι
893 1951 1129 2003 corrigentem.
1175 1950 1264 1982 Nam
1288 1949 1463 2003 optativus

819 1996 959 2038 ponitur
994 1996 1038 2028 ob
1075 1994 1182 2028 verba
1216 1992 1383 2027 ὁντινοῦν
1418 1991 1464 2026 ἂν

820 2044 920 2073 τοῦτο
959 2042 1103 2074 παθεῖν.
1167 2039 1464 2080 Quemadmodum

818 2086 925 2129 igitur
947 2087 981 2118 in
1002 2086 1150 2129 simplici
1171 2087 1351 2119 enuntiato
1369 2085 1464 2118 dixe—

818 2133 885 2164 ris:
919 2129 1078 2166 ὁςτιςοῦν
1115 2129 1226 2164 πάθοι
1263 2129 1308 2163 ἂν
1343 2133 1460 2169 τοῦτο,

818 2175 869 2209 ὅτι
903 2175 1012 2219 τύ,χω
1052 2178 1101 2210 ita
1131 2187 1226 2210 nunc
1256 2175 1276 2208 ὅ
1309 2189 1337 2208 τι
1374 2174 1464 2217 τύχοι

818 2222 964 2263 dicitur,
995 2223 1076 2265 quia
1098 2222 1166 2255 hoc
1190 2222 1464 2254 additamentum

817 2269 1009 2301 arctissime
1032 2279 1110 2301 cum
1134 2266 1303 2300 ὁντινοῦν
1327 2264 1373 2298 ἂν
1397 2278 1461 2299 πα-

818 2314 903 2346 θεῖν
935 2316 1032 2346 τοῦτο
1064 2314 1235 2346 cohaeret.
1295 2311 1463 2344 Similiter

817 2359 989 2415 Lysid.p
1024 2357 1100 2391 207.
1133 2359 1184 2390 D:
1218 2357 1316 2390 δοκεῖ
1344 2356 1383 2390 δὲ
1408 2367 1462 2390 σοι

817 2403 997 2444 ευδαίμων
1027 2399 1120 2436 εἷιαι
1149 2401 1345 2443 ἄνθρωπος
1377 2402 1460 2435 δου-

817 2447 932 2482 λεύων
954 2450 1010 2481 καὶ
1038 2443 1067 2492 ᾦ
1089 2448 1202 2491 μηδὲν
1225 2447 1320 2491 ἐξείη
1346 2452 1462 2480 ποιεῖν

817 2489 871 2527 ὧν
894 2493 1083 2534 ἐπιθ11μοῖ;
1113 2494 1248 2526 Phileb.
1278 2492 1389 2536 p..60
1421 2493 1460 2526 C.

817 2540 924 2582 Legg.
949 2537 1164 2582 X1.p..927
1190 2539 1228 2572 C.
1252 2550 1285 2572 v.
1278 2505 1460 2571 pMatth.

818 2586 848 2625 ἓ.
878 2583 956 2618 529.
987 2550 1102 2617 Rost.
1141 2586 1172 2625 ξι.
1203 2583 1281 2618 123.
1311 2583 1343 2617 3.
1390 2583 1459 2615 Ad-

816 2630 887 2663 dito
911 2628 956 2662 ἄν
975 2630 1130 2664 hocloco
1150 2629 1372 2663 scribendum
1387 2632 1461 2661 erat

819 2673 918 2731 τύχῃ.
947 2676 1002 2708 De
1025 2686 1062 2708 re
1085 2676 1161 2731 ipsa
1183 2677 1323 2708 Menon.
1347 2685 1380 2716 p.
1404 2673 1459 2706 94.

817 2722 865 2754 Ε·
891 2718 939 2756 ὥς
963 2721 1051 2756 ἴσως
1074 2720 1140 2762 μὲν
1164 2721 1220 2754 καὶ
1245 2720 1285 2753 ἐν
1301 2717 1380 2762 ἄλλη
1397 2717 1459 2752 πό-
