1696 2976
0 0 28 28 ει

334 71 341 91 ¹
431 83 850 133 'PRoTAGoRAs
865 71 916 132 ¹1³.
938 95 1006 131 314
1031 92 1114 129 ετ.
1438 84 1492 127 47

77 216 288 272 σοφισταί
314 223 452 265 τινες·
501 209 555 257 οὐ
587 207 722 268 σχολὴ
755 206 886 270 αὐτῷ.
958 209 1049 253 Καὶ
1078 204 1168 266 ἅμα
1200 203 1369 264 ἀμφοῖν
1399 213 1496 248 τοῖν

76 292 227 370 χεροῖν
244 278 326 340 τὴν
349 278 500 340 θύραν
530 277 649 324 πάνυ
672 275 916 337 προθύμως
941 274 1000 330 ὦς
1024 273 1115 329 οἶός
1138 272 1180 320 τ’
1210 266 1268 333 ἦν
1292 270 1491 331 ἐπήραξε.

77 352 151 396 καὶ
175 348 300 408 ἡμεῖς
319 347 455 395 πάλιν
472 345 727 407 ἐκρούομεν,
754 342 864 390 καὶ
851 343 899 398 ὃς
919 344 1240 404 ἐγκεκλημένης
1258 343 1335 400 τῆς
1350 338 1497 399 θύρας

78 415 423 478 ἀποκρινόμενος
449 415 628 473 εἶπεν,
603 408 657 461 Ω
680 411 928 472 ἄνθρωποι,
949 418 1050 472 ἐφη,
1075 410 1158 458 οὐκ
1175 409 1405 470 ἀκηκόατε,
1430 406 1497 454 ὅτι

78 486 131 534 οὐ
156 485 291 546 σχολὴ
316 483 459 548 αὐτῷ;
478 480 596 531 ”Αλλ
619 476 677 528 03²
683 484 813 540 γαθέ,
839 486 954 540 ἔφην
979 480 1080 539 ε’γω,
1105 478 1207 526 οὔτε
1231 476 1351 538 παρὰ
1374 482 1498 523 Καλ-

79 560 182 601 λίαν
205 553 370 617 ἥκομεν
393 551 494 600 οὔτε
518 555 728 611 σοφισταί
757 552 911 608 ἐσμεν,
939 548 1051 595 ἀλλὰ
1075 547 1258 608 θάρρει·
1307 554 1563 627 Πρωτα-Ε

78 623 218 703 γόραν
247 639 331 682 γαρ
363 640 428 668 τοι
461 619 663 680 δεόμενοι
697 623 811 665 ἰδεῖν
842 616 1053 677 ἤλθομεν.
1103 615 1380 675 εἰσαγγειλον
1406 633 1500 661 ουν.
1544 675 1554 685 .

79 690 225 751 Μόγις
250 684 332 738 οὖν
355 708 460 737 ποτε
491 688 600 749 ἡμῖν
624 686 864 748 ἅνθρωπος
889 685 1055 748 ἀνέῳξε
1078 685 1161 745 τὴν
1184 684 1346 745 θύραν.

175 823 265 867 Cap.
286 824 349 858 VI.
374 824 420 856 D.
440 817 930 874 ἄμφοῖντοῖνχεροῖν]
953 819 1015 852 Sic
1032 818 1138 852 Bodl.
1157 821 1194 852 et
1209 820 1296 853 Vat.
1320 817 1365 851 Θ.
1382 817 1502 860 Vulgo

84 872 172 904 ταῖν
189 880 267 914 χερ.
277 895 287 912 ,
307 869 401 912 quod
419 869 539 901 minus
561 867 736 899 Atticum.
760 867 832 899 Pro
855 861 904 918 (ξς
922 861 1003 905 οἷός
1026 859 1062 898 τ’
1079 862 1140 908 ἠν,
1166 864 1263 907 quod
1286 875 1332 897 ex
1359 862 1504 904 aliquot

84 916 188 951 codd.
214 916 423 948 restitutum
442 917 507 953 est,
530 916 623 947 vett.
642 912 749 947 editt.
774 906 823 950 ὥς
841 906 926 945 οἷόν
950 906 987 944 τ’
1003 901 1064 954 ἦν.

173 967 531 1016 ἔγκεκλῃμένης]
566 969 675 1001 Hanc
704 969 860 1002 formam
890 979 911 1000 a
935 968 1108 1001 Bekkero
1139 978 1177 1000 re
1207 968 1340 1000 ositam
1367 966 1506 998 habent

82 1018 254 1051 meliores
278 1016 424 1050 codices
447 1025 572 1048 omnes
594 1016 633 1047 in
653 1013 809 1047 Phaedr.
834 1025 869 1056 p.
886 1015 951 1046 251
968 1008 1504 1066 1).νιι1ς.εγκεκλεισμένης.

81 1063 187 1098 Bodl.
207 1064 294 1098 Vat
326 1056 342 1095 ἒ
345 1057 625 1106 γκεκλειμένης.
664 1059 809 1092 Deinde
834 1070 899 1102 pro
928 1059 1081 1102 vulgato
1105 1070 1176 1102 γαρ
1194 1069 1251 1092 τοι
1276 1058 1471 1091 Bekkerus
1487 1067 1506 1089 e

83 1108 186 1142 codd.
200 1108 306 1142 Bodl.
322 1109 408 1141 Vat.
429 1107 514 1140 aliis
531 1106 680 1148 scripsit
697 1099 829 1148 γάρτι,
850 1106 910 1137 cui
925 1115 997 1138 non
1016 1104 1277 1139 accedendum.

126 1166 173 1198 E.
196 1160 306 1209 ἡμῖν
329 1157 597 1206 ανθρωπος]
625 1156 933 1195 Cod.2.et1·'.‹3
953 1154 1172 1203 ανθρωπος.
1197 1162 1299 1194 Vett.
1319 1160 1422 1194 editt.
1440 1171 1507 1193 αν-

83 1212 251 1263 immune:
298 1210 412 1242 Recte
436 1208 630 1241 Bekkerus
648 1201 873 1251 α’νθρωπος,
900 1217 995 1249 quae
1035 1208 1153 1241 forma
1184 1206 1282 1250 apud
1311 1206 1507 1240 Platonem

84 1256 291 1291 sexcenties
306 1255 506 1288 obliterata
522 1256 590 1287 est.

86 1371 382 1412 inexspectatam
392 1367 572 1400 mirantis.
582 1378 616 1398 v.
627 1366 761 1399 Valck.

84 1416 171 1449 Eur.
185 1413 334 1457 Hippol.
351 1425 385 1447 v.
399 1406 652 1446 905--αύτῶ
671 1412 763 1454 ipsi

86 1461 109 1493 i.
121 1471 152 1495 e.
161 1459 349 1513 domino,
357 1469 425 1491 usu
435 1459 631 1500 frequenti.
640 1457 761 1490 Stallb.

131 1499 184 1538 ού
201 1500 338 1549 σχολὴ
357 1498 499 1549 αὐτῷ]
519 1504 600 1536 Hoc
617 1503 762 1536 nomine

84 1553 230 1584 veteres
248 1560 310 1583 eos
328 1538 574 1588 exeluser‚unt
593 1559 683 1591 quos
699 1552 763 1581 aut

86 1597 232 1630 omnino
255 1606 329 1628 non
354 1594 601 1628 admittebant
631 1597 696 1626 aut
719 1605 762 1627 eo

85 1642 165 1685 ipso
188 1644 370 1684 tempore,
396 1650 467 1682 quo
493 1639 680 1679 adierant,
708 1640 764 1672 vi-

87 1687 172 1720 dere
189 1687 378 1719 nolebant.
403 1687 536 1727 Itaque
553 1685 649 1728 apud
659 1685 766 1717 Cice-

86 1743 212 1765 ronem
229 1730 290 1774 (de
308 1734 447 1764 senect.
466 1741 497 1764 c.
518 1729 576 1771 10)
587 1729 680 1763 Cato
698 1730 764 1762 ille

87 1787 217 1810 senex:
236 1787 356 1818 nemo,
378 1778 514 1818 inquit,
538 1775 658 1807 adhuc
682 1785 766 1808 con-

86 1823 214 1856 venire
253 1833 310 1854 me
343 1821 478 1861 voluit,
529 1822 588 1853 cui
635 1821 766 1853 fuerim

89 1870 304 1910 occupatus·
334 1878 368 1899 v.
393 1866 580 1909 Aristoph.
607 1865 766 1900 Acharn.

87 1915 166 1947 403.
190 1912 410 1946 Plutarchus
425 1912 506 1944 Nic.
525 1922 556 1943 c.
575 1912 607 1946 5.
632 1912 714 1944 Non
729 1912 767 1944 in

89 1958 257 1991 omnibus
288 1958 390 1990 vitae
430 1956 703 1990 conditionibus
734 1957 766 1989 is

89 2014 166 2036 mos
184 2007 352 2037 servatus
372 2005 440 2037 est.
455 2002 602 2045 Agatho
620 2002 767 2044 quidem

89 2050 128 2081 in
146 2048 268 2091 Symp.
285 2050 351 2081 212
364 2049 397 2081 D
411 2048 528 2080 multa
544 2050 652 2080 nocte
671 2058 767 2080 com-

90 2094 348 2127 missatoribus
371 2093 514 2126 domum
555 2092 767 2126 ulsantibus

90 2141 144 2172 ita
167 2139 284 2172 servis
312 2139 484 2190 imperat:
537 2134 586 2171 ἀν
616 2135 687 2181 μέν
710 2150 766 2176 τις

92 2183 167 2218 τῶν
196 2179 425 2237 ἐπιτηδείων
438 2174 498 2235 ᾖ,
534 2185 698 2217 καλειτε·
734 2180 769 2217 εἰ

93 2226 135 2263 δε
168 2225 232 2284 μή3
269 2227 406 2281 λέγετε,
436 2240 495 2262 οτι
520 2223 565 2262 ού
589 2229 765 2273 πίνομεν,

92 2270 189 2308 ἄλλα
208 2255 494 2318 αναπαυόμεθα
513 2267 605 2317 ἤδη.
632 2275 704 2307 Sed
722 2276 768 2307 ab

90 2321 157 2354 illo
174 2330 272 2352 more
289 2320 399 2362 plane
415 2320 575 2352 alienum
589 2323 656 2359 est,
675 2319 771 2362 quod

91 2365 277 2398 Martialis
301 2365 374 2398 sibi
395 2365 574 2398 accidisse
605 2366 772 2407 queritur

93 2412 218 2454 Epigr.
242 2411 286 2449 V,
304 2412 364 2443 22:

91 2456 190 2490 Illud
207 2455 326 2489 adhuc
343 2456 506 2498 gravius,
525 2454 622 2497 quod
638 2458 675 2488 te
689 2459 773 2498 post

229 2501 329 2534 mille
348 2501 507 2541 labores,

95 2547 231 2589 Paule,
261 2549 376 2589 negat
398 2546 498 2579 lasso
521 2545 658 2580 ianitor
688 2557 770 2579 esse

229 2592 338 2626 domi.

140 2648 260 2671 πανν
291 2631 556 2680 προθύμως]
583 2637 675 2670 satis
710 2648 768 2670 cu-

97 2682 180 2725 pide
198 2693 242 2715 ac
264 2686 424 2716 strenue.
442 2700 487 2705 -—-
504 2676 680 2725 ἔπήραξε.
704 2683 769 2715 ha—

97 2728 177 2759 buit
191 2728 328 2770 igitur·
318 2738 430 2760 ianua
438 2727 663 2760 Graecorum
671 2739 769 2761 more

98 2774 330 2815 aperturam
321 2784 359 2806 m
382 2774 600 2806 exteriorem
624 2773 768 2806 aedium

98 2821 250 2861 partem.

879 1368 921 1401 E.
948 1367 1013 1409 Πρ
993 1361 1260 1410 ρωταγόραν
1287 1360 1370 1411 γάρ
1394 1364 1507 1399 τοιὸ.

833 1409 891 1446 ι’δ.
926 1406 1156 1465 ἤλθομεν]
1193 1411 1290 1445 Ordo
1316 1412 1510 1445 verborum

832 1458 893 1491 hic
912 1462 987 1491 est:
1011 1452 1186 1501 ἤλθομεν
1203 1452 1274 1509 γάρ
1298 1468 1356 1491 τοι
1374 1452 1510 1500 δεόμε-

832 1515 892 1537 νοι
917 1501 1018 1537 ἰδεῖν
1041 1498 1314 1547 Πρωταγόραν.
1352 1503 1511 1536 Verbum

833 1546 1093 1593 εἰσαγγέλλειν
1138 1550 1326 1592 proprium
1371 1551 1427 1581 est
1466 1548 1510 1579 de

830 1595 988 1628 ianitore
1003 1595 1148 1628 domino
1156 1596 1363 1635 nuntiante,
1384 1595 1416 1626 si
1430 1594 1512 1635 quis

836 1641 1005 1682 advenit,
1045 1641 1107 1682 qui
1140 1651 1221 1673 eum
1251 1641 1374 1673 visere
1406 1639 1512 1673 velit.

834 1686 1048 1729 Respondet
1087 1689 1211 1718 nostro
1259 1696 1356 1718 anm
1367 1685 1512 1718 elden

836 1732 954 1765 Stallb.
980 1732 1025 1765 V.
1052 1731 1098 1763 ad
1120 1742 1154 1774 Ρ.
1182 1732 1248 1765 310
1278 1732 1320 1765 B.
1325 1730 1512 1783 Xenoph.

836 1776 1086 1829 Symp.1,11:
1111 1776 1300 1815 Φίλιππος
1317 1770 1337 1809 ὁ
1355 1776 1514 1823 γελωτο-

835 1818 944 1861 ποιὸς
973 1802 1137 1873 κρούσας
1166 1816 1238 1865 τὴν
1266 1816 1396 1864 θύραν
1433 1822 1516 1854 εἰπε

835 1868 886 1919 τῷ
940 1862 1204 1900 ὑπακούσαντι
1264 1864 1512 1919 εἰσαγγεῖλαι,

833 1907 938 1951 ὅστις
956 1923 994 1946 τε
1011 1911 1086 1958 εἴη
1083 1910 1147 1945 καὶ
1158 1908 1259 1945 διότι
1272 1907 1515 1965 καταγεσθαι

836 1954 1040 2006 βούλοιτο.
1061 1953 1122 1992 Ο
1137 1948 1383 1996 οὖνΚαλλίας
1401 1951 1516 1990 ακού-

836 2014 904 2042 σας
918 2006 1037 2037 εἷπεν·
1057 2001 1194 2037 εἰσίτω.
1204 2014 1268 2047 pro
1278 2000 1404 2037 εἰσίτω
1419 2003 1516 2057 apqd

834 2050 1059 2093 posteriores
1077 2050 1278 2093 scriptores
1296 2050 1408 2082 etiam
1425 2059 1514 2092 ηκε-

837 2107 889 2128 τω
922 2096 1126 2135 invenitur‚
1161 2094 1226 2128 sed
1262 2095 1418 2137 vulgare
1460 2099 1515 2127 est

835 2135 944 2173 κάλει
976 2141 1036 2174 vel
1068 2120 1245 2182 κάλεσον,
1296 2143 1337 2172 ut
1372 2139 1470 2172 Cha1
1473 2140 1514 2171 it

884 2227 1035 2282 Μόγις
1075 2221 1158 2265 οὖν
1195 2241 1306 2264 ποτε
1345 2248 1387 2253 --
1427 2242 1479 2274 τη
1494 2243 1516 2264 ν

839 2271 1008 2320 θύραν]
1024 2277 1139 2309 Recte
1155 2277 1370 2309 observavit
1385 2276 1515 2308 Hein-

839 2322 1014 2355 dorfius
1038 2319 1128 2355 ποτέ
1154 2322 1281 2354 crebro
1305 2320 1514 2364 significare

839 2367 1017 2400 tandem
1065 2366 1326 2408 aliquando.
1381 2367 1514 2409 Itaque

838 2410 949 2456 μόγις
971 2410 1061 2445 ποτέ
1087 2415 1143 2444 est
1166 2423 1301 2455 aegre
1325 2411 1513 2449 tandem,

837 2459 912 2491 vix
944 2457 1132 2490 tandem.
1172 2457 1361 2500 Exemplis
1393 2458 1439 2490 ab
1475 2469 1516 2490 eo

838 2504 936 2536 hanc
957 2503 996 2534 in
1018 2513 1094 2535 rem
1122 2504 1308 2546 congestis
1325 2502 1417 2535 adde
1435 2503 1517 2534 Ho-

839 2559 937 2581 mer.
960 2547 1068 2580 Iliad.
1088 2548 1116 2583 Ι.
1140 2549 1218 2581 205.
1243 2548 1376 2590 odyss.
1393 2548 1441 2580 II.
1462 2549 1515 2579 76.

839 2595 937 2628 Plat.
969 2593 1122 2628 Theaet.
1158 2605 1192 2636 p.
1225 2595 1289 2626 160
1323 2594 1366 2625 Ε.
1395 2594 1512 2635 Legg,

838 2639 908 2672 VII
939 2650 975 2680 Ρ.
995 2640 1059 2672 789
1077 2639 1118 2671 Α.
1145 2639 1193 2671 al.
1219 2638 1280 2671 Sic
1305 2639 1418 2670 etiam
1439 2638 1513 2670 La—

839 2685 909 2716 tini
940 2684 1184 2726 aliquando
1214 2686 1404 2726 usurpant.
1448 2682 1514 2715 Ci-

838 2739 938 2762 cero
955 2740 1020 2772 pro
1036 2729 1143 2763 Rosc.
1159 2730 1279 2762 Amer.
1292 2739 1322 2761 c.
1341 2730 1403 2760 22:
1420 2739 1514 2771 per-

836 2775 987 2807 oravit
1032 2776 1282 2819 aliquando:
1329 2774 1514 2809 assedit.

831 2820 950 2855 Stallb.
