1676 2938
218 221 297 257 290
750 218 1008 258 PLATONIS

216 328 325 366 νοῦν
352 339 398 377 γε
424 323 574 378 ἔχοντι,
612 339 669 373 ως
697 325 720 366 ὁ
747 326 874 378 λόγος
900 326 1103 379 σημαίνει.
1142 321 1171 379 ἢ
1198 325 1276 367 οἴει
1303 325 1394 367 δεῖν
1419 330 1548 368 τοῦτο

217 389 607 441 παρασκευάζεσθαι
643 391 899 442 ἄνθρωπον,
939 390 996 438 ὡς
1032 387 1228 431 πλεῖστον
1263 390 1419 443 χρόνον
1459 391 1548 443 ζῆν,

217 453 286 494 καὶ
323 457 496 506 μελετᾶν
534 452 607 500 τὰς
642 452 787 506 τέχνας
823 455 1000 504 ταύτας,
1049 456 1092 495 αἳ
1128 454 1239 508 ἡμᾶς
1276 453 1339 494 ἀεὶ
1378 451 1424 495 ἐκ
1463 459 1550 495 τὼν

150 516 185 559 C
215 517 427 558 κινδύνων
454 518 682 567 σώζουσιν,
726 517 860 570 ὥςπερ
895 519 964 559 καὶ
1005 520 1059 572 ἢν
1086 517 1139 558 σὺ
1175 519 1355 566 κελεύεις
1383 516 1452 571 ἐμὲ
1480 532 1547 571 με-

215 585 338 621 λετᾶν
375 579 453 633 τὴν
491 580 738 635 ῥητορικήν,
777 581 855 635 τὴν
884 581 929 623 ἐν
967 585 1055 630 τοῖς
1093 582 1374 636 δικαστηρίοις
1401 583 1548 623 διασώ-

215 647 392 694 ζουσαν,
425 646 560 685 ΚΑΛ.
589 645 676 686 Ναὶ
707 647 764 699 μὰ
794 643 863 687 Δί’
890 646 1033 698 ὀρθῶς
1060 645 1106 698 γέ
1135 657 1203 687 σοι
1229 647 1546 701 συμβουλεύοντι.

299 711 403 768 Cap.
435 710 618 752 LXVII.
678 711 778 750 ΣΩ.
829 711 877 751 Τι’
915 710 980 756 δέ,
1032 704 1065 750 ὦ
1105 709 1314 763 βέλτιστες
1351 707 1378 764 ἦ
1417 710 1487 752 καὶ
1521 711 1549 764 ἦ

215 782 291 816 τοὺ
326 779 416 816 νεῖν
453 774 656 829 ἐπιστήμη
695 776 826 828 σεμνή
867 775 928 822 τίς
970 785 1037 815 σοι
1075 775 1192 815 δοκεῖ
1230 771 1359 824 εἷναι;
1412 776 1547 815 ΚΑΛ.

216 842 294 880 Μὰ
322 840 390 880 Δί’
418 840 498 880 οὐκ
526 836 676 892 ἔμοιγε.
735 839 835 879 ΣΩ.
883 839 964 879 Καὶ
1003 837 1088 892 μὴν
1116 839 1235 889 σώζει
1272 853 1319 892 γε
1347 838 1416 880 καὶ
1443 838 1549 891 αὕτη

215 904 260 944 ἐκ
286 904 482 944 θανάτου
509 902 608 951 τοὺς
649 903 927 955 ἀνθρώπους,
968 901 1070 943 ὅταν
1106 903 1164 952 εἰς
1191 908 1389 944 τοιοῦτον
1427 901 1544 955 ἐμπὲ·

213 978 366 1018 σωσιν,
415 961 467 1009 οὗ
502 968 569 1008 δεῖ
602 968 754 1020 ταύτης
791 973 864 1020 τῆς
901 965 1136 1021 ἐπιστήμης.
1188 968 1223 1008 εἰ
1262 962 1300 1008 δ’
1339 965 1445 1021 αὕτη
1482 976 1550 1008 σοι

140 1038 180 1079 D
211 1033 328 1072 δοκεῖ
354 1032 505 1085 σμικρὰ
534 1028 668 1079 εἶναι,
709 1030 789 1084 ἐγώ
827 1041 893 1072 σοι
932 1032 1101 1084 μείζονα
1135 1031 1289 1084 ταύτης
1317 1030 1420 1083 ἐρῶ,
1470 1030 1550 1085 τὴν

212 1097 544 1150 κυβερνητικήν,
583 1097 609 1149 ἢ
639 1097 692 1136 οὐ
719 1096 855 1148 μόνον
893 1094 968 1144 τὰς
1003 1094 1140 1149 ψυχὰς
1168 1097 1309 1146 σώζει,
1348 1095 1452 1136 ἀλλὰ
1479 1095 1551 1138 καὶ

259 1230 297 1261 Β.
344 1226 395 1262 ὥς
426 1226 444 1260 ὁ
475 1226 602 1270 λόγος
637 1226 864 1270 σημαίνει]
913 1225 931 1259 ό
965 1224 1024 1261 σὸς
1049 1225 1150 1269 λόγος
1180 1228 1257 1260 Par.
1292 1226 1434 1260 Bclv.
1458 1226 1548 1260 Flor.

212 1285 241 1306 a.
267 1275 298 1307 b.
323 1283 352 1305 e.
376 1272 407 1306 d.
433 1284 476 1304 m.
500 1283 530 1305 ο.
555 1283 632 1304 οιιιιι
655 1273 731 1304 Bas.
756 1271 787 1304 2.
834 1272 909 1304 Hoc
932 1272 1018 1315 legit
1040 1271 1142 1304 etiam
1165 1272 1326 1311 Ficinus,
1349 1272 1409 1314 qui
1431 1273 1547 1304 vertit:

214 1323 258 1349 ut
293 1322 333 1349 et
362 1321 464 1349 tuus
500 1327 639 1349 sermo
671 1316 914 1360 significat.
942 1326 945 1328 ·
970 1316 1076 1358 Atqui
1104 1319 1361 1358 argumentatur
1391 1316 1548 1349 Socrates

213 1373 255 1393 ex
279 1362 332 1402 iis,
356 1372 443 1403 quae
467 1362 640 1393 communi
662 1361 890 1404 disputatione
914 1361 1102 1403 repperisse
1126 1360 1341 1393 videbantur.

281 1406 318 1438 C.
345 1416 410 1438 σοι
436 1404 763 1448 συμβουλεύων]
800 1406 890 1438 Vett.
914 1405 1007 1439 editt.
1033 1405 1260 1447 συμβουλεύω
1296 1405 1414 1437 invitis
1437 1404 1546 1445 codd„

213 1461 356 1493 quorum
381 1450 470 1482 bona
493 1461 572 1492 pars
595 1448 776 1491 βουλεύων
799 1451 959 1492 scriptum
983 1449 1134 1482 exhibet.

280 1494 380 1527 ὅταν
403 1495 469 1528 εἰς
495 1507 583 1526 zoco
598 1498 668 1526 ῦτο
681 1494 710 1537 ν]
736 1495 788 1529 εἴς
812 1507 838 1526 τι
864 1493 1018 1526 τοιοῦτον
1041 1494 1123 1526 Flor
1145 1505 1201 1533 x.;
1226 1504 1294 1526 non
1320 1504 1414 1537 opus.

281 1541 323 1572 D.
370 1537 472 1571 ἀλλὰ
511 1537 635 1571 ταύτὰ
675 1537 1025 1581 διαπραξαμένη]
1073 1539 1114 1570 V.

214 1662 256 1693 in
268 1661 442 1704 dignum
472 1672 514 1693 es
525 1662 561 1692 t?
593 1671 638 1692 sc.
671 1660 760 1702 quod
784 1661 844 1692 im·

213 1705 339 1747 probus
370 1707 480 1737 virum
517 1705 697 1737 honestum
736 1709 847 1747 potest

214 1751 285 1782 vita
308 1750 450 1793 privare.
476 1749 603 1782 Sehle
616 1751 717 1781 ierm
729 1749 846 1782 ache-

214 1805 260 1826 ru
272 1805 305 1826 s:
332 1818 354 1836 „
360 1793 409 1826 Ist
431 1805 504 1826 mm
526 1793 618 1826 nicht
639 1794 744 1826 dieses
767 1794 845 1827 eben

213 1839 276 1871 das
337 1837 602 1881 Empiirendete?
653 1838 847 1880 Respondet

212 1883 299 1916 haee
315 1882 477 1916 Callicles
499 1893 577 1915 eum
595 1883 750 1916 irrisione
765 1893 846 1925 qua—

213 1927 291 1960 dam
335 1932 437 1970 atque
482 1927 630 1960 malitia:
696 1928 727 1960 N
737 1938 756 1960 o
765 1939 788 1959 n
797 1939 817 1960 n
828 1938 845 1960 e

215 1983 332 2012 vero,
357 1972 478 2014 inquit,
502 1973 582 2004 hoc
605 1973 747 2015 ipsum
770 1982 785 2005 s
797 1973 846 2004 ci-

214 2017 274 2048 lio
286 2021 326 2049 et
372 2017 500 2049 etiam
545 2017 739 2059 graviter
781 2021 847 2050 est

215 2062 253 2093 se
262 2073 278 2094 r
286 2072 304 2093 e
313 2073 334 2093 n
345 2061 365 2093 d
374 2073 396 2094 u
405 2072 436 2093 m
445 2063 461 2093 ⁴?

260 2150 296 2182 C.
328 2148 475 2190 ὀρθῶς
498 2149 543 2192 γε’
569 2160 635 2181 σοι
662 2150 846 2191 συμβου-

216 2196 257 2226 Le
268 2193 322 2227 ύω
335 2194 364 2238 ι’]
379 2194 491 2237 Vulgo
507 2192 741 2235 συμβουλεύω.
766 2194 848 2226 Uni·

216 2250 254 2271 ec
292 2250 409 2271 verum
456 2243 507 2270 est
546 2238 772 2281 participium.
815 2249 848 2270 v.

216 2284 370 2326 Sympos.
408 2293 440 2325 p.
474 2281 546 2315 174.
586 2283 625 2315 E.
662 2282 778 2325 Lysid.
815 2293 846 2325 p.

215 2327 291 2361 204.
305 2329 346 2360 A.
369 2329 504 2359 Menon.
531 2325 629 2370 p.73.
645 2328 684 2359 E.
708 2327 847 2360 Lachet.

216 2371 433 2449 lgedl92ot13m
442 2338 624 2449 ρξ’ἒῖἐὲιίιίιίιῐ
644 2370 781 2458 pwlyqz2t
783 2373 847 2449 οἵ

218 2461 336 2493 bach.
360 2460 503 2503 Epistol.
537 2461 611 2494 erit.
639 2459 772 2504 p..486
796 2461 848 2493 ed.

217 2505 312 2548 Lips.
342 2504 567 2537 Heindorf.
602 2471 661 2538 adp
676 2505 847 2537 Οὴιιιτηίᾶ.

217 2560 248 2592 p.
280 2548 331 2583 64.
387 2550 539 2582 Aetius
570 2550 612 2582 ad
644 2549 785 2582 Phaedr.
815 2560 846 2592 p.

218 2593 294 2628 253.
339 2594 497 2626 ceterum
520 2605 657 2636 prorsus
682 2595 849 2637 improba-

218 2649 293 2671 mus
324 2638 413 2681 quod
437 2639 596 2671 Coraes
625 2639 770 2671 coniecit
794 2650 847 2671 κε-

218 2682 338 2716 λεύω.
386 2683 520 2715 Etenim
545 2687 684 2726 apparet
710 2694 728 2715 e
752 2692 848 2725 supe—

217 2727 364 2760 rioribus
394 2728 483 2770 apud
517 2728 666 2760 animum
698 2733 847 2770 repeten-

1156 1538 1434 1581 διαπραττομένη.
1482 1538 1549 1571 Sed

913 1660 994 1692 dum
1016 1670 1091 1692 esee
1116 1659 1241 1692 κελεύω
1263 1670 1301 1692 σε
1323 1657 1465 1698 μελετᾶν
1489 1655 1550 1700 τὴν

916 1702 1109 1746 ῥητορικήν.

958 1749 1039 1791 Cap.
1063 1748 1205 1782 LXVII.
1236 1746 1341 1780 ὅταν
1370 1746 1438 1781 εἰς
1469 1757 1546 1779 τοι·

914 1793 1044 1825 οῦτον
1075 1792 1185 1836 ἑμπ.]
1231 1793 1269 1825 εἰ
1301 1791 1472 1834 quando
1504 1792 1547 1823 in

915 1838 1126 1870 eiusmodi
1157 1836 1405 1880 perieulum
1443 1836 1549 1868 inei-

914 1883 1079 1923 derint,
1136 1881 1211 1914 ubi
1264 1891 1311 1915 ea
1356 1881 1549 1914 seientia.

915 1938 1021 1970 opus
1050 1931 1124 1960 est.
1178 1927 1229 1960 Ne
1259 1925 1335 1968 quis
1367 1925 1467 1958 malit
1496 1924 1548 1958 εἰς

915 1970 1071 2004 τοιοῦτόν
1094 1983 1131 2009 τι,
1156 1972 1243 2005 conf.
1269 1980 1348 2003 ann.
1367 1969 1409 2002 ad
1430 1970 1547 2012 Symp-

914 2027 1002 2093 pD.
1048 2061 1117 2092 καὶ
1158 2058 1264 2102 αὕτη
1305 2059 1386 2098 μὲι
1423 2069 1547 2100 προς·

915 2106 1079 2144 εσιαλμ
1126 2103 1186 2147 —]
1246 2101 1547 2145 Προςεσταλμένος

914 2149 1037 2182 dieitur
1076 2150 1134 2191 qui
1171 2147 1379 2190 compositus
1422 2151 1475 2180 est
1511 2146 1547 2178 in

915 2194 1146 2236 frugalitatem
1170 2198 1203 2225 et
1222 2192 1263 2225 ad
1291 2192 1547 2235 temperantiam

915 2237 1246 2280 moderationemque
1257 2237 1434 2270 redactus
1426 2260 1434 2268 .
1458 2246 1547 2278 quae

915 2287 995 2314 sunt
1027 2283 1147 2369 verbap
1164 2282 1325 2315 Budaei
1357 2281 1544 2314 Comment.

915 2327 1014 2370 Ling.
1039 2328 1096 2360 Gr.
1150 2325 1235 2361 ..78
1269 2326 1456 2359 Isocrat.
1486 2325 1549 2357 Pa-

915 2372 1041 2425 nath.p
1044 2337 1147 2405 ,666
1175 2369 1450 2412 συιεσταλμένηι
1462 2369 1549 2411 ἔχων

916 2413 976 2458 τὴι
1014 2382 1190 2454 Bpea'vomv,
1230 2415 1261 2447 h.
1295 2425 1323 2448 e.
1363 2414 1547 2447 animum

915 2460 1150 2493 modestum
1213 2471 1259 2493 ao
1314 2464 1549 2501 temperan-

914 2511 1005 2537 tem.
1060 2505 1179 2547 Itaque
1215 2515 1271 2537 ars
1305 2502 1545 2547 gubernatoris

915 2549 946 2581 h.
972 2548 994 2581 1.
1019 2549 1144 2582 dieitur
1167 2548 1387 2581 moderata
1409 2552 1451 2580 et
1472 2557 1548 2579 mo-

915 2593 1054 2634 desta,
1088 2593 1184 2636 quia
1213 2603 1257 2626 se
1290 2602 1373 2625 non
1397 2591 1549 2630 iactat,

916 2638 1041 2680 quasi
1065 2637 1225 2681 grande
1242 2636 1442 2680 quiddam
1459 2646 1548 2678 pro—

916 2683 1103 2715 fiteatur
1155 2692 1199 2715 ae
1248 2684 1459 2724 praestet.
1513 2679 1547 2711 id

914 2727 1005 2770 quod
1049 2728 1132 2759 facit
1182 2725 1315 2759 scilicet
1366 2724 1552 2767 rhetorica,
