1696 2976
181 99 239 142 40
398 127 399 130 ,
719 102 1016 140 PLATONIS
1331 104 1335 109 ’
1662 0 1696 239 ἲ

183 233 268 273 τες,
292 215 351 275 μὴ
374 215 427 262 οὐ
450 214 655 274 τοιαύτην
677 214 1000 274 ὑπολαμβάνεις
1032 231 1114 262 σου
1134 216 1217 276 τὴν
1247 215 1363 277 παρὰ
1386 225 1558 277 Πρωτα-

126 291 155 323 Β
184 281 318 342 γόρου
341 282 537 341 μάθησιν
561 288 758 339 ἔσεσθαι,
781 281 877 328 ἀλλ’
905 288 1058 342 οἵαπερ
1083 282 1111 341 ἡ
1134 282 1252 342 παρὰ
1275 287 1352 330 τοῦ
1375 304 1572 344 γραμμα-

182 352 329 396 τιστοῦ
363 352 532 408 ἐγένετο
564 351 649 395 καὶ»
665 352 922 408 κιθαριστοῦ
952 353 1025 396 καὶ
1055 354 1362 409 παιδοτρίβου;
1406 350 1574 398 τούτων

183 415 265 475 γὰρ
301 416 356 462 σὺ
397 416 583 474 ἑκάστην
615 415 696 462 οὐκ
736 418 807 462 ἐπὶ
835 418 964 476 τέχνῃ
995 422 1180 475 ἔμαθες,
1222 415 1279 471 ὦς
1312 417 1573 476 δημιουργὸς

184 483 403 541 ἐσόμενος,
427 482 523 528 ἀλλ’
537 484 608 528 ἐπὶ
632 487 824 542 παιδείᾳ,
849 482 906 537 ὦς
918 482 995 530 τὸν
1020 483 1198 542 ἰδιώτην
1214 486 1287 530 καὶ
1301 483 1379 531 τὸν
1394 484 1574 531 ἐλεύθε-

186 569 266 608 ρον
288 552 455 631 πρέπει.
493 549 623 596 Πάνυ
646 551 727 608 μὲν
743 544 824 596 οὖν
841 570 914 609 μοι
933 555 1068 608 δοκεῖ,
1093 557 1194 610 ἔφη,
1216 551 1393 610 τοιαύτη
1410 554 1575 610 μᾶλλον

185 615 343 663 εἷναι“
321 637 347 675 η
372 616 489 676 παρὰ
513 615 809 676 Πρωταγόρου
831 617 1034 676 μαθησις.

318 683 421 742 Cap.
447 683 520 729 IV.
562 684 708 730 Οἶσθα
738 678 818 730 οὖν
847 682 871 729 ὃ
900 687 1070 743 μέλλεις
1101 688 1185 731 νῦν
1216 703 1442 744 πραττειν,
1474 683 1502 744 ἥ
1525 700 1575 732 σε

184 750 419 807 λανθάνει;
443 771 499 810 ην
523 749 563 795 δ’
594 750 690 808 ἐγώ.
740 754 828 798 Τοῦ
851 754 971 809 πέρι;
995 750 1088 798 ’Ότι
1119 755 1289 810 μέλλεις
1319 751 1400 810 τὴν
1430 751 1577 811 ψυχὴν

123 835 150 868 c
183 816 263 875 τὴν
281 821 444 864 σαυτοῦ
461 829 702 899 παρασχεῖν
717 821 990 877 θεραπεῦσαι
1008 817 1155 878 ἀνδρί,
1175 818 1231 873 ὡς
1244 818 1347 879 φῄς,
1366 822 1571 878 σοφιστῇ·

183 882 207 930 ὅ
238 903 278 930 τι
309 888 362 931 δέ
389 903 492 931 ποτε
522 883 546 930 ὃ
578 883 785 942 σοφιστής
826 887 936 941 ἐστι,
977 885 1237 944 θαυμαζοιμ’
1265 906 1321 932 αν
1352 891 1394 932 εἰ
1428 886 1573 932 οἶσθα.

184 957 324 998 καίτοι
352 957 393 998 εἰ
419 950 530 998 τοῦτ’
558 950 753 1009 ἀγνοεῖς,
787 951 940 997 οὐδὲ”
916 971 1001 1013 οτῳ
1032 957 1285 1012 παραδίδως
1315 953 1396 1010 τὴν
1430 952 1576 1011 ψυχὴν

183 1018 339 1077 οἶσθα,
371 1017 455 1065 οὔτ’
485 1023 526 1064 εἰ
555 1017 710 1079 ἀγαθῷ
742 1016 835 1064 οὔτ’
860 1023 901 1064 εἰ
925 1022 1043 1080 κακῷ
1074 1019 1303 1078 πράγματι.
1351 1020 1487 1078 Οἶμαί
1507 1017 1575 1077 γ’,

271 1150 314 1182 Β.
339 1148 500 1192 οιαπερ
522 1144 688 1192 ἡπαρα
718 1148 795 1182 τοῦ
825 1147 905 1192 γρ.]
933 1149 1035 1185 Bodl.
1058 1151 1141 1184 Vat.
1166 1151 1204 1191 (i.
1224 1162 1255 1183 e.
1278 1152 1361 1184 Vat.
1385 1150 1428 1190 Θ,
1453 1161 1514 1193 ιιι
1531 1150 1577 1183 ad

182 1194 279 1227 hunc
311 1194 441 1228 librum
473 1205 583 1237 saepe
627 1194 842 1237 simpliciter
874 1195 1075 1228 Vaticanus
1107 1195 1367 1238 nominabitur)
1399 1161 1475 1229 οἳά(1
1491 1193 1577 1239 περὶ

183 1238 249 1272 τοῦ
262 1251 318 1282 γρ.

183 1346 376 1394 τοιαύτην,
409 1352 446 1384 in
462 1352 580 1393 iisque
601 1347 666 1404 μή
693 1352 846 1384 interro-

183 1396 293 1439 gandi
314 1397 387 1430 vim
414 1396 540 1434 habet,
564 1391 612 1448 035
634 1406 720 1430 vero
749 1396 845 1428 refe-

183 1440 330 1473 rendum
349 1443 403 1473 est
426 1441 473 1473 ad
490 1436 682 1484 τοιαύτην,
699 1451 734 1473 v.
750 1440 846 1475 Men.

182 1496 217 1528 p.
249 1486 292 1517 89
331 1484 370 1518 C.
414 1485 605 1518 Sententia
642 1486 735 1518 haec
774 1488 845 1517 est:

183 1530 391 1571 numquid
408 1531 553 1572 igitur
569 1533 627 1570 tu,
646 1541 666 1562 ο
682 1530 845 1572 Hippo-

184 1577 326 1615 crate,
344 1585 428 1607 non
446 1575 582 1607 talem
598 1576 730 1617 putas
747 1574 847 1606 Pro

184 1622 377 1661 tagorae
405 1619 696 1661 disciplinam
728 1619 841 1658 fore,

184 1674 266 1706 qua
289 1663 492 1696 reddaris
515 1664 737 1706 sophista;
770 1663 845 1696 sed

182 1708 318 1740 talem
346 1709 515 1750 potius,
549 1718 635 1750 qua
666 1708 845 1740 nonnisi

181 1753 445 1785 liberaliter
500 1753 724 1786 erudiaris
777 1763 845 1785 ne-

183 1807 264 1839 que
294 1797 345 1829 ad
376 1798 489 1829 artis
521 1798 844 1840 professionem

182 1852 260 1875 con
269 1842 375 1874 form
385 1842 482 1874 eris.
507 1843 563 1875 De
571 1842 847 1875 Atheniensium

181 1886 411 1918 institutione
449 1887 580 1928 puerili
610 1897 643 1921 v.
681 1887 778 1919 infra
808 1898 842 1929 p.

181 1932 246 1964 325
262 1931 295 1962 D
313 1940 403 1983 sqq..
421 1931 539 1965 Stallb.

227 1975 267 2008 B.
293 1970 372 2008 οὐκ
402 1970 474 2008 ἐπὶ
507 1973 639 2019 τέχνῃ
667 1970 746 2018 ἑμ.]
773 1975 843 2007 Xe-

182 2019 287 2071 noph.
302 2019 407 2054 Mem.
422 2020 487 2054 111.
503 2023 555 2059 10,
572 2023 608 2052 1:
624 2019 758 2053 εἴποτε
772 2019 846 2053 τῶν

181 2059 248 2102 τὰς
265 2061 397 2107 τέχνας
414 2045 601 2118 ἑχόντων
589 2063 655 2098 καὶ
672 2059 846 2117 ἐργασίας

183 2105 293 2143 ενεκα
325 2119 521 2152 χρωμενων
552 2104 687 2148 αὐταῖς
719 2106 846 2142 διαλέ-

182 2149 292 2202 γοιτό
317 2164 409 2195 τινι,
443 2152 506 2186 καὶ
536 2149 682 2192 τούτοις
710 2148 846 2196 ὠφέλι-

183 2209 252 2250 μσς
268 2210 327 2251 τιν’.

228 2237 325 2276 αλλ’
349 2237 422 2276 ἐπὶ
438 2242 654 2287 παιδείᾳ]
681 2243 726 2277 Η.
751 2254 783 2276 e.
807 2246 848 2275 ut

184 2288 396 2321 eruditionis
418 2288 638 2321 liberalioris
661 2288 846 2330 particeps

183 2332 299 2366 fieres.
330 2342 366 2365 v.
391 2332 500 2375 Gorg.
531 2343 565 2375 p.
597 2334 673 2366 485.
695 2332 751 2373 A„
783 2332 846 2364 ubi

184 2377 360 2409 Callicles
390 2377 656 2419 philosophiam
685 2378 738 2409 ait
773 2380 845 2409 tra—

183 2421 352 2454 ctandam
371 2432 450 2454 esse
459 2421 638 2460 παιδείας
654 2417 845 2465 χάρινμιε-

184 2477 253 2508 que
282 2468 397 2499 totam
430 2467 541 2498 vitam
565 2467 603 2499 in
626 2467 704 2499 eius
725 2466 845 2498 studio

186 2511 349 2544 consumi
365 2510 679 2552 debere.1taque
697 2511 845 2553 opponi

183 2561 242 2588 tur
264 2549 326 2588 ἐπὶ
349 2552 477 2598 τέχνῃ,
508 2559 546 2587 ιιι
568 2566 600 2597 p.
619 2557 683 2588 315
701 2556 747 2587 Α;
780 2553 844 2588 καὶ

185 2595 246 2633 ἐπὶ
264 2595 584 2643 τέχνῃμανθάνει,
602 2595 650 2638 ὡς
663 2596 845 2642 σοφιστὴς

118 2655 125 2659 ”
185 2635 371 2687 ἐσόμενος.
397 2644 572 2677 Gellius
604 2645 645 2677 N.
677 2646 719 2679 A.
743 2644 844 2685 XIII,

187 2691 245 2722 16:
285 2689 608 2721 humanitatem
647 2689 845 2731 appella-

183 2737 342 2766 verunt
373 2751 413 2757 —
447 2734 506 2776 qui
543 2734 663 2765 verbis
700 2734 846 2766 Latinis

185 2779 294 2820 probe
318 2779 374 2810 usi
397 2782 536 2811 sunt—
553 2777 594 2810 id
626 2788 844 2821 propemo-

913 1351 1025 1394 dum,
1064 1352 1174 1393 quod
1207 1352 1364 1385 Graeci
1395 1351 1578 1386 παιδείαν

914 1399 1099 1434 vocant,
1156 1407 1232 1430 nos
1284 1397 1577 1430 eruditionem

914 1442 1345 1483 institutionemque
1375 1443 1417 1474 in
1439 1442 1576 1474 bonas

915 1489 1037 1518 artes
1075 1486 1273 1518 dicimus.
1314 1504 1355 1510 —
1388 1482 1576 1530 ἰδιώτης

914 1530 947 1563 h.
971 1530 997 1565 l,
1020 1531 1240 1573 intelligitur
1271 1530 1332 1572 qui
1362 1534 1477 1564 artem
1505 1542 1576 1564 nou

939 1574 1060 1607 ublice
1107 1575 1311 1617 profitetur3
1359 1575 1576 1617 additurque

913 1585 1127 1661 Ξλεύθερος,
1146 1619 1178 1651 h
1198 1630 1229 1653 e.
1248 1619 1471 1660 liberalis,
1489 1620 1577 1661 quia

913 1666 1011 1696 artes
1039 1664 1134 1696 istae
1174 1666 1278 1696 erant
1315 1665 1575 1697 mercenariae.

913 1708 1030 1741 Staub.

958 1752 1047 1795 Cap.
1054 1753 1115 1785 IV.
1130 1747 1213 1794 τὴν
1227 1748 1576 1796 ψυχὴν-παρα-

912 1799 1042 1840 σχεῖν
1078 1795 1392 1843 θεραπεῦσαι]
1419 1799 1576 1831 animum

911 1846 1010 1874 tuum
1017 1837 1159 1874 tradere
1169 1842 1362 1874 curandum
1370 1854 1399 1876 s.
1409 1843 1577 1876 excolen

909 1887 1001 1926 dum,
1010 1897 1054 1928 p.
1047 1886 1162 1919 3250:
1170 1898 1194 1929 μ
1208 1882 1578 1938 μαθοῦσιμηδὲθε-

911 1931 1161 1983 ραπευθεῖσιν
1179 1898 1231 1970 εἲς
1214 1926 1397 1974 ςαρετήν.
1427 1932 1576 1975 Proprie

912 1972 1145 2018 θεραπεύειν
1180 1976 1223 2008 de
1261 1975 1409 2008 medicis
1445 1976 1578 2009 dicitur

914 2021 1300 2062 corporacurantibus,
1314 2020 1375 2053 sed
1388 2031 1428 2053 so
1455 2020 1576 2054 histae

915 2076 958 2097 ac
981 2065 1185 2107 philosophi
1208 2066 1337 2098 animis
1360 2075 1415 2097 me
1442 2066 1575 2098 icinam

916 2109 1027 2142 affere
1051 2110 1122 2141 visi
1150 2110 1362 2152 saepissime
1392 2120 1471 2142 cum
1500 2110 1576 2143 illis

916 2157 1183 2205 comparantur,
1206 2157 1248 2185 ut
1268 2154 1365 2186 infra
1387 2165 1421 2196 p.
1446 2155 1510 2187 357
1527 2154 1575 2187 E:

917 2193 1168 2250 Πρωταγόρας
1192 2196 1310 2242 φησὶν
1332 2193 1459 2241 ἰατρὸς
1476 2195 1575 2232 εἶναι

914 2242 981 2339 ἰξίας
1004 2237 1427 2339 {pzzg'zgosszlgssntd}
1448 2243 1575 2326 τιτιόλῙεῩς

914 2327 1032 2365 αὐτοῦ
1057 2330 1196 2384 διέρρει
1220 2327 1338 2386 λόγος,
1362 2343 1421 2365 οτι
1439 2332 1575 2365 Πυθα-

937 2372 1027 2418 όρας
1034 2371 1204 2428 ἀφίκετο
1227 2387 1273 2410 ου
1290 2372 1470 2418 διδάξων,
1493 2370 1574 2409 ἀλλ’

930 2416 1131 2474 ατρεύσων.

959 2466 998 2498 C.
1024 2460 1112 2499 οὔτ’
1137 2463 1176 2499 εἰ
1197 2460 1418 2510 ἅγαθῷ-
1439 2459 1574 2508 πράγ-

913 2509 1042 2554 ματι]
1062 2511 1175 2543 Recte
1197 2511 1456 2552 interpretatur
1477 2509 1575 2542 Fici-

912 2566 997 2588 nus·
1029 2556 1148 2588 nescis
1172 2555 1281 2596 quale
1303 2554 1352 2586 sit
1371 2553 1488 2589 istud.
1511 2555 1574 2587 bo—

912 2610 1043 2633 numne
1075 2610 1121 2632 an
1153 2599 1303 2639 malum,
1336 2599 1395 2631 cui
1427 2609 1572 2641 operam

911 2644 1118 2687 impendere
1139 2643 1275 2677 studes.
1294 2624 1389 2675 'Nam
1405 2642 1571 2686 πρᾶγμα,

912 2693 952 2721 ιιι
969 2690 1050 2723 Lat.
1068 2699 1124 2721 res
1147 2688 1338 2728 adiectivis
1354 2689 1409 2719 ita
1424 2689 1574 2731 apponi-

912 2738 982 2772 tur,
999 2737 1039 2765 ut
1055 2732 1272 2776 pronominis
1293 2731 1472 2764 indefiniti
1486 2742 1571 2775 par-

914 2782 970 2810 tes
1003 2781 1108 2819 agat,
1149 2780 1188 2809 ιιι
1216 2776 1323 2819 Gorg.
1362 2787 1396 2819 p.
1429 2777 1493 2809 517
1526 2775 1572 2807 C:
