1702 2924
425 218 669 258 GORGIAS.
699 218 744 257 P.
776 219 870 255 468.
902 218 996 254 469.
1027 215 1086 253 ed.
1118 214 1175 253 St.
1395 216 1471 251 155

120 346 280 379 ναντα,
318 328 390 370 καὶ
417 327 601 370 ἐλεεινόν
627 341 674 380 γε
701 326 829 380 πρός·
869 327 946 367 τὸν
973 323 1018 366 δὲ
1047 323 1219 372 δικαίως
1246 322 1474 377 ἀζήλωτον

128 396 273 437 [IRA.
300 386 357 437 Ἡ
380 408 467 436 που
496 392 520 434 ὅ
548 407 595 446 γε
623 392 916 446 ἀποθνήσκων
944 390 1100 438 ἀδίκως
1128 387 1307 436 ἐλεεινός
1334 402 1378 429 τε
1407 386 1477 429 καὶ

122 461 275 509 ἄθλιός
295 458 431 509 ἐστιν,
462 460 557 500 ΣΩ.
581 449 783 498 ΗΗττον
758 472 784 510 η
814 455 838 498 ὁ
867 455 1140 503 ἀποκτιννύς
1173 448 1207 495 ὦ
1237 455 1379 502 Hom,
1406 450 1477 494 καὶ

126 519 254 581 ἧττον
283 525 308 579 ἢ
337 525 361 567 ὁ
390 524 562 572 δικαίως
589 522 896 576 ἀποθνήσκων.
962 521 1106 562 mm.
1156 522 1259 568 Πως
1287 519 1415 572 δῆτα,
1444 512 1478 559 ὦ

126 594 372 671 Σώκρατες,
402 591 503 631 ΣΩ.
531 587 694 638 Οὕτως,
717 586 774 636 ὡς
792 585 992 641 μέγιστον
1011 589 1098 627 τῶν
1115 587 1260 627 κακῶν
1278 583 1479 638 τυγχάνει

127 654 180 699 ὂν
208 657 255 698 τὸ
284 656 458 698 ἀδικεῖν.
519 655 664 696 ΠΩΛ.
709 652 768 710 Ἠ
797 652 879 705 γὰρ
918 657 1046 693 τοῦτο
1084 649 1307 704 μέγιστον,
1348 650 1402 692 οὐ
1429 650 1478 691 τὸ

124 723 364 764 ἀδικεῖσθαι
401 723 565 775 μεῖζον,
615 719 717 761 Σῼ.
745 706 927 760 Ἢκιστά
963 731 1022 770 γε.
1091 718 1238 758 ΠΩΛ
1287 715 1357 757 Σὺ
1395 717 1479 767 α”ρα

126 788 301 841 βούλοιο
322 786 377 828 ἂν
397 786 636 828 ἀδικεῖσθαι
653 786 816 839 μᾶλλον
839 780 863 838 ἦ
881 783 1069 832 ἀδικεῖν,
1100 783 1204 823 Σῼ.
1228 781 1478 835 Βουλοίμην
1511 779 1547 823 C

125 852 202 907 μὲν
243 852 298 893 ἂν
336 849 467 906 ἔγωγε
505 850 724 903 οὐδέτερα·
767 849 802 890 εἰ
839 844 877 890 δ’
903 849 1142 901 ἀναγκαῖον
1170 847 1234 902 εἴη
1263 848 1426 889 ἀδικεῖν
1455 842 1482 900 ἢ

126 918 388 965 ἀδικεῖσθαι,
436 915 610 971 ἑλοίμην
656 915 711 956 ἂν
757 917 920 968 μᾶλλον
960 914 1203 955 ἀδικεῖσθαι
1239 909 1268 967 ἢ
1305 913 1479 955 ἀδικεῖν.

130 985 273 1026 ΠΩΛ.
314 982 384 1024 Σὺ
410 985 495 1035 ἄρα
521 984 751 1034 τυραννεῖν
779 975 861 1022 οὐκ
886 979 944 1020 ἂν
972 979 1134 1030 δέξαιο,-
1175 980 1276 1020 ΣΩ.
1312 979 1417 1027 Οὔκ,
1447 978 1483 1019 εἰ

126 1050 173 1091 τὸ
211 1052 441 1101 τυραννεῖν
475 1061 524 1100 γε
562 1045 694 1099 λέγεις
735 1042 840 1098 ὅπερ
878 1043 973 1099 ἐγώ.
1035 1046 1182 1085 ΠΩΛ.
1217 1040 1318 1085 Ἀλλ’
1348 1042 1482 1098 ἔγωγε

126 1118 255 1156 τοῦτο
284 1111 406 1166 λέγω,
437 1110 542 1166 ὅπερ
570 1115 678 1165 ἄρτι,
719 1110 868 1162 ἐξεῖναι
901 1111 947 1152 ἐν
974 1118 1025 1165 τῇ
1055 1111 1199 1161 πόλει,
1241 1110 1264 1151 ὃ
1293 1109 1348 1151 ἂν
1375 1109 1482 1163 δοκῇ

128 1181 267 1236 αὐτῷ,
307 1181 447 1221 ποιεῖν
473 1184 626 1229 τοῦτο,
673 1177 980 1219 ἀποκτιννύντι
1017 1174 1090 1217 καὶ
1127 1174 1376 1228 ἐκβάλλοντι
1412 1174 1484 1217 καὶ

129 1246 269 1287 πάντα
296 1245 526 1297 πράττοντι
554 1242 660 1284 κατὰ
688 1242 767 1297 τὴν
797 1242 933 1284 αὐτοῦ
962 1241 1103 1292 δόξαν.

217 1310 322 1368 Cap.
352 1310 499 1353 XXV.
559 1312 659 1352 ΣΩ.
681 1302 736 1352 ³52
761 1310 953 1364 μακάριε,
984 1307 1089 1364 ἐμοῦ
1114 1309 1166 1363 δὴ
1194 1306 1396 1363 λέγοντος
1423 1310 1482 1365 τῷ

130 1435 216 1468 Ven.
242 1434 325 1467 ΞΣ.
356 1433 459 1467 Vind.
482 1432 515 1467 2.
539 1433 571 1467 6.
596 1432 627 1467 7.
662 1434 741 1467 Par.
772 1433 895 1467 IVW.
918 1433 1010 1466 Flor.
1034 1444 1069 1466 x.
1101 1433 1192 1477 Aug.
1216 1432 1357 1465 Meerm.
1382 1430 1482 1464 Bodl.

129 1479 237 1558 Sto}
284 1524 335 1557 ⁶¹2.
361 1536 407 1568 γε
432 1522 561 1567 πρός]
587 1523 645 1556 Sic
667 1523 745 1556 Par.
770 1524 796 1556 Ι.
820 1523 911 1556 Flor.
927 1535 960 1556 x,
986 1522 1081 1556 Stob.
1099 1526 1133 1555 et
1148 1522 1199 1555 ed.
1216 1523 1295 1555 Bas.
1312 1521 1344 1555 2.
1368 1522 1483 1576 Vulgo

132 1569 171 1603 δὲ
199 1581 260 1614 pro
290 1582 329 1613 γε
358 1569 547 1613 legebatur.
596 1570 786 1602 Hermann.
818 1569 857 1602 δὲ
887 1573 1019 1611 tuetur,
1051 1569 1133 1611 quia
1168 1568 1278 1601 maior
1300 1569 1354 1600 vis
1377 1569 1484 1601 sitin

132 1615 187 1654 δέ,
218 1615 418 1659 praesertim
441 1627 480 1658 γε
502 1615 572 1647 iam
596 1619 805 1658 antegresso.
841 1614 908 1647 Sed
934 1614 974 1647 δὲ
998 1612 1087 1657 πρός
1110 1615 1159 1647 ita
1182 1625 1253 1647 non
1276 1614 1365 1647 solet
1387 1625 1485 1646 usur-

130 1661 214 1704 pari.
255 1662 308 1694 De
333 1661 387 1693 καὶ
410 1680 451 1685 -
469 1672 508 1704 γε
532 1659 622 1703 πρός
645 1671 677 1694 v.
698 1661 874 1703 interpret.

199 1706 237 1740 C.
284 1703 420 1739 αὑτοῦ
445 1704 602 1749 δόξαν]
627 1703 736 1738 αὐτοῦ
761 1704 790 1738 δ.
814 1706 932 1738 Herm.

130 1831 171 1874 γε
185 1818 282 1861 πρός.
307 1819 534 1875 Aristoph.
554 1820 634 1853 Pae.
651 1830 684 1852 v,
709 1818 770 1852 19.

135 1862 175 1907 νὴ
206 1863 266 1898 τὸν
297 1863 359 1898 Δί’
389 1864 425 1899 ἐς
448 1863 600 1907 κόρακάς
624 1877 680 1909 γε,
714 1865 770 1897 καὶ

132 1908 262 1943 σαυτόν
284 1922 323 1954 γε
348 1909 446 1951 πρός.

184 1953 347 1993 Οὕτως,
379 1953 433 1989 ὥς
456 1954 668 1998 μέγιστον
691 1958 772 1988 τῶν

132 1999 174 2043 κ.]
206 1999 364 2033 Eadem
396 2001 592 2040 ratione,
627 2004 672 2032 ut
695 2011 773 2033 ma-

133 2046 290 2077 ximum
328 2045 537 2078 malorum
567 2049 633 2078 est
663 2046 773 2078 iniu-

130 2091 237 2123 riam
261 2091 437 2124 inferre.

179 2136 217 2168 C.
244 2139 368 2168 τοῦτο
387 2135 511 2180 λέγω,
537 2134 644 2178 ὅπερ
665 2134 771 2177 ἄρτι,

134 2179 229 2221 ἑξεῖ
239 2193 306 2213 ναι
313 2180 377 2236 —]
396 2182 449 2214 De
464 2181 636 2214 infinitivo
650 2182 772 2224 ἐπεξη-

132 2223 266 2268 γήσεως
280 2225 378 2268 χάριν
399 2227 595 2269 pronomini
617 2227 773 2260 subiecto

158 2270 234 2303 .ad
258 2270 389 2304 Criton.
413 2270 517 2314 p..45
531 2273 572 2305 E.
596 2273 773 2306 Phaedon.

131 2326 164 2358 p.
183 2315 237 2349 64.
254 2315 292 2348 C.
322 2317 469 2359 Apolog.
493 2317 633 2360 ὅσοι-,Ρ
612 2328 644 2360 Ρ.
661 2317 715 2351 18.
731 2319 772 2350 A.

132 2361 186 2392 De
209 2362 290 2403 Rep.
318 2361 359 2393 V.
390 2372 422 2403 p
447 2360 524 2396 472.
547 2363 588 2395 Ε.
634 2364 775 2396 Frustra.

132 2406 431 2438 Heindorfius
463 2405 498 2438 τὸ
533 2406 663 2448 ἐξεῖναι
692 2410 774 2441 scri-

133 2451 280 2483 bendum
296 2451 569 2494 putabat.1nfrn
585 2464 618 2495 p.
632 2452 708 2486 491.
723 2455 774 2486 D.

135 2496 190 2528 καὶ
217 2494 252 2528 τὸ
279 2496 414 2529 δίκαιον
438 2495 524 2529 τοῦ’τ
554 2496 637 2535 ἐστι’,
671 2498 776 2532 πλέον

136 2541 224 2583 ἔχειν
263 2540 404 2576 τούτους
440 2546 509 2574 τῶν
542 2540 672 2582 ἄλλων,
716 2543 776 2576 ubi

136 2586 432 2619 Heindorfius
468 2598 587 2620 rursus
619 2586 656 2620 τὸ
686 2589 777 2622 inse-

134 2631 276 2663 rendum
313 2632 468 2664 coniecit.
515 2633 651 2665 Deinde
682 2632 777 2678 αυτῷ

136 2677 263 2709 referas
298 2676 341 2709 ad
372 2679 455 2715 τινί,
497 2677 589 2720 quod
619 2678 709 2711 inest
737 2681 774 2712 in

135 2721 196 2753 inf.
221 2720 358 2763 ἐξεῖναι.
392 2723 483 2755 conf.
498 2733 540 2779 p.
563 2721 641 2756 469.
665 2724 712 2756 E:
738 2723 774 2756 τὸ

138 2770 254 2799 ποιεῖν
283 2764 304 2799 ἃ
338 2766 436 2800 δοκεῖ
462 2765 579 2812 αὐτῷ,
619 2769 642 2800 i
676 2780 705 2802 e.
738 2767 774 2802 τὸ

842 1823 954 1852 ποιεῖν
986 1830 1079 1858 τινα,
1113 1818 1133 1851 ἃ
1158 1818 1260 1851 δοκεῖ
1278 1816 1384 1862 αὐτῷ.
1430 1820 1484 1851 De

839 1865 922 1906 Rep.
946 1864 1007 1896 VI.
1030 1875 1062 1907 p.
1086 1862 1165 1898 503.
1187 1865 1229 1897 D.

886 1910 970 1952 Cap.
1001 1910 1112 1942 XXV.
1175 1908 1284 1949 ἐμοῦ
1333 1907 1385 1952 δὴ
1427 1907 1483 1941 λε’-

840 1966 998 1998 γοντος
1029 1958 1083 1999 τῷ
1114 1953 1224 1999 λόγῳ
1249 1953 1483 1997 ἐπιλαβοῦ]

841 2002 943 2033 Recte
975 2000 1223 2033 Routhius:
1277 2000 1384 2043 Age,
1423 2010 1485 2031 me

842 2047 1215 2078 sermocinantem
1285 2055 1484 2078 sermone

842 2091 1028 2133 corripe.
1098 2092 1152 2123 De
1194 2089 1301 2123 verbo
1346 2089 1484 2130 ἐπιλαμ-

842 2134 1020 2178 βάνεσθαι
1051 2136 1346 2180 redarguendi
1370 2140 1405 2169 et
1426 2146 1484 2168 re-

841 2193 888 2224 pr
898 2193 916 2214 e
926 2182 975 2214 he
986 2193 1008 2214 n
1018 2181 1037 2213 d
1050 2194 1069 2214 e
1080 2193 1103 2214 n
1114 2181 1160 2214 di
1229 2182 1484 2225 significatione

841 2230 1006 2270 usurpato
1025 2238 1058 2260 v.
1082 2227 1312 2260 Heindorf.
1336 2227 1380 2260 ad
1402 2226 1436 2259 h.
1460 2227 1484 2259 l.

842 2277 877 2305 et
899 2273 1155 2305 Fischerum
1179 2272 1288 2305 Indie.
1314 2273 1358 2305 ad
1373 2271 1486 2305 Theo-

842 2318 971 2360 phrast.
996 2318 1158 2351 Charaot.
1183 2328 1210 2350 s.
1238 2317 1271 2350 h.
1296 2328 1329 2349 v.
1360 2335 1405 2342 —
1437 2318 1487 2349 ἐν

843 2361 981 2407 ἀγορᾷ
1005 2361 1259 2406 πληθούσῃ,
1290 2366 1487 2406 tempore

843 2419 908 2448 eo,
933 2408 1045 2451 quod
1070 2413 1136 2440 est
1160 2409 1278 2440 inter
1299 2419 1422 2440 mane
1446 2412 1488 2441 et

844 2453 1075 2486 meridiem.
1112 2454 1156 2486 of.
1183 2454 1316 2486 Zeun.
1339 2453 1383 2486 ad
1406 2454 1486 2496 vig.

843 2510 875 2541 p.
899 2498 976 2532 655.
1030 2499 1236 2542 Interpretes
1265 2509 1368 2542 saepe
1399 2509 1488 2532 erra·

844 2548 924 2576 runt
946 2544 1128 2577 formulam
1146 2544 1327 2577 reddentes
1346 2544 1487 2577 medio

845 2589 931 2628 die,
963 2599 1068 2630 quum
1097 2593 1213 2622 tamen
1237 2588 1326 2631 ἀμφὶ
1352 2587 1488 2632 ἀγορὰν

846 2633 1055 2677 πλήθοισαι·
1086 2638 1120 2667 et
1151 2634 1260 2674 μέσον
1285 2633 1414 2678 ἡμέρας
1437 2634 1488 2666 di-

843 2686 931 2712 serte
962 2678 1229 2723 distinguantur.
1261 2691 1292 2711 v.
1325 2680 1486 2712 Wesse-

842 2724 876 2756 li
886 2735 909 2756 n
917 2735 950 2767 g.
967 2724 1010 2756 ad
1022 2725 1186 2758 Herodot.
1198 2726 1243 2766 ΙΙ,
1254 2723 1331 2758 173.
1342 2725 1485 2767 interpp.

845 2769 889 2802 ad
913 2769 1036 2803 Athen.
1061 2781 1094 2814 p.
1118 2769 1195 2805 270.
1220 2771 1263 2803 D.
1289 2789 1333 2795 —
1363 2767 1411 2803 ὃν
1434 2769 1487 2803 ἄν
