1690 2892
446 209 694 249 GORGIAS.

722 210 766 248 P.
799 213 893 248 502.
925 212 984 250 ed.
1017 211 1074 249 St.

1370 215 1460 254 263.

89 320 220 369 δοκεῖ,
249 320 496 373 χαρίζεσθαι
522 321 613 367 τοῖς
631 322 809 368 θεαταῖς
826 320 977 373 μόνον,
1005 316 1035 374 ἦ
1061 320 1134 362 καὶ
1156 320 1453 374 διαμάχεσθαι,

63 417 66 420 ⁴
89 384 165 426 ἐάν
191 401 232 426 τι
260 386 406 434 αὐτοῖς
432 384 516 439 ἡδὺ
542 383 621 439 μὲν
649 381 678 437 ᾖ
706 383 778 425 καὶ
805 384 1135 439 κεχαρισμένον,
1164 386 1359 439 πονηρὸν
1387 385 1445 437 δέ,

89 447 206 499 ὅπως
233 455 363 492 τοῦτο
398 450 478 504 μὲν
511 448 569 504 μὴ
599 448 705 503 ἐρεῖ,
747 450 782 490 εἰ
820 449 864 491 δέ
903 466 943 491 τι
983 451 1180 505 τυγχάνει
1225 450 1351 505 αἠδὲς
1380 450 1450 493 καὶ

88 514 320 570 ὠφέλιμον,
349 522 476 557 τοῦτο
504 514 549 556 δὲ
576 514 648 556 καὶ
674 514 780 566 λέξει
807 515 875 557 καὶ
907 512 1077 572 ᾄσεται,
1121 515 1196 558 ἐάν
1224 530 1267 557 τε
1294 517 1444 570 χαίρω-

87 590 156 622 σιν
184 579 260 622 ἐάν
286 595 330 622 τε
355 582 414 636 μή
424 599 436 631 3
464 579 655 634 ποτέρως
683 590 752 622 σοι
779 581 900 623 δοκεῖ
923 582 1276 634 παρεσκευάσθαι
1303 582 1332 637 ἡ
1359 584 1447 624 τῶν

85 646 334 702 τραγῳδιῶν
361 647 555 701 ποίησις,·
595 648 734 688 ΚΑΛ.
763 649 913 701 Δῆλον
942 645 994 701 δὴ
1023 648 1151 689 τοῦτό
1178 662 1248 700 γε,
1291 648 1325 689 ὠ
1352 648 1446 689 Σώ-

85 726 258 764 κρατες,
301 707 367 754 ὅτι
404 712 512 765 πρὸς
553 709 633 766 τὴν
669 710 836 766 ἦδονην
872 714 1037 766 μᾶλλον
1066 709 1256 767 ὥρμηται
1292 712 1365 754 καὶ
1392 713 1441 755 τὸ
1474 710 1510 755 G

717 779 816 820 253.
864 778 1040 820 Οὐκοῦν
1068 779 1116 820 τὸ
1143 785 1363 829 τοιοῦτον,
1399 773 1433 820 ὦ

83 777 329 831 χαριζεσθαι
355 781 446 827 τοῖς
472 780 660 825 θεαταῖς.

87 843 355 893 Καλλίκλεις,
406 842 569 896 ε’φαμεν
619 846 705 884 νῦν
754 842 807 897 δὴ
848 844 1076 885 κολακείαν
1123 839 1254 893 &Evam
1303 845 1441 884 ΚΑΛ.

85 909 214 950 Πάνυ
240 923 297 962 γε.

353 909 452 949 ΣΩ.
497 907 606 962 Φέρε
644 908 720 962 δή,
760 909 800 949 εἴ
834 923 896 957 τις
934 908 1169 962 περιέλοιτο
1207 915 1282 963 τῆς
1321 910 1441 963 ποιή-

82 984 187 1023 σεως
213 974 350 1028 πάσης
376 974 425 1016 τό
452 988 497 1015 τε
523 972 650 1028 μέλος
677 974 749 1016 καὶ.
776 975 852 1016 τὸν
882 974 1057 1028 ῥυθμὸν
1094 974 1166 1016 καὶ
1195 973 1243 1016 τὸ
1271 972 1439 1028 μέτρον,

149 1129 189 1162 C.
236 1129 282 1161 εἴ
310 1141 371 1164 τις
403 1129 654 1172 περιέλοιτο
687 1134 757 1173 τῆς
790 1128 1031 1174 ποιήσεως]
1080 1129 1231 1171 περιέλοι
1255 1130 1369 1164 Schol.
1406 1135 1439 1164 et

80 1174 249 1208 Aristides
274 1175 383 1208 Oratt.
409 1175 498 1208 Plat.
523 1176 568 1208 II.

80 1221 119 1253 E.
145 1220 332 1263 Politic.p

617 1174 726 1208 ,278.
750 1177 796 1208 Et
818 1177 969 1208 activum
994 1174 1102 1208 habes
1125 1172 1275 1219 Sophist.
1301 1187 1333 1219 Ρ.
1359 1175 1439 1210 264.

310 1231 344 1263 Ρ.
367 1219 444 1254 281,
469 1222 511 1253 D.
545 1186 623 1254 288.
648 1221 691 1253 D.
740 1221 809 1254 Sed
840 1222 992 1254 medium
1029 1225 1099 1254 est·
1137 1221 1177 1253 si
1214 1221 1311 1264 quis
1350 1221 1437 1254 sibi

79 1265 257 1306 adimat,
289 1266 322 1300 h.
357 1276 387 1299 e.
418 1266 455 1299 si
487 1267 588 1309 quis
621 1270 766 1299 mente
797 1270 838 1299 et
874 1267 1150 1310 cogitatione
1191 1267 1366 1309 adimat,
1399 1271 1437 1300 ut

78 1316 170 1344 recte
193 1311 324 1344 Aetius.

80 1447 219 1489 ταυτηνὶ
244 1443 307 1489 τὴν
328 1443 539 1489 θαυμαστὴν
554 1445 722 1490 κεφαλήν,

78 1493 132 1525 De
156 1491 300 1534 Republ.
325 1492 421 1524 VIII.
446 1502 478 1534 p.
502 1490 580 1524 565.
604 1493 658 1523 D:
686 1489 720 1523 τὸ

80 1537 119 1569 ἐν
155 1535 322 1580 Ἀρκαδίᾳ
360 1534 395 1569 τὸ
436 1540 498 1569 τοῦ
535 1534 623 1571 Διὸς
662 1540 722 1569 τοῦ

78 1583 238 1615 1υκαιόυ
263 1580 376 1624 ἱερόν.
406 1582 560 1637 Sophist.
585 1593 617 1625 Ρ.
642 1581 720 1615 225.

77 1628 123 1660 E:
150 1626 210 1660 τὸν
233 1625 439 1667 θαυμαστὸν
461 1626 599 1660 ἐκεῖνον
624 1626 720 1671 ἥκειν

78 1668 123 1706 αὖ
151 1676 218 1706 νῦν
241 1672 400 1713 τέταρτον
424 1670 482 1705 τὸν
512 1671 719 1713 μεταδιωκό-

77 1730 186 1757 μεῖον
212 1715 272 1760 ὑφ’
329 1721 405 1757 μῶν
430 1728 609 1774 σοφιστῖν.
666 1719 719 1750 Dc

78 1765 160 1806 Rep.
193 1764 219 1796 I.
251 1774 285 1806 Ρ.
305 1716 385 1797 328.
410 1764 459 1795 D:
498 1776 531 1796 αι
558 1765 651 1796 αλλαι
683 1763 722 1796 αἱ

82 1807 172 1864 matt&⁹
191 1806 226 1841 τὸ
252 1812 347 1848 σῶμα
372 1806 507 1852 ἡδοναί.
531 1810 576 1841 II.
599 1820 632 1852 p.
642 1807 720 1842 368.

78 1855 125 1886 B:
155 1852 193 1886 ἑκ
225 1858 286 1886 τοῦ
316 1851 418 1886 ἄλλου
457 1858 518 1886 τοῦ
549 1851 718 1941 ὑμετέρορυ

79 1897 222 1941 τρόπου.
260 1899 322 1931 III.
380 1897 495 1932 .407.
526 1899 564 1931 B.
591 1900 651 1931 IX.
686 1910 718 1941 p.

76 1943 154 1978 590.
178 1945 219 1978 A.
246 1943 353 1986 Craty
355 1944 378 1976 l.
408 1942 541 1986 p..398
565 1945 604 1976 Β.
636 1944 718 1976 ibid.

79 1991 121 2022 D.
146 1989 251 2032 Hipp.
282 1954 366 2021 Mayi.
398 1999 430 2031 p.
455 1987 532 2023 281.
563 1990 626 2030 D.,
658 1989 719 2022 ubi

77 2046 110 2066 v.
141 2038 256 2067 annot.
295 2033 375 2066 coll.
405 2034 633 2067 Matthiae.
660 2035 718 2068 Gr.

123 2124 165 2157 εἰ
197 2123 244 2157 δέ
274 2136 309 2157 τι
334 2122 539 2167 τυγχάνει
570 2122 717 2179 ἀηδές]

78 2171 130 2203 Ne
154 2170 231 2212 quis
252 2179 329 2202 cum
341 2169 541 2213 Hirsehigio
566 2167 608 2203 ὂν
632 2170 719 2203 desi-

77 2215 187 2256 deret,
235 2219 368 2258 praeter
405 2215 716 2248 Heindorfium

79 2261 122 2292 ad
146 2260 180 2292 h.
203 2260 227 2292 1.
250 2260 391 2292 videndi
421 2264 503 2293 sunt
534 2271 620 2302 quos
644 2261 718 2293 lau-

78 2305 161 2338 davi
184 2305 228 2337 ad
251 2305 352 2347 Apol.
376 2305 507 2338 Socrat-
541 2305 650 2348 Ρ..38
675 2307 716 2339 A.

77 2355 112 2383 et
135 2350 178 2382 ad
202 2350 377 2382 Phaedon.
401 2361 434 2393 p.
449 2350 503 2385 62.
526 2316 573 2383 Ap..
582 2370 627 2375 —
649 2353 716 2384 Pro

77 2393 184 2438 αἠὃὲς
209 2395 274 2427 fuit
297 2396 357 2437 qui
373 2392 505 2438 ἀληθὲς
519 2397 716 2439 requireret.

77 2441 185 2483 Atqui
222 2441 390 2474 sententia
428 2441 514 2474 haec
555 2446 621 2474 est:
665 2453 716 2475 an

77 2487 211 2519 etiam
246 2485 289 2518 id
329 2486 621 2527 contendere,
660 2492 715 2528 ut,

77 2531 250 2564 etiamsi
274 2541 360 2563 non
383 2530 508 2564 dicat
525 2531 579 2573 id,
603 2533 716 2574 quod

77 2587 170 2609 cum
229 2576 509 2609 iucunditate
559 2577 716 2611 malum

77 2621 552 2662 coniunctumhabeat‚
574 2626 716 2656 tamen

78 2666 191 2709 quod
222 2677 314 2700 eum
343 2667 550 2700 utilitate
578 2669 717 2701 socia-

60 2716 165 2751 ,tum
211 2711 378 2744 habeat
418 2712 716 2756 iniucundum,

77 2756 120 2789 id
165 2760 208 2790 et
252 2757 374 2790 dicat
419 2762 461 2791 et
506 2763 716 2792 canat.—

792 1449 921 1479 τοῦτο
954 1445 1000 1479 δὲ
1024 1446 1093 1478 καὶ
1130 1445 1253 1487 λέξει.
1300 1447 1435 1488 Repeti-

790 1496 863 1524 tum
880 1490 918 1524 δέ
932 1491 1107 1524 efficaciae
1128 1492 1251 1534 gratia,
1274 1495 1312 1523 ut
1326 1492 1435 1524 Phae-

790 1537 868 1570 don.
893 1548 926 1579 p.
951 1535 1004 1569 78.
1031 1537 1077 1569 C:
1108 1537 1146 1569 τὰ
1179 1535 1218 1569 δὲ
1242 1534 1349 1569 ἄλλοτ’
1376 1535 1433 1569 α”λ-

789 1584 855 1617 λως
887 1582 942 1614 καὶ
982 1581 1156 1623 μηδέποτε
1193 1580 1276 1614 κατὰ
1317 1579 1432 1622 ταύτά,

790 1631 893 1661 ταῦτα
919 1627 958 1660 δὲ
982 1623 1074 1660 εἶναι
1098 1625 1137 1659 τὰ
1167 1626 1339 1669 ξύνθετα,
1372 1627 1434 1659 ubi

788 1684 820 1704 v.
845 1684 925 1706 ann.
966 1673 1123 1705 Plurima
1147 1673 1306 1715 exempla
1330 1673 1432 1705 colle-

787 1719 839 1761 git
876 1718 1185 1761 Wyttenbach.
1223 1718 1267 1750 ad
1308 1718 1432 1751 Select.

787 1764 933 1806 princip.
957 1763 1109 1796 historic.
1133 1775 1165 1806 p.
1188 1761 1256 1796 409
1279 1774 1351 1804 seq.

857 1809 894 1842 C.
954 1809 1023 1841 καὶ
1073 1806 1115 1840 τὸ
1162 1809 1431 1850 χαρίζεσθαι

789 1858 879 1888 τοῖς
904 1853 1100 1896 θεαταῖς]
1147 1854 1287 1886 Etenim
1309 1853 1432 1896 tragici

787 1899 978 1932 mendaciis
1002 1899 1149 1941 aliisque
1173 1899 1306 1931 artibus
1329 1904 1431 1930 utun-

787 1948 859 1985 tur,
890 1947 929 1976 ut
950 1944 1049 1987 plebs
1073 1944 1262 1976 delectetur
1291 1948 1326 1976 et
1357 1943 1431 1986 spess

788 1993 934 2022 etatores
970 1988 1039 2029 ἅμα
1074 1992 1253 2031 χαίροντες
1291 1987 1429 2022 κλάωσι.

787 2045 821 2067 v.
845 2035 975 2078 Cratyl.
1007 2045 1039 2077 p.
1063 2033 1141 2068 408.
1166 2035 1203 2069 C.
1236 2034 1370 2067 Phileb.
1396 2045 1429 2077 p.

786 2078 841 2113 48.
866 2081 908 2115 A.
942 2081 1116 2121 Quoniam
1139 2083 1253 2113 autem
1277 2090 1367 2122 quae
1391 2080 1427 2112 in

786 2125 931 2158 theatris
955 2126 1129 2166 videmus,
1160 2136 1203 2158 ea
1226 2136 1263 2158 se
1286 2125 1430 2157 mirifice

785 2171 823 2203 in
847 2171 1001 2203 animum
1034 2174 1190 2204 nostrum
1223 2171 1322 2213 quasi
1345 2171 1431 2203 insi-

785 2220 914 2259 nuant,
946 2217 996 2249 ita
1027 2221 1066 2250 ut
1095 2217 1184 2249 tales
1212 2217 1281 2259 ipsi
1304 2216 1430 2249 evada-

785 2273 881 2304 mus,
928 2262 1049 2304 quales
1087 2263 1227 2294 fuerunt
1265 2272 1351 2303 quos
1391 2262 1429 2294 in

785 2318 889 2340 scena
927 2307 1164 2350 adspeximus,
1209 2307 1428 2348 quemadmo-

784 2353 867 2386 dum
898 2353 1126 2395 philosophus
1163 2356 1281 2385 censet
1311 2353 1429 2384 Prota-

784 2409 856 2442 gor.
889 2408 923 2440 p.
953 2396 1032 2431 314.
1056 2399 1094 2430 B.
1126 2398 1180 2429 De
1204 2397 1350 2439 Republ.
1381 2398 1424 2430 X.

783 2455 816 2486 p.
856 2442 951 2483 606.,
997 2443 1122 2475 mirum
1159 2443 1314 2485 profecto
1356 2454 1426 2475 non

784 2492 837 2522 est
873 2488 1054 2520 Platonem
1098 2488 1212 2520 minus
1257 2488 1346 2520 bene
1386 2488 1427 2520 de

785 2533 961 2577 tragoedia
992 2534 1141 2566 sensisse
1164 2544 1309 2576 eamque
1341 2533 1426 2565 adeo

784 2590 855 2612 una
885 2589 965 2611 cum
996 2579 1175 2611 comoedia
1205 2590 1223 2611 e
1246 2578 1427 2621 republica

785 2635 848 2657 sua
885 2625 1028 2656 eiecisse
1067 2624 1144 2656 libr.
1183 2624 1245 2658 ΙΙΙ.
1283 2635 1315 2666 p.
1347 2622 1425 2656 394.

784 2671 828 2702 D.
853 2679 946 2712 seqq.
970 2670 1061 2704 conf.
1085 2670 1192 2712 Legg.
1206 2669 1285 2701 VII.
1298 2679 1330 2711 p.
1347 2667 1424 2701 817.

786 2715 826 2748 C.
848 2725 919 2756 seq.

830 2758 875 2792 τό
907 2771 952 2792 τε
982 2758 1110 2800 μέλος
1150 2755 1329 2792 καὶτὸν
1359 2770 1425 2799 ρυ-
