1682 2944
492 176 564 214 AD
594 175 838 214 GORGIAM
867 175 1137 213 PLATONIS.
1443 179 1494 213 39

139 302 300 328 munera
318 289 474 339 publica
490 288 809 327 administrarant
817 287 869 336 ἦ).
915 287 1149 326 Huiusmodi
1178 291 1308 326 autem
1327 270 1497 326 civitatis

139 345 306 384 ministri
335 359 455 397 quum
482 345 610 383 minus
638 349 797 394 possent
824 345 1055 383 auctoritate
1090 358 1162 382 sua
1188 357 1320 393 regere
1352 344 1496 382 civium

140 404 294 440 turbam
307 433 315 449 ,
345 408 474 452 spreta
500 401 670 447 iustitia,
711 401 987 450 temperantia,
1029 401 1287 447 continentia,
1327 401 1494 451 denique

140 458 306 505 virtute,
346 459 458 496 unice
495 458 534 495 id
574 459 826 503 studuerunt,
867 462 912 495 ut
940 471 1003 495 eos
1033 458 1278 507 voluptatum
1304 456 1495 495 illecebris

142 515 350 553 delinirent
386 514 535 566 sibique
564 514 747 565 obsequio
777 513 1111 562 conciliarent-W).
1169 513 1362 554 Quoniam
1397 527 1489 552 vero

140 572 181 608 in
210 571 331 609 libera
357 571 553 621 republica
582 575 666 609 erat
693 570 962 617 necessarium,
992 574 1036 608 ut
1065 571 1132 621 qui
1161 570 1309 621 aliquid
1329 570 1494 608 auctori·

140 628 232 666 tatis
262 640 306 665 ac
333 627 535 677 dignit-atis
574 627 638 666 vel
666 627 847 678 consequi
876 627 940 665 vel
979 627 1154 665 obtinere
1182 627 1320 673 vellet,
1359 626 1393 664 is
1422 626 1493 664 im-

140 684 272 734 primis
302 688 425 722 artem
452 683 602 722 dicendi
639 697 714 721 usu
743 688 782 722 et
820 683 1096 721 exercitatione
1135 683 1208 721 sibi
1244 687 1491 732 compararet,

141 740 378 779 exstiterunt
418 740 494 778 illis
522 740 759 789 temporibus
798 739 900 778 inter
928 739 1119 789 sophistas
1158 739 1224 790 qui
1263 753 1341 776 non
1369 740 1493 777 solum

140 797 413 846 profiterentur
440 810 481 835 se
509 797 622 846 ipsos,
652 809 905 847 quaecunque
942 809 1004 834 res
1034 796 1186 834 infinite
1224 796 1350 845 posita
1379 799 1492 842 esset,

140 854 187 891 de
216 865 263 900 ea
290 853 434 900 dicere,
465 853 531 890 sed
562 853 679 891 etiam
707 853 793 890 aliis
822 852 972 890 dicendi
1000 856 1041 890 et
1068 865 1156 890 cum
1183 853 1325 902 populo
1354 852 1493 900 agendi

139 909 363 948 facultatem
399 909 596 959 impertire
622 922 735 958 posse
763 908 1062 957 iactarentfflss).
1120 908 1293 949 Quorum
1320 906 1492 947 virorum

139 966 278 1012 studia,
309 966 381 1004 etsi
410 966 542 1004 multis
562 966 735 1016 partibus
756 966 966 1004 laudabilia
983 966 1154 1012 fuerunt,
1183 968 1313 1003 tamen
1343 965 1491 1003 civitati

139 1022 383 1060 Athenarum
430 1036 623 1060 summum
661 1022 877 1060 attulerunt
924 1022 1209 1060 detrimentum.
1286 1021 1495 1060 Excitabat

140 1079 243 1117 enim
271 1092 336 1117 eos
365 1079 585 1118 ambitionis
612 1079 857 1127 magnitudo,
897 1092 996 1130 quae
1033 1092 1164 1117 omnes
1192 1078 1408 1124 invaserat,
1448 1082 1493 1116 ut

138 1139 341 1185 praecepta
370 1136 464 1174 artis
492 1149 570 1173 non
599 1136 647 1173 ad
666 1135 825 1174 virtutis
843 1135 1042 1182 rationem,
1072 1135 1139 1173 sed
1168 1135 1216 1172 ad
1237 1134 1493 1184 cupiditatum

138 1192 419 1242 turpitudinem
447 1193 773 1230 accommodarent
783 1191 830 1240 †).
890 1191 1077 1232 Quocirca
1114 1204 1196 1229 sese
1224 1191 1403 1229 dicebant
1436 1191 1492 1229 di-

140 1248 302 1298 sciplina
329 1261 400 1285 sua
426 1248 466 1286 id
495 1249 718 1294 effecturos,
747 1253 812 1295 ut,
842 1248 909 1299 qui
936 1248 1006 1286 illa
1034 1247 1094 1285 usi
1110 1247 1271 1294 essent,
1311 1247 1340 1284 ii
1370 1247 1411 1284 in
1441 1247 1492 1285 ci-

141 1304 263 1343 vitate
291 1304 579 1343 dominarentur
608 1304 821 1356 ceterisque
850 1306 1102 1354 imperarent;
1138 1303 1333 1354 perveniri
1361 1307 1492 1342 autem

140 1374 186 1399 eo
212 1373 324 1411 posse
353 1360 639 1399 arbitrabantur
667 1361 739 1407 sic,
769 1365 814 1399 ut
843 1361 910 1412 qui
938 1360 1089 1398 dicendi
1111 1360 1336 1399 facultatem
1362 1365 1492 1399 essent

142 1417 335 1455 consecuti
365 1430 411 1455 ea
439 1418 488 1455 ad
517 1418 745 1466 captandam
774 1418 895 1466 plebis
923 1417 1089 1466 gratiam
1118 1430 1161 1455 ae
1181 1417 1492 1455 benevolentiam

143 1475 394 1512 abuterentur
403 1473 472 1521 ††).
530 1474 605 1511 His
644 1473 820 1511 omnibus
857 1474 978 1523 igitur
1015 1479 1138 1512 artem
1167 1473 1320 1512 civilem
1348 1474 1493 1523 pariter

141 1534 257 1581 atque
275 1529 505 1568 rhetoricam
526 1530 675 1568 censuit
693 1530 861 1569 evasisse
879 1530 1084 1580 pravitatis
1103 1530 1332 1568 ministram.
1361 1529 1492 1571 Quum

140 1600 232 1625 vero
261 1590 424 1637 utraque
453 1590 532 1624 tam
561 1591 664 1624 arcto
693 1586 848 1625 vinculo
885 1587 1064 1635 colligata
1102 1590 1141 1624 et
1176 1599 1351 1624 connexa
1379 1590 1492 1633 esset,

139 1647 185 1681 ut
213 1643 334 1681 altera
364 1643 523 1681 alterius
554 1642 699 1680 auxilio
727 1643 894 1681 maxime
922 1643 1123 1692 indigeret,
1168 1643 1387 1680 mirandum
1414 1656 1492 1680 non

142 1704 218 1746 est,
248 1700 350 1750 quod
378 1712 499 1750 quum
527 1699 568 1736 in
597 1699 683 1737 aliis
713 1699 838 1746 libris,
868 1700 992 1738 veluti
1019 1699 1060 1737 in
1089 1700 1256 1737 Menone
1286 1712 1330 1737 ac
1358 1700 1492 1738 Prota-

141 1769 244 1804 gora,
272 1759 357 1794 tum
384 1755 502 1793 etiam
529 1755 571 1792 in
600 1756 741 1804 Gorgia
769 1756 978 1794 rhetorices
1008 1769 1095 1793 cum
1124 1755 1375 1804 castigatione
1404 1769 1492 1793 con-

140 1812 270 1850 iunxit
287 1812 381 1850 artis
400 1812 524 1851 civilis
541 1812 888 1862 reprehensionem,
917 1818 963 1851 ut
989 1826 1066 1850 non
1086 1812 1169 1850 sine
1189 1825 1324 1849 caussa
1341 1816 1494 1861 praeter

142 1868 323 1917 Gorgiam
342 1872 382 1907 et
390 1868 528 1906 Polum
547 1868 664 1907 etiam
674 1868 869 1907 Calliclem
889 1869 1012 1907 civem
1032 1869 1264 1907 disserentes
1283 1868 1491 1907 induxerit.

227 1979 302 2018 His
329 1993 421 2019 vero
458 1980 514 2018 ita
548 1980 734 2030 expositis
771 1980 903 2019 licebit
940 1981 1096 2019 tandem
1134 1980 1330 2032 aliquanto
1368 1981 1493 2020 tutius

141 2037 319 2075 accedere
359 2038 407 2074 ad
444 2037 709 2088 quaestionem
746 2038 794 2074 de
832 2038 1007 2084 consilio,
1050 2038 1153 2089 quod
1192 2038 1303 2077 Plato
1341 2037 1382 2075 in
1421 2038 1494 2075 hoc

142 2106 255 2143 opere
293 2093 492 2131 scribendo
530 2098 717 2145 sequutus
757 2093 819 2132 sit.
886 2094 959 2132 Est
996 2098 1127 2133 autem
1163 2094 1281 2141 illud,
1327 2094 1359 2132 si
1399 2094 1493 2146 quid

141 2149 309 2188 iudicare
338 2163 551 2199 possumus,
582 2163 659 2187 non
687 2151 729 2188 in
758 2150 834 2188 alia
861 2163 903 2188 re
931 2150 1101 2200 positum
1129 2150 1202 2188 nisi
1233 2151 1275 2188 in
1303 2164 1361 2197 eo,
1390 2151 1492 2202 quod

142 2206 331 2244 rhetorice
359 2211 399 2245 et
425 2219 488 2244 ars
517 2206 651 2253 civilis,
681 2206 807 2258 qualis
835 2211 919 2245 tum
947 2220 1030 2245 sese
1059 2208 1264 2254 extulerat,
1293 2207 1386 2258 quia
1411 2211 1494 2245 tota

140 2263 192 2299 ad
220 2261 374 2300 inanem
401 2263 484 2301 veri
512 2263 683 2314 iustique
712 2263 898 2313 speciem,
938 2265 987 2301 ad
1015 2277 1156 2302 vanam
1183 2264 1379 2313 potentiae
1406 2277 1493 2313 pos-

142 2318 370 2364 sessionem,
409 2319 576 2370 dem’que
606 2320 654 2357 ad
682 2319 975 2370 intemperantis
1012 2319 1196 2358 lubidinis
1234 2320 1494 2370 expletionem

143 2379 226 2413 erat
263 2378 500 2424 comparata,
547 2375 773 2415 inhonestae
821 2376 1027 2426 pravitatis
1066 2376 1368 2428 coniunctaeque
1407 2390 1494 2415 cum

210 2538 254 2605 Ὠ*
268 2537 443 2615 ΥὰἮΑροΙᾶ
460 2537 591 2617 8ἃοἜὲ
612 2550 644 2582 p.
668 2538 723 2573 23.
746 2541 786 2572 E.
809 2541 949 2573 Menon·
972 2551 1005 2583 p.
1029 2538 1084 2572 90.
1107 2539 1155 2572 B?
1170 2539 1288 2582 ibique
1312 2545 1431 2573 annot.

212 2586 288 2667 *ab
313 2594 374 2660 v.u
376 2593 555 2670 i2'20'tag131.
579 2607 612 2671 ᾖ.
634 2628 711 2663 316.
737 2630 774 2662 c.
799 2641 829 2672 p.
854 2628 931 2663 318.
956 2630 994 2662 B.
1019 2630 1062 2662 ai.

210 2674 246 2715 †)
269 2673 312 2705 V.
325 2672 470 2706 Phaedr.
493 2683 526 2715 p.
542 2671 617 2706 260.
634 2674 675 2706 A.
699 2676 752 2708 De
765 2674 910 2718 Republ.
935 2676 994 2708 VI.
1012 2686 1045 2718 p.
1063 2673 1191 2708 493.A.
1217 2675 1305 2707 Tim.
1330 2686 1363 2717 p.
1382 2672 1437 2707 87.
1454 2675 1495 2707 Β.

211 2719 273 2762 ††)
298 2719 403 2773 εἴποι-8.
426 2719 564 2761 passim.
