1702 2924
410 168 653 208 GORGIAS.
683 169 727 206 P.
759 168 852 206 479.
885 170 978 205 480.
1008 168 1067 206 ed.
1098 167 1154 206 St.
1384 168 1460 203 185

116 281 263 321 ΠῼΛ.
306 278 571 320 Κινδυνεύει.
626 277 728 318 ΣΩ.
779 276 837 317 Τὸ
871 275 916 317 δέ
944 290 992 329 γε
1018 273 1075 330 μὴ
1105 275 1273 317 διδόναι
1301 272 1463 328 ἐμμονὴ

114 351 193 386 τοῦ
220 350 380 393 κακοὺς
421 344 567 384 ΠῼΛ.
606 341 708 382 Ναί.
766 342 867 383 ΣΩ.
906 341 1124 394 Δεύτερον
1151 343 1235 394 ἄρα
1263 338 1350 382 ἐστὶ
1377 341 1464 381 τῶν

113 411 259 451 κακῶν
296 407 467 462 μεγέθει
501 409 550 449 τὸ
579 407 760 448 ἀδικεῖν·
800 405 848 448 τὸ
878 405 924 448 δὲ
951 406 1185 448 ἀδικοῦντα
1212 405 1270 460 μὴ
1298 404 1464 446 διδόναι

112 475 234 528 δίκην
273 475 446 515 πάντων
483 471 683 527 μέγιστόν
717 486 759 513 τε
787 471 859 513 καὶ
886 474 1059 524 πρῶτον
1087 474 1233 514 κακῶν
1258 467 1464 524 πέφυκεν.

117 541 266 581 ΠΩΛ.
297 535 479 581 ”Εοικεν.
537 539 638 579 ΣΩ.
677 529 771 589 ςΑρ’
815 532 895 578 οὖν
932 536 1028 590 περὶ
1067 538 1248 587 τούτου,
1292 530 1326 577 ὦ
1354 535 1462 589 φίλε,

116 606 521 660 ἠμφεςβητήσαμεν,
568 602 622 644 σὺ
660 600 739 656 μὲν
776 603 853 644 τὸν
883 596 1119 656 Ἀρχέλαον
1158 601 1467 655 εὐδαιμονίζων

114 672 190 712 τὸν
217 670 269 711 τὰ
297 668 473 724 μέγιστα
500 668 736 710 ἀδικοῦντα
763 667 887 721 δίκην
914 663 1119 721 οὐδεμίαν
1147 668 1343 719 διδόντα,
1383 666 1465 720 ἐγὼ

116 734 159 777 δὲ
180 735 437 776 τούναντίον
457 733 665 788 οἰόμενος,
694 727 762 774 εἴτ’
786 727 1020 787 Ἀρχέλαος
1040 730 1108 774 εἴτ’
1138 735 1266 782 ἄλλος
1294 731 1464 785 ἀνθρώ·
1494 731 1532 773 Ε

115 815 208 842 πων
236 800 431 849 ὁςτιςοῦν
458 798 515 854 μὴ
543 799 699 857 δίδωσι,
718 798 843 852 δίκην
871 798 1044 846 ἀδικῶν,
1072 799 1212 854 τούτῳ
1240 798 1468 852 προςήκειν

114 866 253 922 ἀθλίῳ
277 861 386 906 εἶναι
413 865 704 917 διαφερόντως
730 866 817 905 τῶν
844 866 985 905 ἄλλων
1014 864 1276 918 ἀνθρώπων,
1304 862 1376 905 καὶ
1404 862 1468 904 ἀεὶ

113 932 190 972 τὸν
232 930 465 972 ἀδικοῦντα
501 934 580 972 τοῦ
619 928 908 983 ἀδικουμένου
945 928 1208 982 ἀθλιώτερον
1246 924 1357 970 εἶναι
1398 928 1468 969 καὶ

114 997 191 1037 τὸν
218 994 276 1050 μὴ
302 995 475 1037 διδόντα
497 994 620 1049 δίκην
647 1000 726 1036 τοῦ
754 994 970 1044 διδόντος;
1000 995 1053 1035 οὐ
1082 988 1196 1036 ταῦτ’
1227 989 1282 1048 ἧν
1308 992 1361 1035 τὰ
1388 988 1465 1035 ὑπ’

114 1060 471 1116 ἐμοῦλεγόμενας
502 1061 649 1101 ΠῼΛ.
681 1060 782 1101 Ναί.
833 1061 930 1101 ΣΩ.
965 1060 1141 1102 Οὐκοῦν
1161 1057 1467 1106 ἀποδέδεικται,

116 1126 181 1168 ὅτι
209 1127 350 1181 ἀληθῆ
379 1125 566 1180 ἐλέγετος
598 1127 744 1167 Ima,
777 1125 991 1167 Φαίνεται.

202 1193 309 1251 Cap.
340 1193 557 1236 XXXVI.
618 1192 720 1232 ΣΩ.
751 1187 868 1232 Εἶεν.
899 1190 935 1232 εἰ
959 1185 1040 1232 οὖν
1068 1188 1120 1243 δὴ
1149 1195 1285 1231 ταῦτα
1312 1189 1467 1243 ἀληθῆ,

118 1254 151 1301 ὦ
184 1261 332 1308 Hane,
373 1259 435 1307 τίς
472 1258 501 1313 ἡ
535 1259 696 1312 μεγάλη
732 1259 849 1312 χρεία
890 1257 977 1299 ἐστὶ
1003 1263 1077 1311 τῆς
1109 1257 1361 1312 ῥητορικῆς,·
1407 1257 1472 1298 δεῖ

115 1324 193 1378 μὲν
231 1323 313 1378 γὰρ
349 1324 401 1378 δὴ
439 1322 485 1365 ἐκ
521 1325 609 1365 τῶν
644 1330 728 1365 νῦν
765 1321 1107 1377 ὡμολογημένων
1145 1321 1278 1364 αὐτὸν
1315 1320 1470 1364 ἑαυτὸν

117 1446 321 1489 spondetur:
356 1443 424 1479 ἀλλ’
458 1447 499 1478 οῖ’
522 1457 560 1489 γε
585 1446 701 1478 πολλοὶ
731 1447 935 1487 νομίζουσιν
959 1444 1078 1481 οὕτως.
1126 1447 1216 1479 Dein
1242 1443 1469 1490 ἠμφεσβητή-

119 1503 227 1531 σαμεν
251 1492 367 1524 Clark.
391 1492 484 1526 Vatt.
509 1492 580 1524 alii.
615 1491 730 1535 Vulgo
755 1490 971 1524 scribebatur
995 1489 1312 1534 η’μφιςβηιήσαμεν.

185 1535 430 1570 ἀδικοῦντα
454 1536 583 1579 δίκην
608 1534 743 1576 οὐδε-μ
755 1539 796 1569 ιά
808 1536 844 1580 ν]
871 1537 931 1569 Sic
946 1537 1062 1569 Clark.
1085 1537 1163 1569 Vat.
1188 1537 1294 1570 Coisl.
1318 1537 1422 1572 vind.
1436 1536 1468 1571 6.

118 1583 194 1615 Par.
218 1582 446 1615 BCEFIW.
476 1582 568 1615 Flor.
591 1583 624 1615 b.
648 1593 675 1614 c.
700 1582 732 1614 d.
755 1582 778 1614 f.
803 1593 846 1614 m.
871 1593 901 1615 o.
926 1593 952 1615 s.
977 1594 1010 1614 x.
1050 1582 1164 1626 Vulgo
1182 1586 1260 1625 post
1283 1580 1470 1615 ἀδικοῦντα

117 1627 334 1660 inserebatur
357 1629 422 1660 καί.

118 1758 220 1790 cratis
243 1757 552 1800 argumentationi,
588 1757 647 1799 qui
670 1757 759 1790 nihil

117 1802 213 1835 aliud
246 1803 381 1835 efficere
416 1802 543 1843 voluit,
585 1814 687 1845 quam
723 1807 760 1835 ut

118 1848 332 1890 intelligatur
377 1858 475 1888 eum,
526 1848 586 1890 qui
634 1848 761 1880 iniuste

829 1757 923 1799 qui,
947 1757 1035 1789 etsi
1055 1756 1285 1789 maximam
1309 1757 1473 1790 fecerit

829 1802 1057 1842 iniuriam,
1117 1806 1260 1834 tamen
1316 1802 1472 1835 nullas

831 1847 1004 1880 dederit
1027 1857 1204 1889 poenas.
1252 1847 1368 1890 Vulgo
1392 1852 1472 1880 ante

119 1894 248 1926 faciens
272 1903 401 1935 poenas
425 1893 515 1932 luat,
544 1893 685 1926 meliore
708 1893 760 1925 uti

117 1939 255 1971 fortuna
278 1937 352 1978 illo,
387 1938 447 1980 qui
469 1939 609 1980 impune
632 1939 760 1970 iniuste

118 1988 208 2027 agat.
255 1983 377 2025 Itaque
415 1982 508 2015 istud
552 1980 587 2015 τὸ
626 1981 760 2015 ἀδικεῖν

119 2028 288 2061 desiderio
322 2039 391 2061 non
424 2028 604 2060 satisfacit.
652 2029 760 2061 Nimi-

120 2085 195 2106 rum
229 2073 308 2106 addi
340 2073 488 2106 debebat
517 2074 636 2115 utique
662 2073 761 2116 δίκην

119 2117 272 2157 διδόντα,
286 2118 376 2161 quod
388 2118 525 2151 videtur
534 2119 759 2159 intercidisse,

120 2165 187 2196 nisi
225 2164 311 2196 forte
342 2164 504 2196 malueris
540 2175 615 2196 cum
647 2165 686 2196 R.
720 2165 759 2196 B.

122 2209 386 2251 Hirschigio
430 2210 467 2241 in
512 2209 760 2252 Exploratione

120 2255 454 2297 argumentationum
470 2254 632 2287 Socratic.
655 2256 759 2298 Gorg.

120 2307 154 2332 et
198 2298 334 2331 Phileb.
380 2299 468 2331 Plat.
515 2300 664 2333 Trniect.
717 2300 758 2333 ad

121 2345 230 2377 Rheu.
255 2342 354 2377 1859.
378 2342 410 2378 8.
434 2355 466 2386 p.
491 2343 544 2377 15.
575 2345 759 2388 refingere:

122 2387 156 2421 τὸ
178 2386 364 2421 ἀδικοῦντα
382 2388 516 2421 διδόναι
533 2389 644 2432 δίκην.
676 2392 762 2423 Utut

120 2438 181 2473 est,
206 2434 293 2466 illud
308 2434 445 2476 quidem
466 2434 519 2465 vir
542 2434 761 2468 doctissimus

119 2480 249 2522 primus
264 2483 361 2511 acute
377 2480 561 2521 perspexit,
585 2480 761 2524 vulgatam

120 2524 286 2556 librorum
302 2524 487 2556 lectionem
507 2535 663 2560 mancam
686 2537 761 2559 esse

119 2580 230 2612 neque
254 2570 545 2612 argumentationi
568 2570 761 2604 Socraticae

122 2618 200 2656 apte
223 2616 497 2647 convenientem.

168 2658 241 2691 τὸν
261 2657 306 2692 τὰ
325 2660 503 2703 μέγιστα
523 2657 762 2693 ἀδικοῦντα

126 2703 258 2746 δίκην
304 2702 517 2745 οὐδεμίαι·
561 2704 760 2751 διδόντα]

830 1892 933 1935 δίκην
946 1892 1082 1925 illatum
1098 1896 1171 1925 erat
1194 1894 1261 1931 καί,
1286 1892 1379 1935 quod
1402 1904 1472 1925 non

828 1938 1062 1970 dubitavimus
1087 1939 1292 1971 auctoritate
1315 1938 1472 1971 codicum

830 1983 953 2016 delere.

875 2030 914 2060 E.
963 2026 1268 2068 διαφερόντως
1302 2031 1384 2061 τῶν
1408 2026 1471 2061 ἄλ-

830 2076 914 2106 λων
954 2071 1229 2116 ἀνθρώπων]
1273 2084 1373 2116 prae
1411 2085 1472 2107 ce·

830 2119 942 2152 teris
980 2119 1245 2151 hominibus.
1280 2119 1350 2151 vid.
1389 2119 1473 2152 erit.

829 2176 861 2207 p.
886 2163 940 2198 52.
963 2165 1002 2196 B.
1032 2163 1160 2197 Phaed.
1183 2175 1218 2207 p.
1240 2163 1294 2198 64.
1317 2165 1359 2197 E.

875 2209 959 2252 Cap.
996 2210 1159 2242 XXXVI.
1219 2210 1256 2242 P.
1293 2208 1370 2243 480.
1433 2209 1476 2241 εἰ

830 2249 912 2287 οὖν
949 2253 998 2298 δὴ
1036 2258 1169 2287 ταῦτα
1199 2251 1280 2296 dt]
1330 2254 1475 2298 Colligit

830 2301 989 2333 Socrates
1021 2310 1064 2331 ex
1096 2301 1156 2340 iis,
1187 2310 1274 2342 quae
1298 2300 1474 2342 disputata

830 2350 927 2386 sunt,
958 2349 1065 2377 artem
1098 2345 1283 2377 oratoriam
1315 2355 1390 2378 esse
1422 2346 1474 2377 in-

829 2391 950 2423 utilem
974 2391 1126 2432 adeoque
1150 2391 1289 2423 noxiam
1303 2415 1311 2431 ,
1347 2390 1473 2434 quippe

830 2446 918 2478 quae
943 2436 1091 2468 maxime
1115 2435 1273 2468 adhiberi
1295 2435 1408 2468 soleat
1429 2436 1473 2468 ad

830 2480 1044 2513 defendenda
1076 2486 1135 2512 aut
1162 2480 1359 2513 excusanda
1382 2482 1474 2514 mala

830 2527 994 2559 facinora.
1036 2527 1156 2567 ltaque
1179 2526 1337 2559 homines
1361 2526 1420 2567 ait,
1444 2527 1473 2558 si

831 2575 1008 2614 saperent,
1050 2581 1144 2612 sese,
1187 2575 1227 2603 ut
1264 2571 1398 2604 medico
1436 2573 1472 2603 in

831 2617 958 2649 morbis
994 2616 1164 2658 corporis,
1203 2617 1252 2648 ita
1288 2616 1396 2648 iudici
1437 2618 1472 2648 in

830 2661 959 2694 morbis
989 2661 1096 2694 animi
1119 2661 1290 2694 curandos
1315 2666 1349 2694 et
1372 2662 1474 2695 casti-

829 2706 962 2752 gandos
985 2716 1060 2739 esse
1082 2706 1276 2741 tradituros

1499 1191 1582 1231 480
