1702 2924
119 671 202 713 486

236 179 314 216 208
775 178 1034 220 PLATONIS

233 286 371 333 λικιός.
425 285 662 326 κινδυνεύω
699 281 781 328 οὖν
816 285 1079 329 πεπονθέναι
1116 292 1198 328 νῦν
1236 283 1339 339 ὅπερ
1365 287 1390 330 ὁ
1420 291 1566 343 Ζῆθος

235 345 342 401 πρὸς
389 345 467 390 τὸν
510 346 719 403 Ἀμφίονα
765 349 789 392 ὁ
827 351 1088 404 Εὐριπίδου,
1143 343 1276 404 οὗπερ
1337 349 1565 407 ἐμνήσθην.

233 412 304 454 καὶ
347 412 429 466 γὰρ
478 411 570 467 ἐμοὶ
614 410 771 456 τοιαῦτ’
806 417 910 456 ἄττα
947 414 1157 469 ἐπέρχεται
1192 411 1300 468 πρὸς
1339 417 1384 458 σὲ
1419 415 1566 471 λέγειν,

234 472 383 530 οἷοίπερ
434 475 593 526 ἐκεῖνος
637 476 745 532 πρὸς
790 477 869 520 τόν
916 479 1124 533 ἀδελφόν,
1180 477 1245 521 ὅτι
1289 479 1478 534 ἀμελεῖς,
1533 477 1567 523 ὦ

234 541 468 594 Σώκρατες,
498 534 561 583 ὧν
587 542 653 584 δεῖ
677 555 722 584 σε
748 542 1053 596 ἐπιμελεῖσθαι,
1092 544 1162 586 καὶ
1190 545 1362 597 φύσιν
1389 551 1568 600 ψυχῆς

236 598 339 647 ὧδε
389 606 664 658 γενναίαν
708 609 1069 661 μειρακιώδει
1115 608 1198 650 τινὶ
1242 608 1566 662 διαπρέπεις

231 671 579 724 μορφώματι,
619 669 688 712 καὶ
717 668 820 712 οὔτ’
849 671 914 713 ἂν
940 672 1102 726 δίκης
1130 674 1389 725 βουλαῖσι
1416 687 1564 725 προς-

230 730 333 775 θεῖ’
371 733 436 776 ἂν
473 734 648 788 ὀρθῶς
683 735 871 789 λόγον,
911 732 1019 778 οὔτ’
1059 735 1214 786 εἰκὸς
1253 736 1307 777 ἂν
1344 738 1411 779 καὶ
1439 742 1564 780 πιθα·

230 795 310 840 νόν
346 799 562 852 λάβοις,
602 800 716 841 οὔθ’
753 799 893 854 ὑπὲρ
929 803 1100 843 ἄλλου
1142 797 1407 844 νεανικὸν
1444 803 1563 854 βού-

298 961 494 1006 προςθεῗ
525 961 579 995 ἄν
611 961 776 1007 ὀρθῶς]
825 962 984 1007 προςθεῗ
1017 962 1063 996 ἂν
1091 964 1208 1000 Herm.
1238 975 1281 998 ex
1313 965 1430 1001 Clark.
1455 965 1560 1000 coisl.

229 1009 309 1086 (11)ξὲ
331 1009 402 1086 &01¹3l
410 1008 498 1088 (251
507 1009 562 1043 W.
586 1012 620 1041 et
642 1019 691 1051 pr.
715 1009 754 1044 Ε.
770 1009 882 1052 Vulgo
906 1007 1046 1051 npoffef'
1069 1006 1123 1047 ἄν,
1148 1009 1239 1052 quod
1260 1021 1321 1053 per
1343 1021 1380 1044 ee
1403 1021 1563 1054 spernen-

294 1142 332 1176 P.
357 1141 435 1176 486.
460 1139 545 1174 οὔτ’
572 1139 697 1176 εἰκὸς
720 1139 772 1174 ἂν
795 1142 867 1174 καὶ
894 1141 939 1185 π.]
976 1139 1023 1174 ἄν
1052 1146 1128 1184 post
1157 1140 1251 1177 εἰκὸς
1289 1142 1418 1175 addunt
1446 1143 1561 1177 Clark.

228 1187 305 1221 Vat.
337 1186 442 1221 Coiel.
472 1187 559 1221 Ven.
590 1187 667 1219 ΞΣ.
700 1187 760 1219 alii
789 1187 898 1220 multi.
955 1187 1098 1219 Plurimi
1128 1191 1241 1220 tamen
1272 1188 1428 1220 voculam
1458 1189 1560 1220 etiam

228 1235 305 1274 post
327 1228 482 1264 πιθανὸν
504 1231 650 1273 addunt,
673 1230 734 1264 ubi
757 1231 861 1274 vulgo
885 1230 1070 1275 legebatur.
1115 1231 1286 1265 Omittunt
1315 1242 1390 1266 eam
1413 1232 1561 1266 secundo

229 1385 349 1419 δέποτε
378 1386 602 1420 Heusdius
632 1386 742 1430 μηδὲν
772 1386 862 1420 exci-

227 1430 318 1464 disse
341 1431 588 1474 suspicabatur.
622 1432 670 1464 At
691 1442 770 1464 vere
793 1442 862 1464 mo·

229 1476 304 1508 nuit
341 1476 585 1509 Boeckhius
622 1478 658 1509 in
695 1477 781 1509 Min.
828 1479 862 1509 et

227 1520 275 1553 Le
300 1531 333 1573 g.
365 1531 397 1563 p.
421 1519 496 1554 112.
527 1522 662 1563 saepius
695 1521 743 1553 ita
767 1521 796 1553 12
827 1525 862 1553 et

227 1531 335 1607 μηξεν
358 1565 477 1598 omitti.
511 1566 616 1608 Legg.
646 1576 677 1608 p.
710 1564 787 1598 642.
810 1566 858 1597 A:

227 1607 246 1652 ἦ
279 1606 361 1642 κατὰ
393 1607 502 1650 φύσιν
533 1609 640 1642 αὑτοῦ
670 1608 860 1651 διόρθωσις

227 1650 289 1686 οὐκ
320 1651 366 1686 ἂν
403 1652 542 1687 δύναιτο
575 1652 658 1687 ἄνευ
695 1657 860 1697 μουσικῆς

228 1696 858 1787 ἐεῖόιιτόῑᾼιωῑόῑεὲὲῑεὲἰᾈιτῑ

227 1788 321 1820 Infra
351 1798 385 1830 p.
407 1786 483 1822 493.
509 1789 555 1821 C:
591 1786 647 1821 ἅτε
679 1785 720 1820 οὐ
752 1787 858 1820 δυνα-

226 1831 335 1875 μένην
374 1831 521 1876 σιέγειν,
558 1843 604 1865 sc.
636 1830 750 1866 οὐδέν.
806 1833 859 1865 De

226 1878 308 1919 Rep.
332 1876 358 1910 Ι.
381 1887 414 1919 p.
436 1876 513 1912 337.
537 1878 576 1911 E.
598 1878 637 1910 V.
661 1887 693 1919 p.
715 1875 791 1911 464.
815 1878 858 1909 D.

225 1921 367 1954 Phaedr.
409 1932 442 1964 p.
480 1921 556 1955 241.
597 1922 635 1954 Ε.
674 1923 781 1965 Legg.
816 1921 858 1955 V.

225 1977 257 2008 p.
271 1964 347 2000 736.
371 1966 426 2007 D.,
448 1966 509 1999 ubi
527 1964 634 1999 οὐδέν
649 1970 738 1999 recte
762 1967 858 2000 omit—

225 2014 302 2088 tllggt
324 2010 444 2087 Dcodd.
492 2022 572 2045 mss.
619 2011 774 2054 Sympos.
824 2021 855 2054 p.

270 2099 351 2142 Cap.
382 2099 473 2132 XLI.
496 2100 536 2131 E.
568 2098 666 2138 ἐμοὶ
700 2097 854 2131 τοιαῦτ’

225 2141 325 2176 ἄιτα
363 2142 614 2186 ἐπέρχεται]
662 2144 705 2175 in
751 2153 857 2176 men-

225 2193 305 2220 tem
328 2189 461 2221 venit.
484 2188 638 2231 Sympos.
662 2199 694 2230 p.
720 2186 854 2221 197.οι

225 2231 398 2275 ἐπέρχεται
421 2231 459 2266 δέ
481 2236 544 2272 μοι’
564 2244 590 2265 τι
614 2233 669 2265 καὶ
690 2233 856 2273 ἔμμετρον

224 2277 347 2310 εἰπεῖν.
391 2278 490 2310 Fecit
518 2280 619 2321 poeta
649 2278 685 2309 in
707 2277 855 2319 Antiope

225 2321 342 2355 fabula
364 2322 482 2355 fratres
505 2323 594 2355 inter
609 2332 644 2354 se
668 2321 710 2355 de
729 2321 854 2354 studio-

224 2377 300 2399 rum
322 2367 453 2400 retione
475 2367 688 2400 altercantes.
727 2366 855 2399 Zethus

223 2412 325 2452 euim,
348 2412 398 2444 rei
420 2412 599 2454 pecuariae
621 2411 766 2452 deditus,
789 2411 854 2444 fra-

222 2456 267 2488 tri
283 2456 434 2489 musicae
452 2467 601 2489 amorem
617 2455 853 2499 exprobrabat.

223 2501 351 2533 Versus
390 2501 564 2543 Euripidis
597 2500 852 2534 Valckenar.

224 2544 368 2578 Dian-ib.
394 2555 425 2587 p.
449 2543 502 2578 75.
525 2545 588 2579 hoa
617 2556 661 2578 ex
691 2545 756 2578 hoo
777 2545 852 2578 loco

223 2590 326 2622 eruit:
344 2587 516 2630 Ἀμφιον,
550 2587 683 2629 ἀμελεῖς
706 2584 758 2622 ὦν
781 2588 852 2622 ἐπι-

221 2634 403 2673 μελεῖσθαί
432 2644 469 2666 σε
500 2634 586 2676 bet!
623 2633 783 2676 Αἰσχρῶς
807 2645 851 2672 te,

222 2683 331 2722 ψυχῆς
353 2673 423 2711 ὦδε
444 2681 589 2723 γενναία
618 2678 733 2719 φύσις,
754 2679 761 2722 Ι
784 2679 851 2711 Γυ-

932 1389 1118 1430 ναικομίμῳ
1132 1385 1330 1429 διαπρέπεις
1348 1385 1560 1429 μορφώματι.

929 1431 1039 1464 Aliter
1081 1432 1108 1463 P
1116 1432 1128 1463 i
1137 1442 1155 1464 e
1163 1442 1180 1464 r
1187 1442 1203 1464 e
1213 1443 1232 1464 o
1240 1443 1273 1464 n.
1320 1432 1467 1464 Praefat.
1516 1431 1559 1464 ad

927 1477 1034 1509 Moer.
1061 1486 1098 1518 p.
1126 1476 1235 1508 XLII.
1280 1476 1457 1511 Sententia
1487 1487 1559 1509 ver-

928 1520 1049 1553 borum
1065 1521 1151 1553 haec
1167 1525 1235 1553 est:
1262 1521 1333 1553 ind
1343 1521 1451 1554 olem
1474 1521 1558 1553 ani-

927 1565 983 1597 mi
1014 1568 1096 1597 tam
1125 1566 1360 1608 ingenuam
1389 1565 1557 1608 puerili

928 1609 1067 1651 quoda
1078 1620 1111 1642 m
1136 1620 1290 1642 ornare
1321 1609 1471 1642 studes
1493 1609 1556 1642 de-

928 1664 973 1686 co
981 1665 1034 1687 re.
1101 1655 1168 1687 Pro
1205 1653 1402 1695 διαπρέπεις
1410 1678 1419 1691 ,
1466 1654 1555 1696 quod

927 1699 1081 1741 agnoscit
1111 1700 1214 1731 etiam
1244 1699 1272 1730 P
1281 1698 1374 1730 hilo
1382 1709 1399 1730 e
1409 1702 1457 1730 tr.
1488 1699 1556 1730 vit.

928 1743 1039 1786 Apoll.
1064 1744 1123 1784 1V,
1136 1742 1190 1776 21.
1214 1753 1246 1785 p.
1261 1741 1336 1776 160.
1358 1746 1393 1775 et
1414 1743 1444 1774 'P
1452 1742 1474 1774 h
1482 1753 1502 1775 o
1511 1754 1555 1775 m.

926 1788 1030 1831 Mag.
1054 1798 1081 1821 s.
1103 1798 1134 1820 v.
1159 1786 1348 1829 διαπρέπω,
1374 1788 1456 1820 Gro
1466 1788 1555 1819 tius

926 1833 1085 1885 Excerpt.
1108 1843 1126 1865 e
1140 1833 1243 1875 Trag.
1266 1836 1301 1864 et
1317 1831 1412 1865 Com.
1434 1841 1465 1874 p.
1477 1830 1554 1865 373.

927 1876 1117 1919 διατρεπειε
1128 1901 1137 1917 ,
1174 1877 1202 1909 P
1210 1878 1222 1909 i
1230 1887 1295 1909 ers
1303 1887 1323 1910 o
1331 1886 1354 1908 ιι
1363 1886 1386 1908 ιι
1396 1886 1412 1908 s
1442 1880 1553 1909 autem

925 1922 948 1954 l.
982 1932 1010 1954 c.
1043 1922 1205 1963 φθείρεις
1241 1921 1297 1954 vel
1335 1921 1555 1962 διαφθείρεις

925 1967 1073 2009 corrigit.
1133 1966 1251 2008 Neque
1291 1965 1401 1998 Hein
1410 1964 1554 1997 dorfio

924 2010 1066 2044 verbum
1094 2010 1178 2043 vitio
1209 2020 1323 2043 were
1346 2009 1458 2042 visum
1492 2013 1556 2049 est,

924 2055 983 2097 qui
1012 2055 1100 2088 illud
1129 2064 1274 2097 usquam
1304 2055 1417 2087 activo
1449 2064 1553 2086 sensu

922 2100 1081 2142 usurpari
1120 2099 1268 2142 negavit.
1325 2099 1365 2131 In
1398 2108 1465 2140 quo
1495 2108 1554 2140 po—

923 2147 1047 2176 stremo
1084 2153 1166 2176 saue
1212 2153 1328 2175 verum
1371 2143 1551 2185 perspexit.

922 2189 994 2221 Nec
1038 2192 1152 2220 tamen
1203 2187 1283 2220 inde
1334 2188 1552 2229 consequitur

922 2232 1012 2275 quod
1046 2233 1157 2265 voluit
1165 2256 1173 2272 ,
1211 2242 1316 2274 quum
1353 2230 1552 2273 διαπρέπεις

922 2287 965 2310 ne
988 2277 1043 2309 hic
1077 2277 1212 2319 quidem
1241 2277 1353 2310 active
1382 2276 1551 2318 accipien-

921 2321 1002 2354 dum
1041 2322 1095 2354 eit.
1156 2322 1218 2354 Est
1254 2321 1344 2354 enim
1380 2320 1550 2353 sententia

921 2366 1021 2399 haec:
1056 2366 1108 2398 Et
1130 2365 1181 2398 ad
1203 2365 1392 2398 indolem
1414 2365 1544 2397 animi

922 2410 1028 2444 adeo
1080 2420 1334 2453 generosam
1384 2409 1549 2452 puerili

921 2466 939 2488 c
950 2455 1186 2498 onspicuus
1217 2465 1259 2487 ee
1293 2453 1341 2486 de
1353 2463 1462 2486 core.
1508 2453 1546 2485 In

920 2510 987 2542 quo
1010 2499 1100 2542 quod
1120 2499 1244 2532 dieitur
1260 2496 1468 2539 διαπρέπεις,
1491 2497 1502 2529 i
1512 2508 1547 2529 n·

920 2544 1066 2588 signis
1098 2554 1141 2577 es
1153 2567 1162 2585 ,
1199 2542 1378 2583 emines,
1413 2541 1448 2574 id
1479 2552 1546 2575 non

919 2589 955 2621 in
992 2590 1117 2622 bonam
1250 2597 1284 2620 m
1316 2586 1464 2629 intelligi
1504 2597 1547 2619 ex

918 2632 1033 2666 addito
1055 2629 1270 2675 μειρακιώδει
1298 2631 1400 2663 facile
1422 2630 1547 2663 inteni-

917 2679 1018 2722 gitur.
1071 2678 1190 2719 Itaque
1218 2674 1306 2708 nihil
1338 2675 1547 2708 mutandum.
