1702 2924
262 168 338 206 142

800 166 1056 211 PLATONIS

259 270 323 315 ὅτι
361 274 385 315 ὃ
427 274 671 329 κομμωτικὴ
707 276 814 329 πρὸς
847 279 1160 332 γυμναστικήν,
1205 284 1331 322 τοῦτο
1369 279 1590 335 σοφιστικὴ

257 339 365 390 πρὸς
390 341 698 393 νομοθετικήν,
737 341 810 382 καὶ
836 337 901 383 ὅτι
929 343 952 383 ὃ
989 342 1217 397 ὀψοποιικὴ
1255 341 1361 396 πρὸς
1387 344 1589 398 ἰατρικήν,

258 409 384 444 τοῦτο
422 402 622 457 ῥητορικὴ
659 404 766 456 πρὸς
801 405 1087 461 δικαιοσύνην.
1139 407 1243 460 ὅπερ
1290 407 1430 459 μέντοι
1466 406 1587 461 λέγω,

257 466 442 520 διέστηκε
470 466 547 521 μὲν
575 466 686 509 οὕτω
714 469 858 519 φύσει·
889 470 959 511 ἅτε
987 471 1023 511 δ’
1051 470 1175 524 ἐγγὺς
1202 473 1352 522 ὄντων,
1379 471 1587 524 φύρονται

327 595 539 642 ῥητορικὴ
572 599 679 639 πρὸς
705 599 997 643 δικαιοσύνην
1033 603 1108 634 Par.
1136 603 1161 634 Ι.
1185 602 1274 636 Flor.
1298 613 1331 635 x.
1356 613 1430 635 cnm
1455 603 1533 636 Bes.
1555 602 1587 636 2.

257 643 314 674 hic
337 653 471 685 quoque
494 643 621 676 babent
644 644 794 678 δικαστικ
809 644 848 677 ’ν.
874 655 905 677 v.
929 656 961 688 p.
1008 644 1062 679 64.
1085 647 1124 679 B.
1149 648 1187 679 C.

302 686 501 730 διέστηκε
524 688 572 727 μὲ
585 700 603 720 ν
626 688 734 721 οὕτω
760 701 796 729 φ.
837 690 894 722 Sic
907 690 981 722 Par.
998 691 1023 723 Ι.
1038 691 1127 724 Flor.
1145 702 1177 723 x.
1192 690 1243 723 ed.
1260 692 1335 724 Bas.
1352 690 1383 724 2.
1401 691 1586 733 διέστηκαν.

256 731 368 774 Vulgo
394 731 569 774 διέστηκεν
591 732 682 766 οὕτω
707 744 744 774 φ.
769 734 856 767 Dein
882 734 982 767 vind.
1007 734 1038 768 1.
1061 734 1092 769 6.
1117 734 1174 768 ἄιε
1198 733 1242 778 δὴ
1265 734 1376 779 ἐγγύς.
1414 737 1478 769 Pro
1503 737 1581 777 περὶ

257 774 358 808 ταύτὰ
382 776 497 809 Clark.
522 777 623 812 vind.
646 777 678 810 2.
702 777 734 811 6.
756 779 846 811 Flor.
871 789 899 811 a.
925 779 955 811 b.
982 790 1007 811 c.
1033 779 1064 811 d.
1090 791 1120 812 ο.
1144 791 1187 815 m.
1224 780 1314 823 Aug.
1339 781 1478 813 Meerm.
1504 782 1583 821 περὶ

257 823 367 853 ταῦτα.
414 820 527 854 Verba
553 823 713 862 σοφισταὶ
746 824 800 855 καὶ
838 820 980 866 ῥήτορες
1014 823 1135 856 desunt
1160 825 1195 856 in
1219 824 1367 857 vindob.
1390 825 1420 859 6.
1476 825 1587 858 Eiecit

300 932 339 964 C.
369 929 476 975 ὅπερ
501 932 645 973 μέντοι
677 933 797 977 λέγω,
831 933 885 966 δι-

256 975 408 1020 έστηκε
454 978 531 1016 μὲν
571 976 681 1010 οὕτω
733 976 886 1022 φύσει]

255 1021 314 1053 He
324 1021 396 1054 ind
408 1032 427 1054 0
438 1022 548 1054 rfius
558 1046 566 1062 ,
597 1023 655 1064 qui
679 1022 778 1064 haec,
800 1021 884 1063 ὅπερ

254 1065 368 1104 μέντοι
392 1065 487 1108 λέγω,
512 1067 614 1099 refert
628 1066 671 1099 sd
685 1066 747 1099 illa
761 1078 795 1110 p.
809 1066 886 1100 464.

254 1110 292 1143 Β.
317 1111 367 1149 C..
407 1111 580 1153 complura
608 1111 665 1144 hic
695 1111 760 1144 sibi
791 1112 887 1144 visus

254 1159 306 1187 est
328 1156 515 1198 repperisse
546 1156 691 1199 vestigia
713 1156 886 1189 mutilatae

253 1200 427 1235 orationis.
474 1201 501 1232 B
511 1211 534 1232 u
545 1204 557 1232 t
566 1204 619 1233 tm
631 1211 651 1233 a.
659 1200 714 1233 n‘n
722 1211 768 1233 us
800 1200 885 1233 diffi—

253 1244 414 1278 cultatem
445 1245 495 1277 sic
528 1245 693 1278 removeri
713 1255 813 1287 posse
836 1256 886 1278 er·

255 1290 407 1330 biti-stur,
431 1289 460 1321 si
475 1287 560 1330 ὅπερ
581 1289 694 1329 μέντοι
717 1288 801 1333 λέγω
817 1301 885 1322 non

254 1333 296 1367 ad
331 1344 563 1377 praegressum
600 1335 785 1367 orationem
821 1339 886 1367 trs-

253 1379 353 1411 hatur
362 1403 370 1419 ,
407 1378 465 1411 sed
495 1378 538 1411 sd
568 1390 607 1411 es
636 1380 711 1422 ipsa
719 1404 727 1420 ,
761 1379 885 1421 quibus

253 1422 439 1466 praefixum
462 1427 530 1464 est,
561 1422 712 1466 διέστηκε
735 1423 800 1463 μὲι·
824 1422 883 1456 οὔ·

254 1479 309 1506 τω,
334 1468 380 1500 ita
402 1472 441 1500 ut
462 1472 539 1510 post
562 1466 649 1511 λέγω
673 1467 885 1511 intelligetur

254 1510 353 1545 τοῦτο’
375 1511 478 1544 ἐστιν.
534 1513 651 1555 Itaque
674 1512 816 1555 probata
838 1512 884 1545 le-

253 1556 364 1589 ctione
407 1556 458 1589 ed.
502 1557 580 1591 Bas.
618 1555 649 1589 2.
697 1556 882 1599 διέστηκαν,

252 1611 389 1634 sensum
402 1601 506 1634 totius
522 1601 589 1634 loci
612 1600 796 1634 declaravit
814 1602 883 1634 sic:

255 1646 319 1678 lta
351 1650 494 1678 tamen
524 1646 603 1679 hoc
634 1645 796 1678 dictum
823 1657 883 1679 vo-

252 1690 310 1730 lo,
333 1694 378 1722 ut
400 1694 559 1723 natura.
582 1690 754 1732 quidem
778 1690 882 1723 illae

253 1738 369 1768 artes
393 1735 509 1768 hunc
542 1735 583 1767 in
616 1734 780 1768 modum
804 1735 882 1767 dif-

252 1780 422 1820 ferant,
467 1779 540 1812 sed
581 1784 720 1812 tamen
758 1790 881 1821 quum

251 1824 522 1867 propinquae
553 1825 586 1856 si
598 1825 641 1856 bi
672 1828 714 1857 et
742 1824 882 1857 finiti-

251 1879 337 1901 mae
368 1869 475 1910 sint,
510 1868 709 1902 rhetores
741 1869 845 1911 soph
857 1869 883 1901 i-

251 1917 427 1955 staeque
459 1913 604 1946 eodem
643 1913 684 1945 in
715 1913 811 1946 loco
843 1918 883 1947 et

251 1957 366 1990 circa
425 1957 571 1990 eadem
631 1958 881 2000 (occupati)

249 2002 404 2034 eonfun
414 2001 434 2033 d
444 2006 582 2034 antur.
626 2001 791 2044 EquIdem
814 2003 877 2035 ists

249 2044 334 2088 ὅπερ
352 2045 462 2085 μέντοι
474 2046 559 2089 λέγω
571 2046 745 2079 referenda
759 2057 879 2079 censeo

250 2090 293 2122 ad
315 2091 468 2132 proxime
491 2090 736 2133 praecedentia,
760 2091 878 2123 simili-

249 2138 299 2167 ter
321 2139 359 2167 ut
381 2135 468 2167 solet
488 2134 634 2167 formula
655 2133 767 2176 ὥςπερ
795 2134 879 2178 λέγω

248 2182 282 2211 et
304 2177 389 2221 ὅπερ
415 2178 498 2222 λέγω
522 2180 688 2222 usurpari,
710 2178 770 2212 ubi
788 2189 881 2221 prae-

248 2234 366 2266 gressa
387 2233 423 2256 re
448 2227 594 2256 etuntur.
614 2234 645 2256 v.
669 2223 712 2256 ad
735 2223 880 2268 Apolog.

248 2268 340 2301 Socr.
362 2278 395 2311 p.
443 2267 472 2301 1.
496 2269 536 2301 Α.
566 2271 600 2301 et
633 2278 720 2310 quse
749 2269 881 2301 notavit

248 2313 275 2344 B
285 2323 304 2344 ο
313 2323 331 2345 e
341 2322 359 2345 c
368 2313 391 2344 k
399 2312 442 2345 hi
452 2322 499 2345 ns
527 2313 670 2345 Praefst.
700 2313 743 2345 sd
773 2313 881 2346 Simo-

248 2366 325 2389 nem
335 2381 344 2398 ,
380 2367 478 2399 quem
514 2356 626 2397 finxit,
656 2357 817 2390 soei-nic.
847 2367 879 2400 p.

248 2400 372 2434 XXIV.
399 2402 570 2435 Docuerst
583 2405 695 2434 antem
711 2402 879 2442 Socrates,

247 2445 418 2488 quodnam
433 2450 522 2478 esset
545 2446 662 2478 harum
677 2446 798 2479 artium
813 2445 878 2478 dis-

249 2491 376 2523 crimen
416 2494 449 2523 et
486 2500 653 2532 quaenam
694 2491 782 2523 inter
821 2500 879 2523 eas

248 2533 471 2568 intercederet
493 2535 697 2567 coniunctio.
761 2535 878 2578 Itaque

248 2589 340 2612 nunc
378 2583 528 2612 extrema
565 2579 650 2612 haec
693 2580 728 2611 in
765 2580 878 2612 animo

248 2624 397 2657 retinens
435 2626 536 2665 etque
573 2623 724 2657 oratione
769 2634 878 2667 perse-

249 2678 355 2710 quens
391 2667 589 2711 diligentius
626 2668 674 2700 its
710 2667 877 2710 loquitur:

955 933 1065 976 quod
1110 939 1258 968 autem
1311 945 1426 968 nunc
1480 935 1586 976 dixi,

955 979 1135 1012 eandem
1171 990 1269 1013 esse
1314 980 1585 1024 sophistices

954 1022 1003 1055 a'd
1026 1024 1166 1067 legum
1197 1024 1475 1058 ferendarum
1506 1026 1586 1058 sci-

954 1069 1113 1101 entiam
1137 1069 1323 1111 itemque
1341 1070 1585 1103 rhetorices

954 1111 1003 1145 sd
1057 1112 1338 1156 disciplinam
1400 1114 1585 1147 iudicia-

954 1157 1056 1189 riam
1080 1158 1302 1199 rationem,
1326 1169 1433 1200 quse
1457 1159 1583 1191 inter-

954 1201 1080 1234 cedat
1116 1202 1202 1235 arti
1245 1202 1456 1236 fucatrici
1493 1213 1584 1236 cum

952 1247 1223 1289 gymnastics
1268 1251 1341 1279 eut
1380 1248 1583 1290 coquina-

953 1291 1043 1323 riee
1073 1301 1161 1324 cum
1192 1290 1380 1332 medica,
1418 1291 1459 1324 id
1523 1293 1584 1325 ui-

953 1334 1042 1368 dem
1080 1335 1312 1368 discrimen
1353 1341 1481 1369 tenen
1517 1347 1581 1369 um

952 1384 1020 1412 est
1057 1381 1108 1412 sb
1147 1381 1242 1423 ipss
1289 1385 1448 1414 natura
1487 1392 1583 1415 esse

952 1424 1261 1465 constitutum
1293 1425 1366 1458 sed
1396 1426 1498 1468 quia
1520 1431 1583 1459 etc.

951 1469 1117 1512 Apparet,
1162 1470 1299 1512 opinor,
1344 1469 1387 1502 sd
1430 1468 1583 1513 διέστηκε

951 1517 1124 1556 tamquam
1161 1514 1349 1547 subiectum
1387 1526 1405 1548 e
1435 1516 1586 1558 superio·

950 1557 1045 1591 ribus
1068 1568 1141 1591 esse
1154 1558 1370 1602 cogitandum
1393 1557 1490 1598 αὐτά,
1504 1559 1538 1592 h.
1554 1570 1583 1592 e.

951 1603 1060 1636 istae
1085 1607 1217 1644 artes,
1241 1613 1327 1646 quse
1351 1603 1438 1637 inter
1454 1614 1490 1636 se
1503 1610 1583 1637 sunt

950 1652 1124 1690 cognatae.
1171 1647 1269 1688 Quod
1293 1648 1322 1680 si
1352 1648 1407 1681 cui
1431 1647 1584 1681 videatur

950 1691 1132 1732 difficilius,
1156 1691 1251 1725 nullo
1275 1693 1410 1735 negotio
1434 1704 1502 1725 rem
1526 1704 1581 1725 ex-

949 1736 1064 1779 pedies
1087 1746 1147 1779 pro
1162 1736 1253 1778 ὄπερ
1278 1736 1454 1770 scribendo
1475 1737 1581 1778 ὅπερ,

950 1780 1039 1823 quod
1070 1791 1152 1814 sane
1191 1791 1251 1824 pro
1290 1792 1369 1814 vero
1406 1781 1583 1815 hebemus.

949 1826 1067 1867 Itaque
1103 1825 1268 1859 hactenus
1299 1826 1433 1869 quidem
1469 1828 1583 1860 omnis

949 1870 984 1902 in
1030 1870 1187 1913 expedito
1230 1875 1319 1903 suut.
1383 1871 1457 1904 Iam
1500 1882 1581 1904 vero

949 1925 1047 1947 nemo
1076 1924 1144 1947 non
1186 1919 1360 1958 exspectet
1395 1915 1481 1948 hene
1512 1916 1582 1949 fere

948 1958 1135 1991 subiectum
1158 1959 1200 1992 iri
1234 1960 1453 1992 sententiam:
1501 1960 1580 1993 Sed

948 2004 1049 2046 quia
1070 2003 1148 2036 hae
1173 2008 1290 2037 artes
1314 2005 1427 2037 inter
1449 2014 1491 2037 se
1521 2015 1580 2038 co·

946 2052 1106 2091 gnatae
1130 2051 1242 2089 sunt,
1264 2048 1430 2081 idcirco
1454 2059 1579 2092 saepe

947 2091 1282 2125 contunduntur
1365 2092 1580 2136 neglecto

948 2136 1203 2169 discrimine
1238 2146 1258 2168 a
1291 2141 1454 2170 natura
1484 2148 1579 2171 con·

949 2181 1118 2213 stituto.
1170 2181 1256 2213 Nam
1293 2181 1382 2223 quod
1422 2182 1578 2215 Socrates

947 2225 987 2258 de
1010 2225 1100 2258 veris
1124 2225 1253 2258 artibus
1283 2225 1417 2259 dixerat
1447 2237 1479 2269 p.
1501 2226 1578 2261 464.

947 2270 986 2302 Β.
1009 2269 1059 2310 0.,
1093 2279 1152 2302 ess
1174 2275 1309 2312 propter
1330 2271 1576 2313 cognationem.

947 2324 1014 2355 qus
1042 2315 1296 2355 contineantur,
1334 2315 1422 2348 inter
1452 2325 1488 2348 se
1517 2316 1579 2347 mi-

946 2358 1031 2390 sceri
1046 2382 1055 2399 ,
1077 2357 1165 2391 idem
1189 2359 1404 2392 manifestum
1427 2363 1479 2393 est
1500 2369 1577 2392 eum

946 2411 1036 2435 nunc
1073 2404 1176 2435 etiam
1206 2403 1247 2436 de
1284 2403 1418 2436 illu-mn
1455 2404 1576 2436 artium

945 2446 1135 2479 simulacris
1158 2447 1344 2488 affirmare,
1374 2448 1437 2481 hoe
1461 2452 1513 2480 eet
1534 2448 1576 2481 de

945 2491 1108 2524 rhetorice
1126 2496 1160 2524 et
1174 2492 1366 2534 sophistice,
1381 2502 1465 2534 ques
1486 2492 1576 2525 soles

945 2545 1034 2568 nunc
1058 2541 1237 2577 memoret,
1265 2536 1346 2579 qui·
1374 2537 1456 2569 artis
1487 2535 1577 2570 fuca-

946 2580 1038 2613 tricis
1061 2585 1095 2613 et
1116 2581 1333 2623 coquinaria
1365 2580 1468 2614 sliam
1500 2592 1574 2614 esse

945 2625 1111 2658 rationem
1134 2625 1170 2658 in
1193 2625 1355 2668 proximis
1374 2629 1426 2658 eet
1438 2624 1573 2659 demon·

946 2672 1121 2702 straturus.
1167 2669 1234 2702 Sed
1258 2668 1351 2703 illem
1374 2670 1574 2703 sententiam
