1722 2964
60 0 62 2 *
142 0 235 23 was-*3
243 0 326 28 ‹25²2ss
340 1 347 19 ··

1108 15 1130 29 ,ιι
1165 20 1188 36 ΝΞ
1200 11 1212 22 π
1233 21 1251 33 g.
1270 12 1302 26 »μη
1340 33 1342 35 ι
1376 14 1409 33 ‘¹³‘-
1426 17 1495 36 ''⁴''
1507 13 1551 34 ‚,''
1565 14 1570 20 .
1681 26 1694 37 ¹¹..

839 57 846 72 .
866 49 868 54 =
886 59 890 62 <
908 42 942 81 Ἰτ’,
1050 37 1067 74 ,π
1095 40 1138 75 22.
1148 31 1293 73 fi*
1360 35 1371 52 ·«
1479 55 1483 58 ,
1540 45 1554 62 a«
1565 39 1639 74 τμη
1660 37 1713 67 τη

196 119 281 162 116
747 123 816 160 1³1.
828 115 1050 161 A'ro‘ms

199 235 273 281 καὶ
295 236 515 282 πείθεσθε
541 254 616 293 μοι
639 237 890 295 ῥαβδοῦχον
918 237 993 283 καὶ
1023 235 1259 297 ἐπιστάτην
1280 240 1355 285 καὶ
1382 239 1600 300 πρύτανιν

138 318 166 350 Β
199 303 400 358 ἑλέσθαι,
445 299 493 356 ὃς
522 300 630 360 ὑμῖν
651 301 837 360 φυλάξει
866 301 914 348 τὸ
950 304 1129 362 μέτριον
1158 307 1294 362 μῆκος
1330 307 1420 352 τᾶν
1456 306 1600 367 λόγων

199 369 420 427 ἑκατέρου.

300 434 406 494 Cap.
434 433 575 481 XXV,
630 436 777 482 Ταῦτα
805 432 939 495 ἤρεσε
967 446 1057 490 τοῖς
1088 439 1304 495 παροῦσι,
1338 439 1413 484 καὶ
1442 438 1600 495 πάντες

198 500 443 561 ἐπῄνεσαν,
482 503 557 548 καὶ
587 502 666 560 ἐμέ
690 520 738 548 τε
767 500 791 548 ὁ
822 507 1018 557 Καλλίας
1047 501 1130 550 οὐκ
1159 507 1246 562 ἔφη
1275 503 1488 564 ἀφήσειν,
1528 509 1599 553 καὶ

197 569 382 615 ἑλέσθαι
414 569 589 615 ἐδέοντο
620 566 868 628 ἐπιστάτην.
917 569 1043 616 εἶπον
1071 563 1154 616 οὖν
1184 568 1294 629 ἐγώ,
1331 570 1398 618 ὅτι
1420 573 1602 631 αἰσχρὸν

198 641 266 692 εἴη
290 634 544 694 βραβευτὴν
567 636 749 681 ἑλέσθαι
771 638 862 682 τῶν
884 634 1039 694 λόγων.
1074 644 1162 683 εἴτε
1184 636 1269 696 γὰρ
1299 643 1460 698 χείρων
1482 644 1601 686 ἔσται

194 699 322 759 ἡμῶν
344 700 367 747 ὁ
392 705 613 761 αἱρεθείς,
645 700 727 748 οὐκ
749 700 896 762 ὀρθῶς
919 700 976 749 ἂν
1006 707 1098 761 ἔχοι
1119 702 1197 749 τὸν
1226 708 1358 762 χείρω
1388 708 1478 752 τῶν
1499 711 1603 764 βελ-

194 766 355 814 τιόνων
378 767 648 826 ἐπιστατεῖν,
681 776 768 815 εἰτε
789 767 958 828 ὅμοιος,
983 768 1082 815 m'aed’
1110 768 1250 824 οὕτως
1272 769 1438 829 ὀρθῶς·
1464 771 1488 818 ὁ
1518 772 1601 831 γὰρ

195 831 342 892 ὅμοιος
365 833 473 893 ἡμῖν
495 834 623 894 ὅμοια
646 837 721 881 καὶ
743 835 929 895 ποιήσει,
955 835 1065 883 ὥστε
1089 835 1138 882 ἐκ
1161 841 1363 896 περιττοῦ
1380 837 1597 899 ᾑρήσεται.

137 912 166 944 C
195 898 307 946 ἀλλὰ
339 900 396 960 δὴ
426 906 630 960 βελτίονα
660 900 785 960 ἡμῶν
814 903 1078 962 αἱρήσεσθε,
1109 907 1161 963 τῇ
1190 905 1273 961 μὲν
1295 903 1508 967 ἀληθείᾳ,
1544 905 1603 960 ὦς

195 961 384 1029 ἐγῷμαι,
416 966 639 1015 ἀδύνατον
668 969 798 1028 ὑμῖν,
830 969 940 1016 ὥστε
970 969 1271 1030 Πρωταγόρου
1298 975 1429 1018 τοῦδε
1452 973 1602 1032 σοφώ-

192 1033 323 1097 τερόν
345 1053 445 1080 τινα
475 1037 675 1081 ἑλέσθαι·
724 1041 767 1081 εἰ
795 1037 845 1081 δὲ
877 1034 1117 1095 αἱρήσεσθε
1147 1037 1230 1095 μὲν
1257 1038 1398 1096 μηδὲν
1426 1045 1600 1097 βελτίω,

192 1099 356 1159 φήσετε
381 1102 445 1159 δέ,
470 1099 652 1161 αἰσχρὸν
675 1104 748 1147 καὶ
770 1105 897 1149 τοῦτο
911 1106 1026 1164 τῷδε
1040 1108 1251 1162 γίγνεται,
1275 1103 1422 1162 ὥσπερ
1444 1104 1601 1167 φαύλῳ

191 1166 419 1229 ἀνθρώπῳ
444 1166 680 1227 ἐπιστάτην
702 1172 947 1229 αἱρεῖσθαι·
986 1168 1081 1216 ἐπεὶ
1103 1168 1153 1215 τό
1169 1169 1217 1228 γ’
1247 1169 1351 1229 ἐμὸν
1374 1170 1507 1219 οὐδέν
1527 1191 1599 1232 μοι

192 1236 405 1293 διαφέρει.
432 1233 528 1280 ἀλλ’
551 1233 713 1282 οὑτωσὶ
736 1234 876 1283 ἐθέλω
900 1239 1102 1295 ποιῆσαι,
1126 1235 1207 1294 ἵν’,
1231 1235 1254 1283 ὃ
1278 1246 1600 1297 προθυμεῖσθε,

284 1341 374 1384 Cap.
405 1342 519 1375 XXV.
574 1344 616 1377 B.
655 1339 920 1387 βραβευτὴν
951 1338 1143 1378 ἑλέσθαι
1175 1344 1262 1379 τῶν
1294 1341 1459 1391 λόγων]
1501 1348 1597 1381 Vett.

193 1386 299 1421 editt.
330 1385 386 1429 βρ.
417 1384 615 1430 αῖρεῖσθαι
645 1388 695 1433 τῷ
726 1383 840 1432 λόγῳ,
874 1389 970 1431 quod
994 1399 1037 1422 ex
1060 1389 1205 1432 optimis
1228 1389 1465 1433 plurimisque
1496 1391 1597 1425 codd.

189 1434 379 1483 mutatum.
404 1432 519 1465 Paulo
534 1436 619 1465 ante
632 1432 676 1465 de
690 1433 877 1466 Heindorfi
891 1434 1074 1466 sententia
1085 1434 1211 1466 Astius
1227 1435 1376 1477 scripsit
1391 1434 1457 1468 nal
1470 1430 1534 1479 ἐμέ
1551 1448 1572 1479 y
1583 1446 1599 1469 ε

189 1476 393 1553 οΚαέστε
425 1514 470 1553 ἐκ
502 1521 727 1572 περιττοῦ,
750 1517 993 1566 ᾑρήσεται]
1028 1521 1108 1556 Ald.
1143 1522 1227 1555 Bas.
1261 1519 1469 1565 εἰρήσεται,
1504 1525 1598 1558 unde

191 1563 400 1607 Stephanus
422 1564 564 1597 effinxit
586 1561 847 1608 αἴρεθησεται.
903 1567 1035 1599 Veram
1059 1566 1254 1599 lectionem
1277 1572 1470 1600 servarunt
1494 1568 1596 1602 Bodl.

189 1609 277 1643 Vat.
293 1608 441 1642 Venett.
458 1609 544 1645 ΞΣ.
564 1609 614 1641 al.

190 1697 269 1738 ⁷33,
289 1697 350 1740 qui
366 1700 489 1729 tamen
506 1697 625 1730 addit:
658 1690 683 1741 ἢ
698 1693 862 1741 ῤἀβδού-

191 1751 280 1784 χους
304 1737 387 1774 εἷπε
409 1737 497 1780 τούς
519 1740 649 1783 κριτάς
671 1743 739 1776 τοῦ
764 1739 862 1786 ἀγῶ-

191 1796 273 1827 νος,
306 1779 373 1824 οὓς
402 1781 421 1819 ὁ
444 1781 604 1829 ποιητὴς
626 1783 862 1830 αἰσυμνήτας

192 1826 309 1863 εἶπεν.
365 1830 419 1862 Ac
445 1831 610 1873 profecto
639 1831 682 1864 de
699 1832 863 1864 ludorum

190 1874 423 1917 praesidibus
439 1875 500 1907 hic
512 1875 757 1917 cogitandum,
775 1886 862 1919 qnos

191 1922 338 1951 constat
355 1929 377 1951 a
407 1920 589 1962 scipione,
622 1930 727 1963 quem
740 1924 863 1963 gesta-

191 1964 293 2004 bant,
318 1964 372 1996 ita
397 1964 603 2006 appellatos
622 1974 714 1998 esse.
731 1975 766 1997 v.
784 1965 862 1997 F'a—

190 2007 262 2040 bri
293 2007 459 2050 Agonist.
491 2009 524 2048 Ι,
560 2010 612 2041 19.
674 2009 767 2042 Nam
798 2011 861 2042 ubi

191 2053 422 2094 apparitores
462 2053 702 2094 intellexeris,
734 2063 862 2096 parum

191 2099 277 2138 apte
306 2098 485 2138 epistates
517 2101 554 2129 et
575 2099 742 2140 prytanis
766 2108 860 2131 com-

189 2142 383 2174 memorari
404 2140 598 2174 videantur
619 2152 768 2176 necesse
793 2145 861 2184 est,

190 2184 234 2218 de
252 2185 382 2227 quibus
398 2196 432 2218 v.
451 2186 498 2219 ad
512 2185 666 2229 Apolog.
710 2211 716 2218 .
734 2189 777 2219 32
793 2188 835 2219 B.

236 2228 327 2272 Cap.
343 2229 455 2263 XXV.
483 2230 525 2262 Β.
565 2229 642 2263 καὶ
695 2229 746 2273 μέ
776 2241 814 2264 τε
839 2225 858 2263 ὁ

191 2271 253 2316 Κ.]
287 2274 431 2306 Vocula
453 2283 492 2307 τε
514 2278 554 2306 ut
577 2285 687 2318 saepe
703 2276 862 2307 traiecta

190 2320 256 2350 est.
303 2318 397 2351 Nam
428 2319 519 2351 haec
548 2318 638 2352 dicit
667 2319 861 2352 Socrates:

189 2372 313 2394 omnes
335 2362 538 2395 laudabant
561 2374 690 2407 meque
717 2367 754 2397 et
775 2363 862 2396 cal-

189 2405 261 2438 lias
277 2407 462 2439 retinebat
477 2411 513 2440 et
525 2407 679 2451 (omnes)
693 2408 858 2449 orabant,

188 2453 231 2483 ut
269 2451 476 2492 praesidem
515 2452 726 2496 deligerem.
782 2452 861 2485 Ali-

190 2497 327 2537 quanto
359 2497 571 2530 concinnior
601 2497 718 2530 oratio
751 2500 860 2537 esset,

189 2539 221 2571 si
238 2549 302 2582 pro
318 2534 470 2573 ἐδέοντο
482 2543 657 2584 scriptum
674 2544 771 2575 esset
782 2536 860 2575 ἐκέ-

191 2584 304 2617 λευον
318 2594 347 2618 s.
363 2578 509 2627 ἠξίουν.

237 2628 279 2662 C.
317 2622 430 2662 ἄλλα
464 2624 518 2672 δὴ
549 2629 765 2672 βελτίονα
786 2624 856 2673 ήμ.

190 2668 298 2716 αἷρ]
333 2672 387 2705 At
414 2674 526 2706 enim
556 2674 858 2708 nobismelio—

190 2725 278 2749 rem
307 2718 508 2759 eligetis.
562 2719 654 2752 Nam
682 2713 778 2752 ἀλλὰ
808 2714 859 2762 δή

188 2762 350 2804 ponitur,
376 2762 438 2795 nbi
462 2762 555 2806 quod
576 2764 623 2796 ab
641 2763 759 2797 altero
774 2773 858 2808 pos-

189 2806 239 2837 sit
261 2806 391 2848 obiici,
423 2806 460 2840 id
483 2808 528 2842 ab
559 2818 601 2842 eo
618 2809 709 2851 ipso,
727 2810 789 2852 qui
805 2808 858 2842 lo·

930 1699 1052 1741 quitur
1063 1723 1072 1739 ,
1096 1699 1221 1731 statim
1237 1704 1536 1733 commemoratur
1552 1712 1595 1734 ac

929 1743 1122 1776 refellitur.
1153 1753 1188 1776 v.
1206 1742 1252 1775 ad
1274 1743 1412 1779 Criton.
1443 1755 1478 1787 p.
1496 1746 1540 1777 54
1555 1745 1597 1778 A.

930 1788 1000 1819 Pro
1018 1786 1191 1829 βελτίονα
1208 1788 1332 1820 statim
1348 1792 1430 1831 post
1445 1790 1600 1822 infertur

932 1831 1083 1875 βελτίω,
1124 1841 1217 1874 quae
1255 1832 1372 1865 forma
1404 1843 1461 1876 ap.
1501 1834 1598 1868 Plat.

930 1876 1044 1909 multo
1064 1876 1298 1918 frequentior.
1314 1877 1462 1910 Plenior
1482 1878 1599 1912 forma

930 1921 1117 1953 invenitur
1133 1919 1293 1962 Sophist.
1315 1931 1349 1963 p.
1364 1923 1430 1955 245
1442 1922 1470 1954 Β
1490 1920 1598 1963 (πλέ-

930 1964 1035 2006 ονα).
1090 1964 1199 2007 Gorg.
1230 1966 1297 1999 486
1327 1965 1357 1997 Β
1391 1965 1595 2009 (χείρονα).

930 2008 1111 2042 Tim.39A
1129 2008 1326 2051 (μείζονα),
1343 2010 1406 2042 ubi
1421 2010 1596 2045 ustauh.

928 2053 1083 2095 Epistol.
1108 2053 1186 2086 vn.
1237 2080 1245 2088 .
1261 2055 1328 2087 345
1344 2053 1374 2086 B
1398 2054 1595 2096 (μείζονα),

929 2097 972 2130 de
982 2099 1071 2140 Leg.
1081 2098 1189 2140 p.840
1229 2122 1236 2129 .
1249 2097 1297 2131 al.
1318 2098 1427 2131 Valet
1441 2100 1526 2132 etin
1539 2100 1596 2132 his

929 2142 1066 2174 numeri
1088 2142 1181 2174 ratio
1206 2146 1242 2174 et
1263 2142 1448 2178 Phaedon.
1481 2155 1516 2186 p.
1535 2146 1595 2178 101

928 2186 975 2218 A:
1007 2180 1077 2220 ἐὰν
1091 2185 1246 2228 μείζονα
1263 2185 1340 2229 φῇς
1356 2186 1418 2220 καὶ
1445 2182 1595 2221 ἐλάττω.

927 2230 1013 2263 Mox
1044 2230 1137 2273 quod
1168 2224 1260 2263 ὥστε
1291 2235 1375 2273 post
1405 2227 1599 2266 ἀδύνατον

924 2275 1068 2307 illatum
1085 2278 1158 2315 est,
1182 2274 1245 2307 ubi
1261 2276 1462 2318 simplicem
1478 2276 1595 2309 infini-

923 2320 1038 2351 tivum
1056 2322 1259 2362 exspectes,
1280 2320 1407 2352 multis
1423 2320 1597 2374 exemplis

925 2364 1022 2396 hunc
1059 2374 1163 2396 usum
1199 2363 1429 2397 illustrarunt
1458 2365 1594 2398 Hein—

927 2408 1036 2442 dorf.
1068 2407 1114 2440 ad
1146 2408 1181 2443 h.
1209 2408 1233 2440 l.
1253 2412 1289 2441 et
1316 2407 1362 2441 ad
1378 2407 1530 2443 Phaedr.
1561 2420 1595 2452 p.

926 2454 993 2485 269
1021 2453 1065 2484 D.
1112 2452 1203 2486 Ast.
1235 2453 1280 2485 ad
1313 2453 1424 2496 Legg.
1455 2462 1490 2495 p.
1517 2454 1593 2486 4631.

930 2497 1072 2539 Kriiger
1088 2496 1150 2530 Gr.
1168 2497 1221 2530 65.
1239 2500 1271 2538 3,
1291 2499 1320 2529 1.

972 2536 1073 2574 ἐπεὶ
1106 2536 1153 2573 τό
1183 2535 1221 2584 γ’
1259 2535 1368 2583 ἐμὸν
1396 2538 1456 2584 --]
1498 2552 1594 2575 nam

927 2588 1134 2628 quantum
1168 2585 1337 2627 quidem
1371 2584 1423 2617 ad
1445 2595 1506 2618 me
1533 2590 1594 2619 at—

925 2631 1052 2662 tinet.
1070 2629 1222 2672 DeRep.
1239 2630 1350 2672 p.346
1368 2628 1416 2661 A:
1435 2624 1506 2673 ἐγώ
1522 2626 1594 2684 γὰρ

926 2670 976 2717 δή
1004 2684 1061 2707 σοι
1092 2672 1187 2717 λέγω
1218 2669 1262 2707 τό
1282 2666 1320 2716 y’
1352 2667 1443 2715 ἐμὸν
1464 2668 1526 2707 ὅτι
1548 2685 1594 2708 ου

924 2719 1125 2761 πείθομαι.

969 2757 1245 2796 ἅλλόὑτωσὶ
1259 2756 1405 2795 ἐθέλω
1420 2759 1592 2806 ποιῆσ.]

922 2806 972 2844 Η.
990 2818 1021 2841 e.
1038 2807 1260 2851 praesidem,
1283 2810 1323 2839 ut
1339 2817 1404 2841 vos
1420 2817 1476 2841 me
1492 2807 1594 2841 iube-
