1690 2892
247 181 326 215 262
785 175 1041 216 PLATONIS

247 280 361 333 ὅπως
397 284 483 336 ἐρεῖ
506 298 546 324 τι
571 286 793 332 τοιοῦτον,
831 279 936 324 ὅθεν
971 282 1026 324 ἂν
1063 282 1105 323 οἱ
1129 281 1359 330 ἀκούοντες
1385 282 1574 334 βελτίους

135 345 216 387 502
244 349 477 402 γίγνοιντο;
515 344 543 400 ἢ
571 344 594 388 ὅ
620 362 660 388 τι
686 346 822 400 μέλλει
857 350 1094 401 χαριεῖσθαι
1130 348 1190 403 τῷ
1218 347 1326 399 ὄχλῳ
1362 347 1447 387 τῶν
1474 349 1571 388 θεα-

245 415 351 461 τῶν;
383 413 517 453 ΚΑΛ.
547 414 693 465 Δῆλον
719 410 771 465 δὴ
798 411 923 453 τοῦτό
950 425 1012 465 γε,
1042 405 1075 451 ὦ
1098 410 1334 462 Σώκρατες,
1364 410 1573 463 Κινησίου

245 490 292 530 γε
319 475 424 528 πέρι.
462 476 564 516 Σῼ.
612 476 662 516 Τί
689 473 734 517 δὲ
761 475 785 516 ὁ
811 474 948 529 πατὴρ
977 475 1111 516 αὐτοῦ
1140 473 1310 527 Μέλης;
1337 469 1364 527 ἦ
1392 475 1499 526 πρὸς
1524 475 1572 514 τὸ

246 539 461 592 βέλτιστον
490 536 656 592 βλέπων
688 537 822 581 ἐδόκει
850 549 915 582 σοι
941 539 1219 594 κνθαρῳδεῖνς
1257 535 1286 592 ἦ
1311 536 1470 586 ἐκεῖνος
1498 537 1574 591 μὲν

246 602 344 646 οὐδὲ
384 603 490 655 πρὸς
526 604 574 645 τὸ
611 603 805 658 ἥδιστον;
850 604 950 658 ἠνία
986 603 1069 657 γὰρ
1105 604 1222 656 ᾄδων
1264 602 1366 651 τοὺς
1411 602 1573 649 θεατάς.

245 667 350 709 ἀλλὰ
377 667 430 722 δὴ
458 668 624 710 σκόπει·
665 667 758 721 οὐχὶ
784 667 811 722 ἥ
847 681 890 708 τε
928 665 1189 722 κνθαρῳδικὴ
1225 667 1345 708 δοκεῖ
1367 676 1435 708 σοι
1460 673 1575 707 πᾶσα

245 732 315 775 καὶ
339 732 368 786 ἦ
394 734 480 773 τῶν
508 732 788 785 διθυράμβων
827 732 991 785 ποίησις
1017 731 1175 786 ἡδονῆς
1201 732 1322 784 χάριν
1348 730 1574 784 εὖρῆσθαις

179 800 217 842 Β
250 799 385 838 ΚΑΛ.
402 792 594 850 ’Ἔμοιγε
651 798 746 838 Σῼ.
794 796 844 836 Τι’
869 794 914 836 δὲ
941 794 992 848 δὴ
1019 796 1048 849 ἦ
1074 795 1203 849 σεμνὴ
1241 794 1346 848 αὕτη
1373 795 1443 835 καὶ
1469 798 1574 835 θαυ-

245 860 380 915 μαστὴ
407 861 435 914 ἦ
462 866 534 914 τῆς
561 860 796 915 τραγῳδίας
833 859 999 912 ποίησις
1039 856 1102 912 ἐφ’
1141 852 1175 913 ᾧ
1213 858 1463 906 ἐσπούδακε;
1502 858 1575 899 πό-

245 925 369 977 τερόν
397 922 508 966 ἐστιν
534 924 665 977 αὐτῆς
690 922 739 965 τὸ
768 922 1009 977 ἐπιχείρημα
1044 921 1115 964 καὶ
1141 923 1170 977 ἧ
1196 923 1386 976 σπουδή,
1426 921 1483 971 ὧς
1509 921 1576 963 σοὶ

311 1056 350 1088 Ρ.
373 1054 448 1089 502
476 1055 528 1088 Tl
548 1054 593 1087 δὲ
617 1052 635 1086 ό
660 1053 796 1098 πατὴρ
822 1066 873 1087 av
880 1053 970 1109 του]
1003 1054 1060 1087 δαὶ
1084 1053 1186 1089 Vind
1211 1053 1242 1088 6.
1289 1053 1347 1086 Sic
1370 1054 1472 1086 etiam
1496 1063 1575 1086 mox

247 1101 325 1133 Vat.
348 1104 381 1132 et
404 1110 489 1132 corr.
513 1100 627 1132 Clark.
655 1099 700 1131 Τι’
722 1099 776 1131 δα)
803 1097 844 1142 δὴ
869 1109 1009 1142 η.σεμν
1022 1123 1029 1135 ,
1054 1098 1114 1131 ubi
1137 1098 1179 1141 δὴ
1202 1098 1306 1141 vulgo
1330 1098 1461 1138 deerat,
1486 1098 1575 1140 quod

246 1145 436 1178 restitutum
467 1154 558 1176 nunc
591 1155 634 1176 ex
658 1144 774 1176 Clark.
806 1111 888 1176 Ὑαῐη
908 1143 1011 1176 Coisl.
1035 1143 1121 1176 Ven.
1148 1143 1225 1176 ΞΣ.
1252 1142 1349 1175 vind.
1383 1143 1412 1176 1.
1435 1142 1465 1175 2.
1486 1109 1519 1175 (4¹5.
1545 1141 1575 1175 7.

246 1191 323 1222 Par.
346 1189 535 1222 BCEFV.
582 1188 806 1242 Florentinis,
838 1188 926 1222 aliis.
971 1187 1063 1220 Male
1094 1187 1198 1230 vulgo
1230 1187 1502 1230 distinguebatur
1535 1187 1580 1219 Τί

249 1234 288 1266 δὲ
310 1252 353 1258 -
378 1235 534 1276 ποίησις·
558 1230 613 1273 ἐφ’
641 1227 668 1276 ᾦ
692 1231 896 1265 ἐσπούδακε.
921 1232 1036 1265 Herm.
1061 1231 1170 1272 aliter,
1193 1231 1235 1263 de
1258 1242 1325 1274 quo
1348 1242 1380 1264 v.
1403 1232 1503 1264 infra.

314 1277 484 1320 βλέπων
507 1267 666 1321 ἐδόκει]
691 1277 796 1310 Coisl.
821 1276 959 1319 βλεπων
982 1277 1125 1318 omittit,
1147 1276 1282 1310 iniuria.

247 1389 290 1422 ad
304 1389 524 1422 Demosthen.
540 1388 674 1431 Leptin.
684 1398 715 1430 p.
730 1386 774 1420 89
783 1397 874 1429 seqq.

247 1435 300 1466 De
323 1433 468 1466 choris
501 1444 542 1465 ex
572 1433 741 1465 sententia
764 1432 878 1464 Plato-

246 1479 300 1510 nis
323 1478 395 1520 egit
417 1478 517 1510 Bax.
539 1476 624 1519 disp.
658 1478 710 1509 De
732 1481 877 1509 naturae

247 1522 463 1564 simplicitate
492 1523 527 1554 in
551 1521 723 1564 Euripidis
746 1522 877 1553 Oreste.

247 1567 393 1599 Traiect.
431 1565 475 1598 ad
503 1566 610 1598 Rhen.
643 1564 739 1598 1816.
770 1564 802 1597 8.
833 1583 877 1589 -

247 1610 466 1653 Dithyrambi
494 1611 631 1642 fuerunt
658 1610 810 1652 carmina
841 1610 877 1641 in

246 1655 375 1688 Bacchi
389 1655 552 1688 honorem
570 1655 766 1697 composita,
790 1663 877 1705 quae

247 1700 397 1733 oratione
431 1699 625 1732 vehementi
660 1703 694 1731 et
733 1698 878 1731 eoncita—

247 1745 332 1777 tiore
359 1744 539 1786 verbisque
572 1744 714 1776 licenter
744 1752 878 1785 compo·

246 1790 321 1822 sitis
359 1788 551 1821 utebantur.
612 1787 711 1820 Unde
747 1788 876 1819 Hora-

248 1835 332 1866 tius
356 1832 419 1867 Od.
437 1833 495 1873 IV,
518 1831 551 1874 2,
576 1831 628 1866 10.
652 1832 694 1865 de
711 1831 877 1864 Pindaro:

247 1879 329 1910 Seu
360 1888 436 1920 per
466 1877 649 1910 audaces
679 1886 793 1909 nova
822 1875 879 1908 di·

247 1921 498 1965 thyrambos
543 1921 685 1954 Verba
738 1920 878 1953 devol-

247 1967 311 1999 vit
334 1967 608 2008 numerisque
638 1966 779 1998 fertur
807 1965 878 1997 Le-

246 2011 516 2098 {121233213133352
536 2011 878 2106 Ῑῖἰὶἳῗῗὲζῖμρὲἓΐέ

247 2101 334 2133 Avv.
354 2110 387 2132 v.
400 2098 488 2132 1385
500 2109 603 2141 seqq,
621 2099 681 2131 ubi
701 2098 802 2131 etiam
815 2099 879 2131 Ci-

247 2145 393 2177 nesias
416 2145 579 2186 carpitur,
611 2142 750 2184 dequo
772 2142 821 2174 ibi
845 2153 877 2175 v.

247 2190 392 2231 interpp.
415 2193 450 2221 et
473 2188 515 2221 ad
526 2188 637 2220 Rann.
655 2198 688 2220 ν.
683 2154 776 2220 (1.153
788 2187 877 2220 conf.

246 2234 321 2275 Wy
331 2233 548 2266 ttenbach.
567 2231 790 2265 adPlutarch.
805 2231 879 2264 Μο-

247 2278 309 2310 ral.
332 2278 374 2310 Τ.
397 2279 467 2320 I.p
445 2288 479 2320 p.
494 2275 572 2310 222.
595 2276 646 2309 ed.
663 2276 775 2309 Oxon.
798 2275 878 2308 Cor·

247 2326 363 2364 ruptor
394 2322 450 2354 hic
479 2321 545 2354 fuit
574 2321 698 2354 veteris
727 2320 879 2354 musicae

246 2370 347 2408 atque
362 2367 399 2398 in
415 2365 622 2398 carminibus
638 2365 771 2398 melicis
784 2374 879 2407 prae·

247 2416 298 2443 ter
326 2410 462 2443 modum
492 2410 606 2443 mollis
635 2414 669 2442 et
705 2409 877 2443 effemina-

247 2459 312 2495 tus,
336 2465 403 2496 quo
427 2455 563 2487 nomine
586 2466 607 2487 a
628 2455 770 2487 comicis
792 2455 881 2486 vitu·

246 2502 392 2542 peretur.
445 2500 559 2531 Patris
597 2500 690 2539 eius,
733 2498 880 2539 Meleth,

245 2544 451 2577 mentionem
511 2544 596 2576 facit
655 2543 880 2576 Aristides

248 2589 355 2621 Oratt.
388 2588 522 2621 Platon.
552 2588 596 2620 11.
625 2597 657 2629 p.
690 2586 765 2621 185.
775 2610 784 2628 ,
821 2587 881 2633 qm·

247 2643 279 2675 p.
319 2631 386 2666 236
425 2642 518 2675 seqq.
563 2632 727 2665 adversus
771 2636 880 2665 totum

246 2677 339 2710 hunc
362 2676 477 2709 locum
499 2676 696 2719 disputavit.

987 1388 1024 1421 P.
1048 1385 1126 1421 502.
1156 1387 1194 1419 Β.
1234 1386 1283 1420 Τι’
1310 1386 1358 1419 δὲ
1382 1383 1432 1430 δὴ
1464 1384 1484 1428 ἦ
1516 1396 1577 1419 σε·

944 1429 1279 1516 ἕέτὴῖίιῗέιῃέὶιῖέἰ
1301 1399 1578 1518 vffiicdglglzoviins

945 1520 1024 1552 illa
1055 1524 1099 1552 et.
1127 1520 1373 1563 magnifica
1411 1525 1578 1563 tragoe-

944 1564 1039 1597 diae
1062 1564 1213 1607 poesis
1246 1566 1290 1596 in
1321 1575 1403 1607 quo
1433 1564 1579 1598 elabo-

944 1609 1034 1641 rat?
1065 1619 1112 1641 sc.
1143 1608 1271 1651 quale
1307 1608 1349 1641 id
1384 1619 1478 1642 esse
1512 1620 1580 1652 pu-

947 1655 1036 1685 tas?
1069 1655 1166 1685 ιοῦιο
1190 1655 1223 1685 τί
1244 1651 1316 1685 πότ’
1347 1652 1433 1691 ἔστη
1479 1653 1578 1693 Quod

944 1698 1122 1738 reticetur,
1163 1698 1245 1739 quia
1283 1698 1445 1730 continuo
1477 1699 1578 1731 inter-

944 1746 1099 1785 rogatur·
1125 1739 1276 1784 πότερόν
1299 1741 1393 1774 ἐστιν
1415 1739 1518 1785 αὐτῆς
1543 1741 1578 1775 τὸ

946 1786 1029 1828 ἐπιχ.
1060 1798 1089 1819 κ.
1124 1797 1149 1818 τ.
1180 1787 1208 1819 λ.
1233 1787 1320 1819 conf.
1353 1786 1578 1820 Matthiae.

979 1831 1059 1871 r..§
1080 1829 1475 1874 630.1.Pf1ugk.2d
1497 1832 1580 1864 Eur.

946 1876 1076 1908 Hecub.
1107 1885 1140 1907 v.
1172 1873 1269 1909 1256.
1306 1876 1579 1909 Hermannus

944 1924 1058 1953 tamen
1103 1923 1186 1953 nota
1228 1920 1457 1963 interrogandi
1500 1926 1577 1964 post

952 1966 994 1998 Τί
1006 1965 1046 1997 δὲ
1065 1962 1108 2007 δή
1129 1964 1239 2007 posita
1260 1969 1295 1997 et
1320 1969 1484 1997 commate
1502 1970 1580 2020 post

946 2008 1139 2042 ἐσπούδακε
1181 2008 1277 2041 illato
1309 2009 1344 2041 in
1374 2009 1489 2042 verbis
1521 2007 1576 2050 ἐφ’

948 2049 975 2086 ὦ
1016 2051 1211 2086 ἐσπούδακε
1249 2052 1439 2087 subiectum
1483 2053 1578 2087 verbi

946 2088 1014 2131 ἔστι
1042 2097 1209 2130 contineri
1246 2097 1384 2139 statuit,
1427 2108 1496 2141 qua
1530 2109 1580 2131 ra-

945 2144 1037 2176 tione
1060 2153 1101 2175 eo
1124 2141 1322 2182 deducitur,
1345 2147 1384 2175 ut
1406 2143 1492 2176 ista.
1516 2141 1578 2175 αὖ·

947 2190 1002 2231 τῆς
1025 2186 1060 2218 τὸ
1084 2185 1283 2229 ἐπιχείρημα
1307 2187 1362 2219 καὶ
1383 2185 1406 2230 ἠ
1434 2186 1578 2230 σπουδή,

944 2242 1005 2274 pro
1034 2230 1238 2274 glossemate
1275 2231 1397 2264 habere
1428 2236 1577 2274 cogatur.

946 2276 1102 2309 Ceterum
1142 2274 1278 2308 notabis
1316 2275 1574 2309 collocationem

945 2319 1135 2353 verborum.
1159 2321 1247 2353 Nem
1261 2331 1280 2353 e
1296 2320 1429 2362 vulgari
1445 2321 1576 2353 rationo

945 2364 1126 2398 dicendum
1158 2369 1247 2397 erat:
1281 2367 1315 2397 τί
1334 2363 1373 2397 δὲ
1401 2361 1460 2418 δὴ
1468 2362 1488 2407 ἦ
1521 2367 1578 2407 τῆς

946 2421 1037 2452 τραγ.
1073 2411 1210 2462 ποίησις
1234 2406 1255 2451 ἦ
1286 2409 1392 2452 σεμνὴ
1415 2407 1500 2451 αὕτη
1523 2410 1578 2441 καὶ

947 2455 1019 2486 ‚v‘rm
1012 2462 1128 2496 μασιη
1140 2453 1239 2486 ·Sed
1254 2452 1371 2486 eodem
1387 2453 1486 2486 modo
1504 2454 1579 2486 He—

946 2498 1080 2531 rodot.
1105 2466 1190 2539 v'n,
1213 2496 1295 2532 196·
1326 2494 1346 2530 ὀ
1380 2497 1534 2531 ναυτικὸς
1558 2496 1578 2529 ὀ

947 2545 1015 2575 τῶν
1045 2540 1240 2584 βαρβάρων
1277 2540 1426 2596 στρατός.
1472 2542 1579 2575 'rhu-

947 2586 1040 2640 cyd.
1069 2587 1106 2627 1,
1135 2585 1196 2620 23·
1238 2587 1293 2619 καὶ
1322 2584 1344 2629 ἦ
1373 2583 1434 2628 οὐχ
1462 2585 1580 2629 ἥκιστα

948 2628 1140 2673 βλάψασα*
1121 2643 1141 2674 η
1154 2629 1322 2673 λοιμόδηι·
1334 2628 1449 2665 νόσος.
1470 2631 1576 2664 Plat.

935 2676 1103 2719 ‚Sympom
1124 2685 1157 2718 p.
1181 2673 1256 2709 213.
1280 2675 1327 2707 R:
1365 2672 1425 2718 τὴν
1455 2674 1576 2708 τούτου
