1682 2944
300 287 350 323 28
768 287 1156 327 PROLEGOMENA

297 395 504 434 incolumes
537 400 710 444 servent,
745 398 858 449 quale
894 403 953 436 cst
980 399 1167 438 rhetorica
1194 401 1277 447 ista,
1306 412 1420 452 quam
1447 405 1491 440 tu
1518 415 1624 452 prae·

297 451 410 489 dicas.
476 451 664 490 Nimirum
709 453 803 492 haec
839 466 908 503 per
934 466 975 492 se
1012 467 1088 492 non
1125 456 1218 494 adeo
1254 457 1381 505 magni
1417 462 1477 495 est
1511 459 1624 496 aesti-

297 507 452 552 manda,
490 507 564 545 nisi
600 508 698 546 forte
735 509 851 547 etiam
878 521 940 547 ars
968 510 1103 554 nandi,
1140 512 1395 559 gubernandi,
1431 513 1625 551 machinas

298 562 451 599 bellicas
488 564 729 602 construendi
763 564 914 614 plurimi
952 565 1003 603 sit
1027 565 1219 613 facienda,
1254 580 1351 619 quae
1388 571 1515 605 tamen
1542 567 1624 618 ipsa

297 630 379 655 sese
417 630 492 655 non
530 619 622 657 adeo
658 619 792 666 iactat,
831 624 963 669 utpote
999 622 1114 669 probe
1151 621 1273 660 sciens
1310 622 1424 660 unius
1460 624 1625 673 corporis

297 673 622 712 conservationem
661 674 743 713 sine
779 650 925 726 {eliqua
961 676 1124 714 hominis
1161 678 1284 716 salute
1319 691 1400 716 rem
1437 691 1520 716 esse
1548 692 1623 717 non

298 729 391 766 adeo
417 731 796 782 magnam.1taque
824 730 931 777 vide,
970 741 991 768 o
1021 732 1137 778 bone,
1176 746 1224 771 nc
1261 732 1364 771 aliud
1392 733 1482 796 quid
1511 748 1623 783 genc-

296 796 425 822 rosum
462 784 512 823 sit
548 789 663 836 atque
700 787 861 831 bonum,
900 799 1015 837 quam
1042 800 1193 825 servare
1232 801 1275 826 ac
1303 789 1464 835 servari,
1503 802 1547 827 ac
1574 803 1623 828 ne

297 839 392 877 illud
430 839 574 890 ipsum,
625 842 724 891 quod
764 841 877 879 toties
915 846 1107 891 crepatur,
1154 856 1295 894 quam
1332 818 1623 884 diutissime

297 895 492 941 vivere,
531 896 590 933 vir
626 896 735 934 fortis
773 901 812 934 et
848 897 919 934 hoc
955 898 1106 936 nomine
1142 898 1279 947 dignus
1316 899 1471 937 missum
1500 900 1623 939 facere

297 950 434 989 debeat
460 950 563 989 vitae
593 964 668 989 non
690 951 970 998 adhaerescens,
998 953 1063 991 sed
1092 953 1131 991 id
1159 958 1280 992 totum
1302 955 1372 992 deo
1391 955 1623 994 committere

298 1018 341 1043 ac
368 1006 494 1055 potius
514 1019 657 1053 curare,
686 1008 872 1058 quomodo
892 1011 1042 1058 tempus
1060 1009 1107 1046 ad
1126 1009 1331 1047 vivendum
1359 1011 1490 1049 datum
1508 1024 1623 1062 quam

297 1061 438 1110 optime
466 1062 662 1110 transigat,
690 1062 858 1114 alioquin
886 1063 933 1101 de
952 1063 1104 1113 optimo,
1134 1066 1234 1115 quod
1263 1065 1404 1103 homini
1435 1066 1624 1115 obtigerit,

297 1116 434 1155 misere
462 1117 754 1166 periclitaturus.
783 1119 824 1156 P.
858 1121 947 1156 511.
977 1119 1019 1157 B.
1047 1141 1104 1147 —
1133 1123 1223 1158 513.
1253 1121 1292 1158 C.

379 1172 453 1210 His
480 1173 683 1223 disputatis
711 1174 902 1212 Callicles:
943 1174 1046 1213 Bene
1074 1188 1164 1213 vero
1199 1176 1291 1213 mihi
1321 1176 1461 1214 videris
1488 1176 1623 1222 dicere,

297 1240 318 1265 o
349 1228 511 1275 Socrate,
540 1229 604 1267 sed
634 1229 770 1275 nescio,
798 1230 984 1280 quomodo
1011 1229 1104 1267 mihi
1134 1231 1269 1269 accidit
1296 1232 1395 1282 quod
1423 1231 1623 1283 plerisque,

297 1286 342 1321 ut
377 1283 473 1320 mihi
508 1297 583 1321 non
612 1285 704 1323 satis
741 1285 978 1333 persuadeas.
1043 1285 1114 1323 Cui
1142 1286 1314 1324 Socrates
1354 1288 1515 1325 urbane:
1557 1287 1622 1324 Ni-

296 1339 434 1376 mirum
472 1344 624 1389 captum
661 1344 699 1378 te
736 1339 866 1389 populi
904 1352 1008 1378 amor
1045 1344 1168 1387 tenet,
1207 1342 1272 1392 qui
1310 1342 1478 1380 animmn
1515 1346 1624 1380 tuum

297 1394 506 1444 occupavit.
563 1393 764 1441 Quocirca,
803 1407 891 1443 age,
939 1396 1217 1434 consideremus
1254 1397 1328 1434 iam
1366 1398 1460 1435 haec
1486 1397 1624 1436 iterum

297 1453 413 1500 atquc
458 1450 613 1496 melius,
662 1450 693 1488 si
731 1450 829 1488 forte
867 1450 978 1488 aliter
1013 1450 1082 1489 tibi
1121 1452 1358 1501 persuadeas.
1415 1453 1625 1491 Recordare

297 1504 415 1553 igitur
449 1518 518 1543 nos
546 1509 659 1543 antea
688 1505 782 1555 (cap.
816 1508 876 1543 15.
904 1506 986 1543 coll.
1020 1506 1096 1553 19.)
1132 1507 1226 1545 duas
1254 1507 1433 1546 statuisse
1460 1508 1625 1546 rationes

296 1565 375 1598 tam
404 1573 540 1610 corpus
567 1574 681 1612 quam
712 1561 879 1598 animum
908 1561 1082 1599 curandi:
1112 1574 1227 1600 unam
1255 1563 1372 1609 hanc,
1401 1575 1499 1614 quae
1526 1564 1625 1601 hanc

297 1616 531 1654 curationem
559 1620 740 1655 tractaret
767 1616 976 1665 voluptatis
1004 1629 1156 1663 caussa,
1186 1618 1343 1656 alteram
1372 1618 1489 1664 hanc,
1527 1631 1624 1670 quae

296 1672 345 1709 ad
383 1671 567 1721 optimum
605 1675 791 1721 spectaret
836 1684 959 1722 neque
998 1672 1193 1722 cuiquam·
1218 1673 1511 1722 gratificaretur,
1560 1675 1626 1712 sed

297 1731 538 1776 repugnaret.
595 1728 647 1766 Et
675 1727 794 1765 altera
822 1727 973 1777 quidem
986 1756 995 1773 ,
1033 1740 1130 1778 quae
1169 1728 1215 1765 ad
1253 1730 1487 1778 voluptatem
1527 1742 1626 1767 com-

297 1786 431 1831 parata
459 1786 529 1828 est,
557 1782 709 1821 videtur
737 1782 888 1820 omnino
925 1782 1101 1831 ignobilis
1137 1796 1219 1821 esse
1247 1796 1291 1822 ac
1326 1784 1421 1822 nihil
1459 1784 1532 1822 nisi
1560 1786 1626 1822 ab·

298 1837 396 1876 iecta
423 1837 602 1876 adulatio.
658 1838 793 1876 Altera
819 1850 909 1876 vero
938 1838 977 1875 id
1008 1842 1164 1887 spectat,
1191 1844 1236 1877 ut
1262 1839 1312 1884 id,
1342 1840 1389 1877 ad
1416 1840 1516 1890 quod
1543 1853 1627 1889 per·

298 1893 430 1940 tineat,
459 1906 574 1944 quam
602 1893 785 1943 optimum
804 1893 1002 1940 efficiatur,
1031 1893 1112 1931 sive
1140 1907 1276 1943 corpus
1295 1894 1346 1933 sit
1364 1895 1446 1933 sive
1467 1895 1626 1933 animus.

298 1949 382 1986 Iam
410 1961 501 1987 vero
529 1948 567 1986 in
597 1948 852 1998 superioribus
880 1948 981 1987 inter
1008 1962 1076 1987 nos
1097 1949 1275 1988 convenit
1301 1950 1494 1989 civitatem
1513 1956 1627 2001 atque

298 2003 400 2043 cives
428 2004 484 2043 ita
520 2017 602 2042 esse
640 2005 843 2050 curandos,
883 2008 928 2042 ut
964 2017 1077 2055 quam
1117 2005 1250 2054 optimi
1289 2006 1464 2044 evadant.
1520 2006 1626 2043 Nihil

299 2059 399 2097 enim
439 2060 592 2109 prodest
629 2059 854 2098 beneficium
891 2060 930 2096 in
959 2060 1052 2098 alios
1089 2061 1276 2105 conferre,
1315 2060 1388 2098 nisi
1416 2060 1472 2098 illi
1500 2066 1626 2099 mente

299 2119 459 2153 utantur
494 2116 594 2152 bona
631 2120 671 2153 et
707 2115 877 2152 honesta.
944 2115 989 2152 Id
1026 2115 1150 2164 ipsum
1187 2119 1334 2162 autem,
1381 2115 1493 2154 sicuti
1531 2115 1626 2154 aliae

299 2174 412 2217 artes,
440 2183 537 2221 quae
565 2170 653 2208 boni
683 2170 774 2220 quid
803 2170 1007 2207 effecturae
1035 2170 1131 2216 sint,
1170 2170 1298 2219 procul
1326 2171 1441 2209 dubio
1468 2171 1629 2222 requirit

300 2226 353 2263 rei
382 2226 576 2263 scientiam
616 2230 655 2263 ct
682 2225 857 2263 idoneum
889 2238 1011 2262 usum.
1069 2225 1154 2263 Hoc
1179 2226 1298 2274 igitur
1333 2226 1450 2264 etiam
1486 2226 1526 2263 in
1563 2240 1626 2275 ge·

299 2282 418 2319 renda
444 2280 637 2331 republica
664 2284 723 2319 est
741 2281 998 2330 spectandum,
1028 2281 1075 2318 ad
1094 2293 1209 2331 quam
1236 2281 1300 2332 qui
1327 2281 1502 2319 accedere
1522 2282 1627 2328 velit,

298 2337 332 2374 is
361 2341 462 2375 certe
490 2336 527 2374 id
556 2337 671 2374 debet
697 2335 769 2374 sibi
789 2348 1007 2385 proponere,
1035 2340 1081 2374 ut
1107 2335 1209 2374 cives
1227 2349 1342 2387 quam
1361 2337 1493 2386 optimi
1521 2338 1626 2383 fiant,

298 2392 458 2443 ideoque
484 2391 656 2429 idoneam
676 2391 764 2429 boni
789 2391 986 2429 scientiam
1005 2395 1145 2429 tenere.
1175 2391 1216 2429 P.
1239 2395 1330 2430 513.
1342 2392 1388 2430 D.
1405 2413 1460 2420 --
1477 2395 1568 2430 515.
1585 2393 1625 2430 C.

299 2449 355 2485 At
382 2447 483 2485 enim
511 2460 602 2486 vero
631 2448 703 2484 hac
729 2447 813 2496 ipsa
840 2446 950 2484 laude
978 2446 1044 2497 qui
1071 2446 1209 2495 dignus
1235 2447 1304 2493 sit,
1340 2460 1411 2485 nec
1436 2447 1537 2485 inter
1563 2460 1626 2485 su-

299 2502 465 2553 periores
492 2515 563 2541 nec
590 2502 690 2540 inter
718 2502 918 2540 hodiernos
944 2501 1046 2540 viros
1074 2501 1203 2540 civiles
1240 2503 1349 2540 facile
1377 2501 1540 2553 aliquem
1570 2502 1626 2540 in-

299 2558 443 2597 venias.
501 2559 598 2595 Nam
627 2558 779 2604 Cimon,
818 2557 1030 2603 Miltiades,
1057 2557 1349 2604 Themistocles,
1385 2557 1559 2603 Pericles,
1588 2562 1628 2596 et

300 2613 331 2652 si
360 2615 493 2652 urbem
522 2613 800 2663 amplificarunt
826 2613 1007 2664 varieque
1041 2618 1292 2659 ornaverunt,
1331 2617 1458 2651 tamen
1487 2612 1627 2650 civium

299 2669 588 2719 temperantiam
632 2672 671 2707 et
708 2668 892 2707 iustitiam
928 2668 1222 2719 haudquaquam
1259 2672 1460 2706 auxerunt.
1524 2667 1626 2708 Quo-

301 2725 400 2763 circa
435 2724 537 2763 cives
574 2724 629 2762 eis
667 2723 782 2762 etiam
826 2723 965 2762 malam
1002 2724 1217 2762 retulerunt
1259 2723 1422 2772 gratiam
1458 2723 1626 2774 adeoque

300 2780 403 2832 ipsos
430 2781 529 2819 male
547 2783 826 2819 tractaverunt:
856 2779 957 2831 quod
985 2784 1086 2818 certe
1107 2779 1219 2818 aliter
1235 2779 1372 2818 fuisset
1388 2783 1625 2825 eventurum,
