1696 2976
179 135 229 177 16
702 140 1044 177 PRAEFATIO

176 249 440 300 quaestionem
460 250 576 289 insert
595 261 721 301 neque
740 249 853 291 aliam
871 250 1059 302 intelligit,
1087 262 1206 303 quum
1227 251 1461 302 Protagorae
1479 264 1567 292 ora-

174 306 278 344 tione
298 305 371 344 sibi
392 317 620 357 persuasum
640 318 724 346 esse
741 307 956 353 confitetur,
989 314 1029 352 (a
1050 307 1243 359 sophistis)
1259 309 1439 348 virtutem
1455 320 1567 360 posse

175 360 318 401 doceri.
358 360 532 401 Alterum
552 361 735 414 deinceps
754 374 887 414 genus,
909 363 1010 414 quod
1040 364 1153 403 unice
1173 364 1320 404 virtutis
1341 364 1495 403 nomine
1511 364 1567 403 di-

175 416 431 467 gnumihabet‚
454 418 593 468 quippe
602 417 706 470 quod
727 430 814 458 cum
823 418 915 458 boni
929 418 1159 471 honestique
1179 420 1397 469 cognitione
1417 425 1455 459 et
1473 421 1569 458 recti

175 473 409 511 conscientia
429 473 676 513 coniunctum
696 475 763 520 sit,
792 474 829 514 id
850 486 871 514 a
891 475 1073 527 sophistis
1093 474 1261 514 alienum
1289 487 1374 515 esse
1401 474 1570 527 probare

175 533 349 573 conatur,
371 533 414 567 ut
432 528 670 580 philosophis
691 535 872 581 tanquam
893 531 1094 582 proprium
1114 531 1291 571 vindicet.

285 584 359 623 Sed
380 584 419 622 in
439 584 511 624 hac
531 590 642 636 parte
663 585 929 637 disputationis
950 587 1100 626 Socrati
1119 599 1288 638 persona
1315 588 1492 638 imposita
1514 592 1570 626 est

174 639 221 678 ab
257 652 322 686 ea,
359 652 473 692 quam
509 640 739 693 plerumque
775 641 877 694 apud
898 641 1097 682 Platonem
1128 642 1223 687 fert,
1256 642 1372 694 longe
1406 642 1569 682 diversa.

173 695 343 741 Etenim,
372 701 415 735 ut
434 708 526 736 suae
557 709 694 737 causae
719 698 877 743 serviat,
906 710 1045 749 parum
1074 697 1239 738 fideliter
1267 705 1334 738 aut
1364 710 1452 738 vere
1482 710 1570 738 cum

173 751 391 791 adversario
412 753 502 803 agit.
560 753 608 792 Et
627 765 718 793 vero
739 754 770 793 si
805 753 941 793 eadem
968 755 1137 799 ratione,
1167 767 1240 806 qua
1273 754 1452 793 hocloco
1482 766 1570 794 cum

172 807 385 859 Protagora
405 807 569 854 disserit,
591 809 760 859 quotidie
781 821 868 848 cum
885 809 1029 849 civibus
1043 809 1340 850 Atheniensibus
1358 809 1570 849 collocutus

174 867 242 909 est,
263 864 348 903 fieri
368 875 446 903 non
466 865 601 917 potuit,
623 866 716 917 quin
736 864 895 904 multam
925 865 998 904 sibi
1020 866 1209 905 conssaret
1228 865 1421 905 invidiam.
1459 864 1571 912 Quod

172 931 223 958 ne
242 923 389 960 temere
410 919 550 960 dixisse
570 921 779 967 videamur,
801 922 1029 961 sententiam
1055 926 1223 961 nostram
1237 922 1370 973 paucis
1384 920 1571 972 exemplis

173 975 459 1016 confirmemus.
509 976 551 1015 Ρ.
575 980 652 1020 331
675 978 727 1016 Α;
750 977 826 1028 qui,
856 978 1000 1029 inquit,
1030 978 1191 1033 virtutes
1218 978 1319 1016 inter
1339 989 1381 1017 se
1411 977 1567 1017 differre

173 1035 316 1077 censet,
348 1043 475 1082 neque
495 1032 678 1071 iustitiam
699 1044 743 1072 ac
757 1033 937 1084 pietatem
958 1045 1030 1084 pro
1050 1045 1126 1072 una
1147 1033 1358 1084 eademque
1378 1044 1422 1072 re
1442 1031 1568 1077 habet,

173 1086 206 1124 is
215 1087 394 1137 pietatem
405 1099 488 1127 rem
498 1098 575 1126 non
585 1089 737 1133 iustam,
759 1100 852 1137 erqo
864 1088 1055 1132 iniustam,
1075 1094 1113 1128 et
1131 1089 1311 1128 iustitiam
1321 1100 1404 1128 rem
1413 1089 1570 1139 impiam

172 1141 275 1181 dicit.
306 1142 416 1189 Quod
438 1155 556 1194 quum
568 1143 779 1183 absurdum
795 1145 855 1189 sit,
879 1144 1034 1183 efficere
1059 1144 1138 1184 vult
1153 1150 1191 1182 et
1209 1156 1363 1194 cogere,
1384 1145 1568 1184 iustitiam

173 1202 210 1237 et
229 1199 411 1250 pietatem
420 1211 541 1239 unum
553 1199 730 1251 idemque
741 1211 837 1239 esse.
865 1199 989 1251 Ipsius
1000 1199 1117 1239 verba
1134 1199 1191 1239 vel
1209 1200 1291 1239 eius
1300 1200 1438 1250 potius,
1455 1211 1570 1250 quem

173 1265 284 1293 suam
305 1266 459 1294 causam
485 1261 663 1305 agentem
678 1255 778 1300 facit,
797 1260 904 1295 sunt:
934 1251 990 1293 σὺ
1006 1251 1094 1308 φῂς
1117 1251 1198 1295 οὐκ
1215 1249 1330 1294 εἶναι
1349 1250 1398 1294 τὸ
1418 1251 1571 1305 ἕτερον

172 1306 330 1362 μόριον
340 1301 435 1349 οἷον
444 1306 492 1349 τὸ
502 1308 653 1363 ἕτερον
662 1310 751 1350 τῶν
760 1310 836 1363 τῆς
855 1306 1032 1362 ἄρετῆς;
1046 1342 1054 1350 .
1071 1345 1079 1353 .
1105 1307 1200 1350 Οὐκ
1219 1307 1304 1363 ἄρα
1321 1307 1443 1350 ἐστὶν
1458 1305 1571 1349 ὁσιό-

171 1378 247 1417 της
266 1357 362 1405 οἶον
377 1363 552 1406 δίκαιον
569 1361 682 1406 εἶναι
699 1366 892 1419 πρᾶγμα,
915 1362 1019 1406 οὐδὲ
1037 1363 1297 1419 δικαιοσύνη
1315 1358 1412 1406 οἷον
1431 1361 1569 1415 ὅσιον,

173 1417 269 1460 ἀλλ’
292 1413 387 1461 οἷον
406 1417 463 1473 μή
481 1418 623 1461 ὅσιον·
645 1420 670 1473 ἡ
692 1419 739 1461 δὲ
761 1418 931 1474 ὁσιότης
951 1414 1047 1461 οἷον
1066 1418 1123 1474 μὴ
1140 1420 1328 1473 δίκαιον,
1350 1414 1451 1461 ἀλλ’
1474 1418 1572 1460 ἄδι-

172 1489 255 1516 κον
275 1473 374 1528 ἄρα,
396 1473 446 1516 τὸ
465 1475 514 1517 δὲ
535 1470 739 1522 ἀνόσιον;
771 1477 893 1517 Simili
921 1478 1142 1529 disputandi
1170 1478 1303 1524 modo,
1333 1479 1369 1517 vi
1397 1476 1570 1516 vocabuli

172 1529 465 1584 σωφροσύνης
494 1533 650 1578 abusus,
681 1545 719 1584 p.
741 1537 820 1577 332
841 1534 1067 1585 sapientiam
1096 1539 1133 1573 et
1162 1534 1456 1584 temperantiam
1477 1532 1570 1571 nihil

172 1589 246 1627 nisi
267 1589 370 1628 varia
398 1589 570 1628 eiusdem
597 1590 655 1629 rei
686 1589 841 1628 nomina
870 1600 954 1628 esse
985 1588 1141 1640 colligit.
1200 1589 1307 1628 Adde
1336 1589 1440 1639 quod
1468 1588 1569 1627 idem

172 1645 359 1684 orationis
379 1643 624 1695 ambiguitate
644 1657 722 1684 non
744 1644 863 1684 semel
884 1646 1015 1689 utitur,
1046 1650 1087 1683 ut
1108 1656 1143 1695 p.
1166 1648 1245 1688 319
1266 1645 1296 1683 Α
1323 1645 1363 1683 in
1384 1644 1467 1684 eius
1486 1655 1571 1682 ver-

171 1698 231 1739 bis
250 1698 396 1746 δοκεῖς
414 1713 488 1751 μοι
509 1732 517 1740 .
544 1731 553 1740 .
575 1695 886 1752 ὑπισχνεῖσθαι
909 1705 1053 1739 ποιεῖν
1080 1696 1245 1751 ἄνδρας
1271 1695 1469 1751 ἀγαθούς
1488 1711 1571 1738 πο-

171 1754 293 1804 λίτας
317 1755 532 1796 Heraclitea
566 1757 754 1808 quaedam
782 1756 995 1796 obscuritas
1035 1757 1153 1801 inest3
1182 1768 1271 1795 nam
1298 1751 1497 1807 ἀγαθούς
1523 1754 1570 1794 ad

171 1807 339 1865 ἄνδρας
357 1811 562 1858 referatur,
585 1824 634 1851 an
654 1811 702 1851 ad
723 1811 921 1859 πολίτας,
944 1811 1111 1852 liberum
1133 1816 1191 1851 est
1220 1811 1435 1851 arbitrium.
1475 1810 1570 1849 Pro-

171 1872 340 1918 tagoras,
362 1868 428 1919 qui
448 1868 627 1908 virtutem
647 1869 877 1914 universam,
906 1880 984 1907 non
1006 1867 1154 1907 civilem
1181 1867 1317 1912 modo,
1347 1878 1389 1907 se
1416 1867 1570 1906 tradere

170 1923 386 1975 profitetur,
408 1935 492 1964 sese
513 1923 722 1963 arbitratur
739 1924 860 1963 videri
876 1924 977 1964 cives
997 1924 1045 1963 ad
1065 1925 1243 1963 virtutem
1258 1924 1472 1968 instituere,
1492 1933 1570 1961 non

171 1979 272 2018 viros
281 1979 329 2018 ad
338 1991 402 2018 res
410 1978 583 2031 publicas
597 1978 661 2031 19);
685 1980 874 2024 Socrates,
893 1991 1124 2031 quamquam
1144 1978 1294 2018 civilem
1304 1979 1481 2018 virtutem
1491 1979 1569 2017 sive

170 2035 417 2085 prudentiam
437 2034 624 2086 intelligit,
657 2040 698 2074 ut
719 2048 765 2074 ex
785 2036 972 2087 proximis
993 2035 1119 2074 verbis
1149 2041 1328 2086 apparet,
1359 2040 1487 2074 tamen
1508 2033 1570 2072 hic

171 2090 346 2131 nondum
367 2090 459 2130 sciri
478 2090 568 2135 vult,
592 2103 637 2130 ex
659 2103 728 2131 sua
749 2092 936 2131 sententia
964 2090 1175 2142 perfectam
1204 2091 1383 2130 virtutem
1413 2102 1458 2129 ac
1478 2101 1569 2128 con-

171 2151 400 2186 summatam
421 2146 602 2198 sophistis
624 2148 781 2186 omnino
810 2159 886 2185 non
917 2146 1203 2185 concedendam
1233 2158 1329 2185 esse.
1388 2144 1568 2185 Eiusdem

171 2202 430 2254 ambiguitatis
458 2201 676 2253 exemplum
709 2202 756 2241 ad
793 2202 1167 2253 argumentationem
1197 2202 1311 2241 etiam
1339 2202 1493 2252 gravius
1522 2199 1569 2239 ad

169 2269 208 2310 p.
231 2262 311 2302 350
333 2257 364 2298 B
385 2259 610 2298 notavimus.

171 2378 251 2422 τῆς,
271 2371 291 2422 ᾗ
309 2376 347 2412 οἳ
361 2373 560 2423 ἄνθρωποι
577 2375 643 2419 τάς
659 2390 698 2414 τε
715 2377 837 2419 οἰκίας
850 2378 915 2413 καὶ
932 2375 999 2419 τὰς
1010 2374 1138 2419 πόλεις
1150 2379 1271 2419 καλῶς
1284 2376 1565 2430 &concinnunt

170 2420 259 2462 τοὺς
276 2422 408 2467 γονέας
426 2420 512 2464 τούς
530 2420 658 2459 αὐτῶν
673 2419 950 2468 θεραπεύουσι,
974 2424 1039 2457 καὶ
1057 2424 1213 2463 πολίτας
1235 2422 1299 2457 καὶ
1323 2421 1451 2465 ξένους
1473 2433 1565 2456 υπο-

172 2466 368 2510 δέξασθαί
381 2479 419 2501 τε
436 2467 500 2502 καὶ
518 2464 742 2513 ἀποπέμψαι
759 2464 976 2503 ἐπίστανται
1002 2464 1114 2510 ἀξίως
1131 2463 1271 2511 ἀνδρὸς
1286 2463 1452 2511 ἀγαθοῦ.

240 2512 295 2554 19)
319 2513 527 2555 Perspicuis
545 2515 665 2547 verbis
682 2514 759 2557 ipse
776 2513 812 2546 id
835 2514 871 2546 in
889 2514 1121 2556 sequentibus
1139 2513 1302 2546 declarat
1316 2523 1350 2555 p.
1367 2513 1433 2545 328
1451 2512 1498 2543 B:
1532 2508 1568 2544 εί

171 2551 299 2601 ὀλίγον
315 2554 392 2591 ἔστι
409 2569 464 2596 τις
477 2552 578 2597 ὅστις
602 2556 718 2601 διαφέ
744 2568 776 2592 ει
805 2553 911 2601 ἡμῶν
932 2553 1158 2601 προβιβάσαι
1182 2555 1235 2596 εἰς
1251 2551 1401 2599 ἀρετήν,
1419 2550 1564 2600 ἀγαπη-

172 2597 249 2636 τόν.
268 2593 321 2636 ὧν
338 2599 386 2655 δῂ
406 2596 476 2645 ἐγώ
493 2599 598 2646 οἶμαι
623 2600 677 2642 εἷς
695 2613 710 2636 ε
729 2613 811 2654 ναιῖ
834 2601 899 2635 καὶ
922 2597 1178 2646 διαφερόντως
1199 2595 1248 2635 ἂν
1259 2601 1337 2652 τῶν
1358 2594 1483 2634 ἄλλων
1498 2594 1564 2634 οἷν-

172 2641 336 2689 θρώπων
357 2647 498 2689 ονῆσαί
517 2658 602 2680 τινα
632 2643 745 2690 πρὸς
767 2657 815 2680 το
844 2642 986 2679 καλὸν
1014 2645 1091 2680 καὶ
1120 2641 1304 2690 ἀγαθον
1325 2643 1560 2688 γενέσθαι.

173 2692 268 2724 conf.
287 2702 322 2734 p.
339 2693 403 2724 339
420 2691 461 2725 Β.
492 2693 641 2724 Aristot.
660 2692 730 2734 pol.
747 2692 847 2744 vm„
868 2693 907 2723 14
925 2691 1026 2731 (1333
1043 2702 1076 2725 a.
1095 2690 1217 2731 Bek.):
1250 2683 1355 2723 τοῦτ’
1372 2682 1421 2723 ἄν
1437 2688 1495 2733 εἴη
1513 2688 1563 2734 τῷ

172 2733 360 2780 νομοθέτῃ
375 2734 693 2779 πραγματευτέον,
710 2730 810 2775 ὅπως
822 2734 958 2777 ανδρες
970 2730 1114 2779 ἁγαθοὶ
1130 2734 1306 2779 γίνωνται
1321 2734 1488 2777 (πολίτης
1500 2731 1564 2766 καὶ

172 2773 323 2823 ἅρχων),
351 2781 447 2812 Hine
465 2781 605 2813 Seneca
624 2792 678 2823 ep.
697 2783 758 2814 76:
775 2781 816 2812 In
830 2791 872 2812 eo
889 2780 968 2812 loeo
991 2781 1031 2820 (i.
1048 2792 1079 2813 e.
1099 2781 1135 2812 in
1152 2791 1195 2814 eo
1213 2777 1422 2820 auditorio),
1441 2780 1477 2811 in
1494 2789 1563 2820 quo

171 2826 227 2858 vir
246 2826 358 2858 bonus
374 2825 535 2865 discitur,
551 2826 760 2868 paucissimi
776 2826 913 2859 sedent.
