1702 2924
454 213 698 254 GORGIAS.
726 214 770 252 P.
802 216 896 251 484.
927 213 987 252 ed.
1019 213 1075 252 St.
1361 215 1441 250 203

92 324 324 378 πριάμενος
352 326 450 366 οὔτε
477 323 629 372 δόντος
654 328 734 364 τοῦ
749 321 981 377 Γηρυόνου
1007 321 1193 375 ἠλάσατο
1220 321 1296 371 τὰς
1324 323 1441 375 βοῦς,

93 389 150 439 ὡς
175 389 335 431 τούτου
363 391 488 439 ὄντος
513 395 592 431 τοῦ
618 388 789 430 δικαίου
811 387 952 442 φύσει,
981 387 1051 429 καὶ
1081 388 1187 441 βοῦς
1213 385 1285 429 καὶ
1310 379 1444 428 τᾶλλα
1489 379 1526 423 C

91 455 281 509 κτήματα
318 451 429 497 εἶναι
465 454 606 497 πάντα
642 459 721 495 τοῦ
759 452 976 507 βελτίονός
1011 467 1054 494 τε
1093 451 1165 495 καὶ
1201 452 1443 505 κρείττονος

91 521 143 564 τὰ
179 525 267 564 τῶν
300 523 505 577 χειρόνων
539 536 582 564 τε
622 521 693 564 καὶ
729 521 934 575 ἡττόνων.
996 518 1101 578 Cap.
1131 519 1230 563 XL.
1288 519 1337 562 τὸ
1365 519 1443 574 μὲν

91 583 173 629 οὖν
225 587 382 642 α’ληθὲς
436 586 573 637 οὕτως
629 584 734 642 ἔχει,
799 587 955 641 γνώσει
1012 587 1081 636 δέ,
1148 586 1204 628 ἃν
1267 584 1335 628 ἐπὶ
1390 584 1442 626 τὰ

90 652 214 707 μείζω
252 651 383 707 ἔλθῃς
425 651 551 701 ἐάσας
599 653 679 706 ἤδη
724 652 1002 707 φιλοσοφίαν.
1067 651 1305 705 φιλοσοφία
1356 651 1442 705 »γάρ

90 718 157 761 τοί
184 716 319 769 ἐστιν,
363 713 397 759 ὦ
424 718 673 772 Σώκρατες,
710 718 878 773 χαρίεν,
917 720 974 760 ἄν
1001 733 1064 767 τις
1092 718 1227 760 αὐτοῦ
1263 716 1443 771 μετρίως

91 783 252 838 ἅψηται
299 782 345 825 ἐν
391 790 443 839 τῇ
488 784 653 839 ἡλικίᾳ·
708 782 783 826 ἐὰν
803 817 811 823 .
833 782 879 826 δὲ
918 780 1151 837 περαιτέρω
1199 787 1279 825 τοῦ
1326 781 1443 824 δέον-

91 863 163 898 τος
203 848 449 904 ἐνδιατρίψῃ
465 881 475 898 ,
531 848 753 904 διαφθορὰ
800 851 887 891 τῶν
929 849 1188 901 ἀνθρώπων.
1244 847 1321 890 ἐὰν
1360 847 1443 902 γὰρ

92 1044 157 1081 tur,
181 1043 220 1073 ut
242 1038 315 1084 ἄγει
339 1039 482 1074 δικαιῶν
504 1040 684 1074 scribatur.
743 1041 789 1074 Et
810 1039 915 1074 habet
937 1041 1016 1074 Par.
1040 1041 1082 1075 V.
1107 1041 1144 1073 in
1166 1050 1276 1084 marg.
1300 1039 1445 1073 δικαιῶν

95 1084 129 1118 τὸ
162 1084 369 1128 βιαιότατον.
416 1087 508 1119 Hinc
541 1087 756 1129 reposuimus
787 1086 878 1129 quod
907 1087 1010 1119 unice
1042 1097 1162 1119 verum
1184 1085 1329 1118 videtur.
1376 1087 1444 1118 Pro

92 1129 283 1173 Ἡρακλέος,
308 1131 400 1174 quod
423 1132 563 1174 plurimi
586 1131 684 1165 codd.
710 1131 857 1173 habent,
886 1135 970 1164 vett.
995 1131 1089 1166 editt.
1114 1129 1329 1173 Ἡρακλέους.
1377 1132 1443 1163 Pro

92 1177 184 1220 vulg.
208 1179 301 1219 χειρί
313 1178 396 1210 Ῥειτ.
421 1178 462 1209 V.
485 1180 571 1220 χερί.
618 1177 685 1210 Sed
708 1188 740 1212 v.
766 1177 916 1210 Boeckh.
948 1177 991 1210 ad
1015 1177 1115 1209 Pind.
1149 1178 1190 1210 Τ.
1215 1176 1278 1209 III.
1310 1188 1342 1220 p.
1366 1176 1443 1210 642.

94 1222 219 1266 Bergk.
244 1223 340 1255 Poet.
361 1222 427 1265 lyr.
451 1233 485 1266 p.
506 1221 584 1256 263.

94 1401 176 1444 quid
200 1401 375 1443 exciderit,
401 1402 530 1446 ambigi
548 1403 649 1435 etiam
665 1413 734 1434 ma-

93 1449 147 1490 gis
179 1448 315 1490 poterit.
373 1448 413 1480 In
444 1447 540 1480 codd.
565 1449 656 1480 enim
689 1458 734 1480 ne

93 1493 307 1526 levissimum
337 1493 475 1535 quidem
505 1497 646 1536 apparet
677 1493 734 1526 de-

95 1538 218 1581 perditi
253 1538 401 1571 alicuius
438 1539 600 1571 vocabuli
631 1539 734 1571 vesti-

93 1584 207 1627 gium,
247 1595 357 1626 neque
390 1583 733 1627 Olympiodorus

93 1629 280 1671 quidquam
294 1629 457 1662 habuisse
473 1629 619 1670 videtur,
643 1629 734 1672 quod

93 1675 130 1706 in
153 1675 279 1707 nostris
296 1675 396 1707 libris
410 1686 479 1708 non
495 1679 733 1708 conservatum

94 1720 148 1752 sit.
195 1721 287 1752 Fieri
309 1724 421 1752 tamen
448 1724 569 1762 potest,
593 1725 632 1752 ut
655 1719 733 1753 Cal-

93 1765 192 1796 licles
223 1765 364 1798 Pindari
401 1776 520 1798 versus
552 1777 622 1799 non
657 1767 730 1798 sine

94 1810 283 1843 mutatione
306 1811 449 1843 afferens
472 1815 550 1853 post
572 1813 664 1854 φησί
677 1812 726 1844 in-

94 1856 298 1897 terposuerit
330 1854 434 1896 φύσει
443 1880 452 1893 ‚
483 1856 574 1898 quod
597 1860 734 1899 propter

96 1901 284 1933 litterarum
329 1900 588 1934 similitudinem
629 1902 733 1934 facile

93 1946 207 1988 potuit
229 1945 273 1978 ab
297 1946 449 1978 librariis
478 1947 619 1990 negligi.
666 1946 734 1979 Sed

94 1995 171 2023 utut
201 1995 270 2032 est,
298 1991 394 2033 ,illud
431 1991 568 2034 quidem
603 1996 733 2024 eertum

48 2054 59 2059 -
95 2035 310 2076 arbitramur,
330 2036 509 2069 Calliclem
526 2037 641 2069 locum
654 2037 734 2070 Pin-

95 2081 248 2114 daricum
268 2082 305 2113 in
327 2092 398 2114 rem
422 2093 520 2115 suam
544 2092 733 2115 accommo-

95 2127 233 2159 dantem
263 2126 373 2170 legem
405 2131 550 2160 naturae
584 2128 733 2171 intelligi

95 2171 185 2204 velle
215 2175 318 2214 atque
340 2174 555 2215 potissimum
579 2178 734 2206 extrema

95 2217 179 2249 haec
204 2215 278 2249 ἐπεὶ
303 2215 469 2259 ἀπριάτας
492 2229 614 2261 urgere
631 2222 732 2261 atque

95 2262 296 2305 diligentius
330 2263 367 2295 in
397 2273 496 2295 suam
527 2265 732 2296 sententiam

95 2308 322 2349 interpretari.
377 2307 522 2341 Sensum
550 2309 733 2342 verborum

95 2353 123 2384 B
137 2363 156 2385 ο
169 2363 187 2385 e
201 2364 219 2385 c
231 2353 254 2385 k
267 2353 290 2384 h
303 2353 315 2384 i
327 2363 351 2384 u
364 2363 380 2384 s
432 2354 481 2385 ita
525 2355 732 2397 explicavit:

98 2398 292 2437 „Fatalis
346 2398 420 2430 lex
475 2399 602 2431 etiam
648 2401 732 2432 vim

96 2443 320 2475 maximam
370 2443 504 2475 affert
555 2455 732 2487 eamque

96 2488 255 2520 iustam
292 2488 464 2529 efficit,
502 2499 628 2531 quum
660 2491 727 2522 hu-

97 2543 219 2565 mana
249 2544 294 2566 ra
305 2534 361 2566 tio
374 2544 424 2566 ne
465 2534 524 2566 sit
554 2535 731 2576 iniusta,

96 2578 202 2620 quia
229 2578 338 2620 quod
376 2589 536 2611 summa
565 2579 635 2613 lex
665 2581 733 2612 im-

95 2625 270 2665 peravit
281 2648 290 2664 ,
321 2625 406 2656 etsi
430 2624 548 2657 inius
559 2629 643 2657 tum
667 2636 733 2659 no-

95 2667 162 2700 bis
191 2678 288 2701 esse
318 2669 538 2710 videatur,
570 2670 733 2704 iustum

97 2713 158 2745 sit
197 2723 380 2747 necesse
423 2714 519 2749 est.’¹
570 2716 624 2747 De
668 2717 734 2750 Ge-

96 2758 215 2802 ryonis
230 2757 379 2793 bovibus
403 2759 448 2793 ab
461 2760 613 2794 Hercule
627 2762 733 2805 raptis

803 1412 835 1435 v.
866 1401 1043 1435 Hesiod.
1077 1402 1208 1445 Theog.
1243 1412 1276 1434 v.
1300 1400 1378 1436 289.
1411 1406 1445 1435 et

803 1446 879 1481 982.
904 1447 1062 1491 virgil.
1097 1413 1199 1480 Aen.g
1208 1448 1285 1480 VII.
1309 1458 1341 1480 v,
1366 1446 1442 1482 662.

803 1497 837 1526 et
867 1493 960 1526 VIlI.
998 1504 1031 1526 v.
1062 1491 1140 1528 201.
1171 1512 1216 1518 —-
1246 1494 1330 1526 Post
1367 1492 1443 1526 ἐπεὶ

803 1536 971 1580 ἀπριάτας
1002 1538 1093 1582 finge
1118 1538 1301 1571 Calliclem
1334 1539 1446 1572 haesi-

802 1588 894 1616 tasse
918 1594 984 1616 nec
1015 1585 1131 1617 statim
1161 1585 1198 1616 in
1222 1588 1371 1617 mentem
1393 1595 1445 1617 re-

803 1639 926 1662 vocare
938 1630 1092 1672 potuisse
1116 1640 1168 1670 ea,
1192 1641 1282 1672 quae
1298 1631 1444 1663 recitare

803 1673 1060 1708 vellet—0232«
1083 1674 1334 1714 ἐπίσταμαι,
1360 1686 1443 1708 non

803 1725 933 1753 teneo
956 1721 1183 1761 memoria,
1206 1724 1246 1753 ut
1268 1720 1444 1754 Phaedon.

802 1777 835 1808 p.
858 1765 913 1799 61.
936 1766 985 1798 Β;
1017 1764 1078 1800 οὓς
1112 1768 1322 1821 προχείρους
1350 1761 1446 1808 εἶχον

803 1811 858 1843 καὶ
883 1808 1079 1854 ἠπιστάμην
1102 1809 1240 1850 μύθους
1265 1809 1345 1846 τούς
1378 1811 1442 1844 Αἰ-

805 1867 938 1888 σωπου.
984 1858 1121 1911 Protag.
1151 1854 1229 1889 339.
1262 1857 1308 1889 B:
1346 1860 1444 1890 τοῦτο

804 1901 982 1934 ἐπίστασαι
1007 1901 1042 1933 τὸ
1068 1896 1178 1955 ᾆσμα,-

848 1944 901 1981 αἳς
928 1945 1083 1979 τούτου
1115 1944 1246 1981 ὄντος
1278 1951 1352 1980 τοῦ
1386 1947 1442 1980 δι-

804 1991 949 2035 καιου]
982 1991 1209 2024 Referendum
1241 1996 1294 2025 est
1318 1991 1443 2026 τούτου

803 2037 845 2069 ad
869 2038 1026 2079 proxima
1054 2039 1161 2070 verba
1191 2038 1247 2070 καὶ
1273 2038 1360 2080 βοῦς
1386 2039 1442 2071 καὶ

805 2077 901 2115 τᾶλλα
925 2081 1072 2126 κτήματα
1094 2094 1151 2115 etz
1153 2095 1188 2115 αι
1210 2095 1239 2116 κ.
1265 2096 1289 2115 τ.
1314 2085 1340 2116 λ.
1376 2085 1443 2117 His

803 2129 895 2160 enim
916 2128 1058 2161 uberius
1080 2128 1286 2171 explicatur.

870 2173 955 2216 Cap.
995 2174 1068 2206 XL.
1108 2174 1147 2207 C.
1196 2176 1445 2215 φιλοσοφία

802 2217 881 2262 γάρ
922 2221 989 2251 τοί
1029 2218 1152 2252 ἐστιν
1189 2238 1235 2244 -—
1270 2219 1442 2264 χαρίεν]

802 2265 991 2307 Exspectes
1029 2267 1151 2306 χαρίεν
1189 2277 1227 2296 τι.
1274 2266 1342 2298 Sed
1372 2276 1442 2298 non

803 2320 898 2352 opus.
923 2320 956 2344 v,
991 2310 1035 2342 ad
1059 2310 1216 2352 Sympos.
1246 2321 1278 2353 p.
1302 2309 1347 2343 27
1370 2321 1443 2354 seq.

802 2355 980 2387 Lucian.
1014 2355 1106 2387 Dial.
1137 2356 1240 2388 Mort.
1263 2356 1385 2396 XXII,
1409 2355 1442 2389 5.

802 2401 887 2433 Mox
925 2397 1035 2443 ἡλικία
1073 2401 1114 2432 de
1149 2404 1261 2433 aetate
1297 2402 1443 2434 iuvenili

802 2445 989 2502 intelligas,
1015 2450 1053 2477 ut
1076 2446 1112 2478 in
1136 2446 1283 2478 formula
1296 2446 1349 2481 εἰς
1372 2444 1442 2490 ἡλι-

802 2492 883 2523 κίαν
913 2490 1024 2534 ἥκειι,
1066 2491 1107 2524 de
1144 2501 1212 2533 qua
1248 2502 1281 2524 V.
1315 2493 1443 2525 Hein-

803 2536 908 2568 dorf.
935 2536 979 2568 ad
1003 2536 1177 2568 Charmid.
1203 2537 1232 2576 §-
1257 2535 1289 2570 3.
1321 2538 1442 2579 Itaque

804 2578 925 2623 πόρ’ρω
969 2584 1025 2623 τῆς
1066 2579 1195 2625 ἡλικίας
1232 2586 1285 2614 est
1321 2583 1443 2615 ultra

802 2627 1091 2661 iuventutem.
1123 2628 1164 2660 P.
1190 2625 1268 2661 485.
1299 2628 1348 2660 A.
1383 2629 1440 2660 καὶ

802 2669 866 2704 οὐκ
886 2669 1034 2714 αἰσχρὸν
1056 2674 1223 2716 μειρακίῳ
1248 2670 1321 2705 ὄντι
1346 2674 1441 2714 φιλο-

805 2721 942 2756 σοφεῖν.
972 2718 1026 2749 De
1049 2719 1220 2750 sententia
1243 2728 1276 2750 v.
1300 2718 1353 2751 De
1376 2718 1442 2755 Re,-

800 2762 894 2806 publ.
918 2763 976 2795 VI.
1001 2774 1034 2807 p.
1058 2761 1136 2797 487.
1160 2764 1204 2797 D.
