1682 2944
253 178 304 213 44
720 175 1107 216 PROLEGOMENA

251 285 469 324 hominibus
507 286 622 334 vulgo
667 286 815 325 dicatur
858 287 1049 326 iniuste
1087 301 1234 337 agere
1271 285 1455 338 (ἀδαεῖν).
1531 292 1575 329 Id

251 353 343 379 vero
370 341 426 380 ita
453 354 534 379 esse
571 342 694 391 ipsam
729 342 925 380 hominum
951 343 1071 382 vitam
1108 344 1260 390 testari,
1299 345 1576 396 philosophiam

251 400 392 434 temere
419 410 569 445 negare,
597 397 737 448 quippe
765 411 862 449 quae
890 410 913 436 a
940 398 1043 437 vitae
1071 412 1144 438 usu
1172 399 1315 447 aliena,
1345 401 1437 439 dum
1462 402 1577 439 meris

251 451 411 500 argutiis
439 452 636 501 indulgeat
661 457 701 491 et
727 454 899 502 garrulas
918 458 1006 502 agat
1024 467 1155 504 nugas,
1182 455 1304 505 ipsam
1323 469 1450 494 rerum
1477 457 1575 495 veri-

250 511 369 545 tatem
406 507 518 557 plane
555 512 750 557 pervertat
787 509 838 558 (p.
868 512 959 547 481.
989 509 1029 548 C.
1058 531 1113 538 -
1141 513 1232 548 486.
1263 510 1343 558 E.),
1383 515 1428 550 ut
1465 511 1576 560 longe

250 562 517 612 praestabilius
545 563 594 602 sit
621 563 696 602 ista
722 564 982 614 philosophiae
1009 565 1137 603 studia
1163 566 1278 603 missa
1305 567 1428 605 facere
1459 572 1575 618 atque

250 618 358 668 sequi
396 618 562 656 meliora.
638 618 744 660 Quae
782 620 954 659 Socrates
991 620 1192 670 tripliciter
1228 623 1410 660 confutat.
1476 623 1575 660 Nam

251 673 415 722 primum
450 674 603 725 quidem
640 675 823 721 ostendit,
860 675 1114 722 meliores,
1152 689 1248 727 quos
1274 677 1366 725 dicit
1391 677 1575 724 Callicles,

250 728 282 766 si
300 728 565 778 intelligantur
592 731 909 779 potentiores
938 734 984 769 et
1012 731 1311 778 validiores,
1341 745 1574 784 consequens

249 797 342 831 esse,
372 788 416 823 ut
443 785 582 833 leges
610 786 742 837 utique
771 787 978 824 secundum
996 791 1174 825 naturam
1192 787 1269 825 sint
1296 787 1406 835 latae,
1435 788 1574 839 quippe

248 852 346 891 quae
374 853 450 878 non
478 841 545 878 uni
565 844 632 879 aut
649 841 809 890 singulis
829 842 1049 888 debeantur,
1078 843 1144 880 sed
1169 842 1352 891 plurimis,
1380 843 1447 894 qui
1474 848 1575 882 certe

248 895 326 933 sint
362 895 522 944 singulis
558 896 621 935 vel
658 909 734 934 uno
781 897 993 935 validiores.
1059 899 1142 935 Iam
1178 911 1268 936 vero
1312 899 1452 937 multos
1489 898 1574 937 illos

249 954 364 1002 atque
390 951 571 1001 plurimos
600 952 654 990 ait
681 953 737 991 ita
763 953 924 999 sentire,
963 956 1007 991 ut
1041 956 1153 1003 turpe
1191 959 1370 993 censeant
1406 967 1489 992 esse
1517 955 1574 992 in·

247 1005 347 1044 iuste
376 1019 487 1055 agere
516 1011 555 1045 et
582 1007 667 1045 aliis
695 1008 780 1057 plus
808 1008 879 1046 sibi
908 1008 1111 1056 vindicare,
1140 1010 1308 1060 adeoque
1336 1010 1431 1047 nihil
1459 1023 1505 1048 ea
1532 1023 1574 1048 re

247 1061 487 1100 inhonestius
524 1075 607 1100 esse
644 1063 887 1102 arbitrentur.
952 1064 1013 1101 Ex
1051 1077 1126 1116 quo
1154 1065 1332 1116 consequi
1367 1066 1574 1103 arbitratur

247 1131 324 1155 non
351 1118 461 1156 modo
497 1119 703 1156 secundum
741 1119 882 1167 legem,
921 1120 987 1157 sed
1015 1120 1130 1158 etiam
1157 1121 1364 1158 secundum
1398 1125 1574 1159 naturam

247 1186 328 1211 rem
355 1173 410 1211 ita
437 1187 477 1212 se
506 1174 666 1220 habere,
696 1178 741 1212 ut
768 1174 847 1212 suis
875 1175 1078 1213 commodis
1106 1175 1216 1219 unice
1244 1177 1395 1214 studere
1423 1181 1463 1215 et
1490 1176 1574 1214 aliis

247 1229 333 1279 plus
360 1230 501 1267 habere
538 1229 637 1268 velle
674 1233 786 1279 turpe
824 1230 1119 1268 existimandum
1147 1231 1198 1269 sit
1244 1231 1294 1280 (p.
1323 1235 1415 1269 486.
1444 1232 1489 1269 Ε.
1517 1253 1572 1259 -

248 1288 340 1322 489.
369 1283 439 1332 Β.).
469 1284 554 1325 Qua
573 1285 727 1336 quidem
745 1285 1072 1334 argumentatione
1093 1289 1265 1335 apertum
1283 1290 1342 1325 est
1360 1286 1573 1324 naturalem

247 1339 342 1389 legis
369 1340 522 1378 moralis
549 1340 732 1388 originem
769 1341 825 1379 ita
857 1341 1125 1388 demonstrari,
1164 1346 1208 1380 ut
1235 1342 1460 1391 cupiditates
1498 1342 1575 1380 sin-

247 1395 423 1444 gulorum
450 1395 710 1434 communibus
738 1396 906 1434 omnium
942 1396 1091 1434 iudiciis
1128 1409 1172 1435 ae
1198 1397 1394 1435 desideriis
1422 1397 1574 1435 omnino

246 1452 527 1501 posthabendas
564 1464 646 1489 esse
673 1452 841 1499 graviter
869 1452 1147 1490 admoneamur.
1213 1453 1298 1491 Hac
1334 1465 1424 1491 vero
1463 1466 1573 1501 argu-

247 1507 480 1546 mentatione
519 1507 692 1545 absoluta
729 1507 789 1545 vir
825 1507 975 1557 sapiens
999 1507 1174 1545 Calliclis
1209 1508 1423 1558 opinionem
1459 1508 1574 1547 etiam

248 1562 325 1600 alia
352 1575 401 1601 ex
429 1566 537 1612 parte
565 1563 787 1612 impugnare
814 1563 992 1602 instituit.
1046 1563 1145 1601 Nam
1172 1563 1204 1601 si
1232 1563 1407 1601 meliores
1434 1563 1574 1602 intelli·

248 1618 362 1667 gendi
399 1618 478 1656 sint
512 1618 775 1667 prudentiores
812 1623 851 1657 et
887 1618 1104 1668 peritiores,
1142 1619 1253 1657 sicuti
1290 1619 1366 1656 iam
1403 1619 1576 1657 Callicles

248 1674 297 1711 ad
331 1673 467 1712 incitas
504 1674 678 1712 redactus
716 1674 869 1720 stat-uit,
907 1674 1180 1712 consectarium
1217 1687 1298 1712 esse
1335 1675 1459 1722 docet,
1498 1674 1575 1712 illis

248 1729 334 1779 plus
380 1742 462 1768 esse
509 1729 752 1768 tribuendum
789 1742 903 1780 quam
950 1730 1106 1776 ceteris,
1162 1730 1263 1780 quod
1307 1734 1435 1768 tamen
1471 1730 1574 1768 vitae

248 1784 337 1823 usui
362 1789 402 1824 et
428 1797 556 1823 rerum
584 1785 841 1835 experientiae
869 1790 1072 1835 repugnet,
1109 1790 1152 1823 ut
1180 1785 1345 1823 absurda
1371 1785 1459 1823 inde
1488 1798 1575 1823 con-

248 1840 357 1892 sequi
393 1840 638 1878 manifestum
675 1841 726 1879 sit
763 1840 813 1890 (p.
851 1844 942 1879 489.
981 1842 1020 1879 C.
1049 1862 1106 1868 -—
1141 1844 1232 1879 490.
1271 1839 1344 1888 E..)
1399 1841 1575 1892 Denique

249 1895 414 1934 Calliclis
441 1896 633 1934 sententia
660 1896 775 1934 etiam
811 1896 882 1933 hac
909 1897 1056 1934 ratione
1083 1896 1338 1946 impugnatur.
1396 1895 1435 1934 Si
1474 1896 1575 1934 enim

248 1952 433 1998 meliores,
461 1951 500 1989 id
529 1952 630 2002 quod
656 1956 699 1990 ut
727 1951 884 1990 tertium
908 1952 1016 2001 ponit
1033 1951 1217 1999 Callicles,
1245 1951 1273 1989 ii
1299 1952 1574 2000 intelligantur,

249 2007 314 2059 qui
341 2020 468 2045 rerum
496 2006 664 2045 civilium
693 2008 770 2045 sint
797 2007 994 2057 peritiores
1020 2007 1210 2058 iidemque
1235 2007 1353 2046 fortes
1381 2011 1420 2045 et
1447 2006 1575 2055 gnavi,

248 2066 294 2101 ut
321 2062 405 2100 aliis
432 2062 617 2112 imperare
652 2066 814 2114 queant,
853 2067 953 2101 certe
991 2063 1038 2100 ab
1075 2062 1207 2100 iisdem
1245 2062 1361 2100 etiam
1398 2062 1481 2100 iure
1508 2075 1575 2100 ex-

248 2118 408 2168 spectari
437 2123 567 2168 posse,
605 2122 650 2156 ut
677 2118 747 2156 sibi
775 2117 868 2167 ipsis
896 2118 1083 2168 imperent
1117 2117 1277 2169 ideoque
1305 2117 1576 2167 cupiditatibus

249 2173 329 2212 suis
367 2173 610 2212 moderentur
636 2173 688 2223 (p.
718 2177 809 2211 491.
839 2172 913 2222 A.)
969 2173 1029 2212 Ibi
1067 2186 1158 2212 vero
1185 2173 1356 2211 Callicles
1381 2173 1578 2211 iracundia

249 2234 289 2268 et
323 2229 585 2278 indignatione
623 2229 899 2267 excandescens
936 2229 1114 2267 continuo
1158 2229 1205 2266 ad
1243 2229 1407 2267 alterum
1452 2233 1575 2267 trans·

247 2285 420 2334 greditur
444 2284 598 2324 vivendi
628 2285 841 2336 agendique
868 2284 1110 2335 principium,
1140 2297 1225 2322 cum
1253 2284 1446 2334 superiore
1474 2288 1575 2323 arcte

249 2341 402 2392 quidem
440 2341 702 2387 coniunctum,
749 2341 815 2378 sed
860 2340 1015 2390 propius
1053 2343 1181 2378 tamen
1228 2340 1276 2377 ad
1314 2340 1435 2390 ipsius
1470 2339 1573 2378 vitae

249 2396 438 2435 actionem
465 2401 740 2446 comparatum,
779 2400 823 2434 ut
858 2395 935 2434 iam
971 2396 1017 2434 ad
1046 2395 1307 2447 quaestionem
1334 2395 1576 2434 traducamur

248 2452 528 2501 gravissimam,
567 2464 616 2490 ex
645 2464 722 2503 qua
749 2464 826 2489 una
852 2451 1017 2490 maxime
1045 2451 1148 2490 vitae
1175 2452 1272 2489 bene
1299 2452 1484 2501 beateque
1512 2451 1576 2488 de-

249 2508 395 2557 gendae
431 2507 530 2546 ratio
565 2507 686 2545 omnis
723 2507 978 2557 suspenditur.
1040 2506 1194 2544 Etenim
1229 2505 1500 2557 temperantiae
1538 2510 1577 2543 et

249 2563 517 2603 moderationis
545 2562 897 2601 commemoratione
933 2576 956 2600 a
984 2563 1137 2600 Socrate
1173 2562 1275 2601 facta
1300 2561 1472 2600 Callicles
1499 2561 1575 2598 iam

250 2619 476 2658 contendere
522 2632 598 2656 non
646 2619 925 2657 verecundatur
969 2618 1197 2664 lubidinem,
1234 2616 1575 2667 intemperantiam,

249 2675 472 2716 indomitam
499 2674 651 2728 quidvis
678 2674 814 2724 agendi
850 2674 1061 2722 licentiam,
1099 2678 1223 2713 tutam
1248 2672 1353 2711 illam
1390 2674 1431 2711 et
1456 2684 1578 2722 poena
