1696 2976
175 120 230 163 68
720 123 1016 159 PLATONIS

176 234 303 289 αὐτὸς
333 245 497 294 νεῖμαι·
546 238 789 293 Νείμαντος
821 233 864 281 δ’
901 237 1028 294 ἐμοῦ,
1060 238 1168 293 ἔφη,
1200 235 1439 288 ἐπίσκεψαι.
1485 235 1558 279 καὶ

120 317 151 349 Ε
175 300 288 348 οὕτω
311 307 464 355 πείσας
486 303 625 359 νέμει.
660 303 806 360 νέμων
829 302 877 348 δὲ
898 314 988 356 τοῖς
1019 302 1100 360 μὲν
1125 299 1253 359 ἰσχὺν
1275 298 1383 346 ἄνευ
1404 298 1559 358 τάχους

175 372 409 428 προσῆπτε,
428 367 479 414 τὰ
504 366 543 413 δ’
572 366 867 427 ἀσθενέστερα
889 367 1006 428 τάχει
1033 366 1217 426 ἐκόσμει·
1243 366 1295 412 τὰ
1318 367 1367 412 δὲ
1391 364 1559 423 ὥπλιζε,

174 447 263 489 τοῖς
288 437 327 480 δ’
356 434 520 480 ἄοπλον
545 434 694 488 διδοὺς
716 434 852 493 φύσιν
881 434 1019 494 ἄλλην
1040 433 1122 480 τιν’
1151 433 1298 487 αὐτοῖς
1322 435 1561 492 ἐμηχανᾶτο

176 502 364 560 δύναμιν
387 507 449 555 εἰς
473 507 702 560 σωτηρίαν.
735 499 763 546 ἃ
785 503 867 560 μὲν
888 501 971 561 γὰρ
996 501 1141 547 αὐτῶν
1164 499 1413 580 σμικρότητι
1429 498 1562 558 ἤμπι-

175 585 265 627 σχε,
290 568 455 627 πτηνὸν
477 568 625 627 φυγὴν
649 566 675 626 ἢ
700 587 927 627 καταγειον
949 577 1119 627 οἴκησιν
1142 573 1317 626 ἔνεμεν
1342 565 1370 612 ἃ
1394 567 1441 612 δε
1459 559 1561 624 ηὖξε

99 652 160 683 321
175 638 376 695 μεγέθει,
400 638 511 696 τῷδε
536 634 652 696 αὐτῷ
677 634 786 681 αὐτὰ
811 641 959 691 ἔσωζε
1002 638 1074 681 καὶ
1098 628 1230 680 τᾶλλα
1253 633 1388 688 οὕτως
1412 636 1562 679 ἐπανι-

177 705 267 748 σῶν
291 708 427 761 ἔνεμε.
475 705 609 748 ταῦτα
641 703 688 747 δὲ
721 705 960 761 ἐμηχανᾶτο
997 702 1228 760 εὐλάβειαν
1260 707 1392 759 ἒχων,
1432 699 1491 759 μή
1520 719 1560 745 τι

175 772 300 827 γένος
324 767 572 827 ἆϊστωθείη.
601 768 750 827 ἐπειδὴ
774 770 821 824 6}
846 768 992 823 αὐτοῖς
1015 768 1379 828 ἀλληλοφθοριῶν
1402 771 1562 825 διαφυ-

175 835 254 894 γάς
279 835 514 894 ἐπήρκεσε,
546 835 652 895 πρὸς
683 835 757 889 τὰς
790 839 837 882 ἐκ
861 836 967 890 Διὸς
993 834 1106 895 ὥρας
1139 834 1373 894 εὐμάρειαν
1405 837 1563 892 ἐμηχα-

175 906 279 949 νᾶτο
303 902 544 961 ἀμφιεννύς
569 901 677 948 αὐτὰ
708 915 894 956 πυκναῖς
925 922 971 949 τε
994 905 1113 962 θριξὶ
1145 904 1217 948 καὶ
1242 912 1430 959 στερεοῖς
1462 902 1562 959 δέρ-

173 984 321 1028 μασιν,
355 973 519 1023 [κανοῖς
543 970 624 1027 μὲν
640 968 802 1028 ἀμῦναι
825 973 1029 1028 χειμῶνα,
1062 974 1264 1022 δυνατοῖς
1289 969 1337 1013 δὲ
1360 970 1432 1013 καὶ
1455 965 1563 1012 καύ-

173 1056 306 1094 ματα,
338 1038 411 1081 καὶ
435 1041 496 1089 εἰς
521 1033 651 1089 εὐνὰς
684 1039 827 1082 ἰοῦσιν
850 1035 969 1090 ὅπως
1003 1035 1188 1095 ὑπάρχοι
1211 1034 1263 1081 τὰ
1287 1034 1396 1080 αὐτὰ
1427 1037 1562 1079 ταῦτα

118 1117 147 1149 Β
173 1102 376 1163 στρωμνὴ
399 1108 537 1149 οἰκεία
560 1122 606 1149 τε
636 1105 709 1148 καὶ
740 1102 962 1162 αὐτοφυὴς
980 1102 1169 1165 ἑκάστῳ,
1216 1103 1288 1148 καὶ
1310 1100 1490 1147 ὑποδῶν
1510 1099 1563 1146 τὰ

262 1249 379 1289 οὕτω
395 1253 574 1308 πείσας]
594 1255 695 1289 Bodl.
714 1255 865 1289 Vindob.
883 1255 976 1288 Flor.
995 1267 1027 1290 a.
1045 1257 1080 1288 b.
1108 1266 1136 1290 e.
1155 1248 1273 1293 οὕτως
1288 1265 1326 1288 π.

262 1302 304 1333 Ε.
329 1295 379 1334 τὰ
394 1294 433 1333 δ’
451 1294 763 1343 ασθενέστερα
780 1318 824 1324 ——
839 1311 890 1333 τα
910 1297 956 1333 δὲ
974 1294 1156 1343 ωπλιζε]
1177 1299 1237 1332 Sic
1251 1299 1430 1333 unuscod.
1446 1299 1561 1331 Paris.

175 1356 197 1378 a
212 1345 429 1378 Ruhnkenio
458 1345 625 1385 collatus,
640 1346 740 1377 cuius
757 1346 879 1378 varias
904 1345 1083 1377 lectiones
1108 1344 1222 1377 edidit
1245 1344 1439 1377 Heusdins
1462 1344 1557 1377 Vett.

173 1390 274 1422 editt.
300 1399 378 1421 cum
402 1390 552 1431 reliquis
575 1389 693 1422 libris:
727 1384 815 1428 τοὺς
838 1383 878 1422 δ’
903 1384 1198 1431 ἀσθενεστέρους
1221 1407 1263 1411 -
1286 1383 1372 1427 τούς
1396 1384 1438 1421 δὲ
1455 1381 1560 1430 ωπλ.,

173 1435 352 1476 quodiam
370 1433 565 1466 Cornarius
581 1434 768 1467 verissime
786 1433 999 1467 emendavit.

261 1479 300 1512 P.
318 1480 392 1512 321.
420 1477 549 1529 τῷδε
566 1472 700 1523 αὐτῷ]
736 1478 797 1510 Sic
825 1478 902 1511 cod
930 1478 1093 1510 Ambros.
1110 1488 1174 1520 pro
1196 1477 1293 1519 vulg.
1312 1476 1361 1521 τῷ
1387 1474 1428 1510 δὲ
1445 1471 1560 1522 αυτῷ.

172 1523 313 1556 Deinde
332 1512 537 1575 εὖμαρέιᾳν
552 1522 651 1557 codd.
662 1513 831 1564 plerique
849 1533 912 1564 pro
930 1523 1026 1576 vulg.
1045 1517 1241 1565 ευμαρίαν.

259 1577 376 1606 οπως
413 1562 624 1609 ὑπάρχοι]
666 1567 763 1601 Vett.
782 1567 884 1602 editt.
920 1577 1068 1610 υπαρχῃ
1083 1566 1178 1608 quod
1197 1577 1239 1599 ex
1268 1565 1431 1607 plurimis
1459 1564 1560 1599 codd.

170 1611 397 1645 emendatum
413 1614 480 1647 est

215 1744 258 1776 E.
303 1738 573 1787 σμικρότητι
620 1737 829 1796 ἤμπισχε]

172 1789 306 1822 Eodem
329 1788 432 1821 modo
457 1799 490 1830 p.
514 1790 576 1821 321
602 1788 649 1820 A:
674 1783 835 1831 ἀμφιεν-

172 1829 239 1872 νὺς
263 1827 361 1866 αὐτα
384 1851 428 1856 —-
449 1835 610 1884 στερεοῖς
638 1830 832 1875 δέρμασιν.

171 1871 583 1920 -πτηνόνφυγήν,
602 1877 834 1910 volatilem

172 1923 342 1970 fugam,
395 1923 537 1964 poetice
584 1922 717 1953 dictum
770 1932 833 1964 pro

172 1964 288 2007 alas,
312 1966 471 2008 quibus
502 1966 709 2009 effugere
734 1977 834 2009 pos-

171 2014 283 2043 sent.
309 2010 424 2045 StaIIb.

215 2055 255 2087 P.
274 2056 350 2087 321.
369 2053 484 2099 τῷδε
502 2049 833 2099 a131c33Jhoe'1pso,

169 2099 279 2133 videl.
303 2088 559 2141 magnitudinis
581 2088 775 2141 praesidio.
799 2110 831 2132 v.

171 2144 481 2176 Buttmannum
499 2143 545 2175 ad
558 2143 743 2176 Demosth.
766 2144 832 2175 Mi

172 2188 268 2220 dian.
285 2198 321 2240 p
342 2189 415 2221 156.

210 2232 324 2283 πρὸς
356 2227 434 2272 τὰς
467 2227 511 2271 ἐκ
562 2226 670 2270 Διὸς
717 2243 831 2274 ωρας

172 2286 324 2319 ευμαρ.
336 2276 348 2319 Ι
431 2277 642 2310 adversus
716 2277 831 2308 coeli

172 2321 375 2363 aerisque
428 2324 725 2363 tempestates
771 2321 830 2352 iis

170 2365 351 2417 para-vit
397 2365 602 2399 subsidia
647 2365 737 2403 ita,
785 2369 831 2397 ut

170 2409 357 2441 muniret
389 2420 440 2442 ea
471 2413 600 2452 atque
624 2409 830 2442 indueret

171 2457 214 2487 et
244 2454 394 2486 densis
426 2454 554 2486 villis
594 2457 636 2486 et
668 2453 830 2486 solidis

170 2498 510 2541 pellibun,quae
529 2502 662 2540 aptae
681 2502 832 2531 essent

171 2546 257 2575 tam
298 2542 350 2574 ad
388 2542 533 2584 frigus
579 2541 830 2582 arcendum,

171 2597 296 2628 quam
315 2566 830 2629 adaestumpellendum:

172 2630 390 2672 simulque
413 2634 459 2663 ut
482 2631 653 2663 cubilia
676 2631 831 2663 ineun-

173 2676 292 2707 tibus
315 2675 441 2717 ipsae
464 2675 543 2708 hae
571 2675 720 2717 pelles
738 2676 830 2707 sin-

173 2719 368 2762 gulorum
415 2721 633 2762 proprium
682 2723 831 2752 essent

172 2764 694 2807 etnativumstragulum.
712 2765 830 2796 Etiam

170 2808 262 2842 haee
293 2809 474 2852 poeticum
501 2809 636 2843 habent
662 2808 831 2843 colorem.

900 1745 988 1777 Voc.
1015 1738 1211 1795 εὐμάρεια
1226 1742 1477 1796 Hesychius
1507 1744 1561 1775 in-

902 1791 1122 1841 terpretatur
1150 1782 1361 1839 ευχέρεια,
1403 1782 1559 1831 ἡσυχία,

901 1832 1060 1865 Suidas
1076 1828 1099 1875 ἡ
1119 1826 1281 1866 εὐκολία.
1299 1832 1416 1865 Stauh.

945 1876 1143 1920 χειμῶνα
1165 1895 1209 1900 -
1231 1875 1307 1909 καὶ
1330 1871 1558 1918 καύματα]

899 1922 1006 1954 Plato
1031 1923 1234 1963 ubieunque
1258 1922 1313 1953 his
1335 1921 1456 1954 verbis
1472 1924 1561 1953 tem·

901 1970 1080 2008 pestatem
1103 1966 1308 1998 universam
1331 1965 1560 2008 significavit,

903 2014 966 2043 aut
982 2010 1114 2053 plurali
1130 2020 1276 2043 numero
1293 2014 1481 2051 utrumque
1497 2019 1559 2051 po·

901 2055 985 2095 suit,
1011 2059 1073 2087 aut
1094 2058 1282 2104 utrumque
1306 2053 1502 2105 singulari,
1526 2063 1559 2087 v.

901 2099 993 2132 Tim.
1017 2110 1050 2141 p.
1069 2101 1111 2131 22
1138 2098 1189 2130 E:
1229 2092 1324 2131 ὅπου
1350 2093 1402 2141 μὴ
1424 2093 1562 2141 χειμών

901 2137 1104 2184 ἔξαι’σιος“
1080 2155 1103 2185 η
1120 2142 1247 2185 καῦμα
1263 2137 1445 2185 ἀπείργει.
1469 2142 1559 2176 Ibid.

900 2198 934 2230 p.
964 2189 1007 2220 74
1029 2188 1073 2219 B:
1102 2181 1333 2238 ἐμηχανᾶτο
1370 2181 1562 2230 προβολὴν

899 2228 968 2282 μὲν
983 2226 1196 2274 καυμάτων,
1214 2226 1410 2274 πρόβλημα
1426 2228 1468 2264 δὲ
1486 2240 1562 2281 χει·

899 2287 1041 2318 μωνων.
1060 2276 1204 2308 Politic.
1223 2287 1264 2326 p.
1249 2277 1389 2308 .2791).
1406 2270 1453 2308 τὰ
1469 2270 1560 2326 πρὸς

898 2319 1082 2363 χειμῶνας
1109 2318 1173 2353 καὶ
1190 2330 1364 2362 καυματα
1382 2314 1559 2362 dietam}-

897 2375 972 2407 ρια.
1011 2365 1100 2397 Vide
1124 2365 1234 2407 igitur
1260 2375 1304 2397 ne
1328 2364 1394 2397 hoc
1417 2373 1558 2405 quoque

898 2409 977 2441 loeo
995 2408 1179 2460 χειμῶνας
1194 2409 1392 2451 scripserit.

943 2454 982 2486 B.
1008 2449 1205 2505 ὑποδών]
1225 2453 1418 2495 Vulgatam
1431 2451 1559 2484 lectio-

898 2508 978 2529 nem
1002 2493 1075 2531 ὑπὸ
1105 2492 1232 2530 πάδων
1260 2498 1313 2529 ita
1342 2497 1558 2538 interpretes

899 2542 1190 2594 explicaverunt.
1216 2545 1256 2574 ut
1278 2551 1297 2574 e
1314 2540 1557 2583 superioribus

897 2597 1107 2629 αμφιεννυς
1156 2585 1429 2627 intelligendum
1478 2594 1557 2616 esse

898 2631 1159 2663 existimarent.
1190 2629 1260 2662 Sed
1275 2629 1341 2661 hoc
1352 2629 1498 2661 verbum
1513 2628 1557 2661 de

898 2680 998 2708 veste
1016 2674 1207 2714 induenda,
1232 2683 1413 2715 nunquam
1430 2673 1474 2705 de
1501 2683 1557 2705 eo·

898 2719 967 2751 leis
998 2718 1211 2751 inducendis
1241 2722 1447 2760 usurpatum
1490 2720 1558 2758 est,

924 2763 992 2796 uod
1025 2774 1068 2795 ex
1101 2774 1143 2795 eo
1174 2763 1260 2796 seiri
1297 2765 1432 2804 potest,
1472 2762 1557 2804 quia

897 2773 1152 2853 ἓμφιεσμένος
1181 2817 1247 2850 per
1280 2817 1320 2841 se
1348 2807 1464 2850 ipsum
1503 2809 1559 2838 eet
