1682 2944
494 273 568 312 AD
596 272 841 312 GORGIAM
868 273 1139 312 PLATONIS.
1442 278 1494 312 23

141 389 243 426 bona
277 387 339 426 sit.
377 388 420 426 P.
451 390 544 426 494.
574 387 615 425 G.
645 408 702 414 —
732 390 824 425 495.
861 386 956 434 11⁹⁵)
1022 386 1202 436 Negante
1238 389 1371 425 autem
1408 386 1495 425 Cal-

139 444 227 482 licle
267 445 479 482 iucundum
517 456 541 481 a
581 445 678 482 bono
718 456 802 482 esse
830 443 1044 490 diversum,
1085 445 1170 492 Age
1198 444 1310 491 dum,
1349 443 1490 495 inquit,

138 514 222 539 rem
258 500 504 552 exquiramus
551 500 778 539 accuratius.
854 499 1024 538 Scientia
1059 500 1181 549 igitur
1227 504 1268 539 et
1302 500 1490 539 fortitudo

140 557 311 595 omnium
337 557 478 595 iudicio
506 558 629 595 bonae
668 562 760 595 sunt
769 556 856 605 ⁹⁶¹²),
895 557 962 595 sed
1001 557 1156 595 easdem
1191 556 1380 595 iucundas
1409 570 1493 596 esse

139 627 217 652 non
254 626 385 663 omnes
424 627 546 665 aeque
583 613 813 662 largiuntur.
878 614 1032 651 Bonum
1075 613 1198 662 igitur
1234 613 1267 652 si
1302 613 1407 651 idem
1443 614 1496 652 sit

139 674 256 721 atque
283 670 515 716 iucundum,
553 670 730 721 sequitur
764 669 965 708 scientiam
1002 673 1042 708 et
1068 670 1340 717 fortitudinem
1376 669 1494 708 simul

140 739 222 765 esse
253 730 293 765 et
320 728 440 765 bonas
480 731 520 765 et
546 740 625 764 non
654 729 793 774 bonas,
833 726 1016 778 quoniam
1052 739 1132 764 non
1167 726 1263 765 item
1299 727 1492 765 iucundae

137 787 240 822 sunt.
297 782 411 824 Quod
439 787 542 822 certe
569 783 655 821 fieri
682 783 831 834 nequit.
888 784 992 832 Ergo
1027 784 1173 821 bonum
1210 787 1252 822 et
1278 783 1493 821 iucundum

137 853 215 878 non
252 839 355 878 idem
392 853 476 878 esse
513 840 772 891 consequitur.
811 841 855 878 P.
886 843 979 878 495.
1009 840 1049 878 C.
1079 861 1137 867 --
1164 840 1210 877 E.
1276 840 1492 879 Dubitante

137 909 229 935 vero
257 897 469 935 etiamnum
496 897 652 934 Callicle
680 898 728 934 de
757 896 873 934 huius
898 896 1029 934 iudicii
1058 896 1235 943 veritate,
1264 909 1346 934 rem
1372 896 1492 935 etiam

138 953 383 1003 explanatius
411 953 622 991 dilucidare
659 953 843 992 instituit.
901 953 974 991 Est
1001 966 1124 1001 genus
1162 965 1311 1000 rerum,
1349 952 1490 1004 inquit,

135 1009 238 1048 inter
274 1023 315 1048 se
353 1010 650 1056 contrariarum,
689 1022 789 1061 quae
826 1022 1027 1060 nunquam
1065 1009 1291 1047 coniunctae
1329 1014 1492 1059 possunt

135 1066 178 1104 in
205 1079 283 1104 uno
320 1067 531 1118 eodemque
568 1066 705 1104 inesse.
784 1065 977 1107 Quorsum
1014 1066 1212 1116 pertinent
1248 1066 1413 1104 felicitas
1451 1069 1492 1104 et

135 1122 352 1171 infelicitas,
381 1123 527 1162 sanitas
557 1123 724 1173 corporis
753 1127 794 1161 et
820 1124 989 1170 morbus,
1017 1124 1136 1161 robur
1167 1126 1206 1161 et
1234 1123 1490 1169 imbecillitas,

136 1180 213 1217 alia
239 1180 373 1218 multa.
429 1181 468 1218 N
469 1193 542 1227 am,
571 1183 616 1218 ut
644 1180 820 1230 exemplo
848 1183 957 1226 utar,
994 1179 1200 1229 ingruente
1228 1180 1360 1218 morbo
1389 1179 1491 1218 tolli-

135 1240 201 1274 tur
230 1239 412 1286 'prospera
441 1237 609 1286 corporis
637 1237 831 1283 valetudo,
861 1240 901 1274 et
927 1236 1192 1275 imbecillitate
1222 1249 1359 1286 corpus
1381 1249 1491 1274 occu-

135 1296 253 1342 pante
280 1293 488 1342 pristinum
517 1293 600 1330 eius
628 1294 746 1330 robur
784 1292 998 1339 evanescit,
1038 1299 1156 1343 atque
1187 1292 1368 1331 vicissim.
1426 1293 1490 1331 Ad

135 1349 210 1387 hoc
246 1353 377 1387 autem
414 1356 543 1387 rerum
589 1362 711 1398 genus
749 1349 920 1387 dubitari
957 1362 1036 1386 non
1071 1352 1200 1399 potest
1237 1349 1334 1400 quin
1370 1348 1489 1386 etiam

137 1407 281 1444 bonum
308 1409 348 1444 et
375 1406 519 1444 malum
547 1406 791 1444 referendum
809 1405 871 1444 sit.
909 1405 1068 1444 Etenim
1095 1405 1162 1443 ubi
1181 1405 1284 1443 mala
1301 1405 1489 1452 incidunt,

135 1462 190 1500 ibi
218 1462 408 1500 tolluntur
444 1463 565 1509 bona,
604 1466 644 1500 et
682 1462 852 1500 vicissim
889 1462 932 1499 in
974 1463 1102 1500 locum
1139 1463 1349 1509 malorum,
1389 1475 1489 1513 quae

137 1519 377 1565 auferuntur,
407 1518 590 1557 continuo
618 1531 752 1556 rursus
788 1520 890 1556 bona
918 1519 1139 1557 succedunt.
1196 1517 1306 1559 Quae
1336 1519 1369 1557 si
1395 1532 1490 1557 vera

135 1579 237 1621 sunt,
266 1575 477 1614 certissime
507 1575 765 1627 consequitur,
794 1579 840 1613 ut
867 1588 966 1626 quae
994 1575 1110 1613 simul
1137 1575 1179 1612 in
1200 1576 1336 1613 eodem
1362 1575 1488 1613 inesse

134 1637 279 1683 queant
306 1645 460 1683 unaque
489 1633 671 1670 accedant
697 1632 954 1683 recedantque
982 1633 1082 1670 bona
1110 1631 1261 1670 malave
1291 1644 1374 1670 esse
1412 1645 1491 1669 non

133 1688 293 1738 possint.
351 1689 436 1726 Iam
462 1701 555 1727 vero
590 1689 724 1737 negari
760 1701 840 1726 non
878 1692 1006 1738 potest
1043 1689 1086 1726 in
1115 1688 1392 1738 cupiditatibus
1421 1701 1489 1726 ex-

82 1774 89 1780 .
133 1745 285 1794 plendis
323 1745 399 1783 duo
429 1746 561 1783 adesse
601 1746 723 1783 solere
754 1745 967 1793 contraria,
1006 1749 1051 1783 ut
1087 1748 1191 1783 recte
1221 1745 1400 1783 contendi
1430 1745 1489 1784 vi-

135 1802 272 1840 deatur
309 1795 529 1851 voluptates
565 1801 656 1840 inde
695 1802 876 1840 oriundas
914 1802 956 1838 in
994 1814 1155 1839 numero
1194 1803 1382 1840 bonorum
1410 1814 1490 1839 non

134 1871 216 1896 esse
244 1858 452 1896 habendas.
491 1857 621 1899 Quum
649 1859 752 1896 enim
779 1871 1035 1910 unaquaeque
1065 1858 1255 1908 cupiditas
1285 1858 1490 1896 coniuncta

134 1927 217 1953 esse
246 1915 369 1954 soleat
396 1928 484 1953 cum
510 1915 726 1964 indigentia
753 1916 920 1966 quadam
939 1918 980 1952 et
1005 1914 1193 1960 molestia,
1222 1914 1347 1954 veluti
1366 1928 1488 1966 quum

134 1971 286 2009 sitimus
315 1974 356 2010 et
383 1971 592 2018 esurimus,
630 1975 781 2018 tamen,
819 1972 912 2009 dum
938 1971 1007 2008 illa
1035 1971 1233 2021 expletur,
1274 1983 1362 2009 cum
1388 1971 1488 2010 indi-

135 2027 290 2076 gentiae
318 2040 435 2065 sensu
471 2027 587 2065 simul
616 2029 750 2066 adesse
778 2028 877 2066 solet
903 2027 1157 2067 iucunditatis
1195 2028 1488 2079 voluptatisque

132 2084 337 2134 perceptio,
379 2084 553 2122 Solemus
582 2084 686 2122 enim
704 2084 880 2123 sitientes
906 2084 1039 2122 bibere
1060 2089 1101 2123 et
1119 2084 1333 2123 esurientes
1362 2086 1486 2131 edere,

133 2141 207 2178 hoc
235 2144 296 2179 est
323 2141 495 2179 dolentes
526 2141 640 2179 simul
677 2142 855 2190 gaudere.
912 2142 1052 2192 Itaque
1093 2141 1263 2179 dolorem
1300 2145 1340 2179 et
1377 2142 1488 2180 volu-

133 2200 281 2246 ptatem
319 2211 344 2235 a
381 2199 480 2235 bono
518 2202 559 2236 et
606 2199 707 2236 malo
743 2198 898 2236 differre
936 2211 1093 2247 prorsus
1131 2211 1286 2236 neeesse
1316 2201 1376 2236 est
1384 2197 1487 2246 m).

136 2254 179 2291 P.
211 2257 303 2292 496.
334 2256 382 2292 A.
411 2275 468 2281 —
498 2255 591 2292 497.
621 2256 670 2292 A.
700 2277 757 2282 —-
784 2256 996 2306 Postquam
1023 2255 1202 2293 Socrates
1230 2255 1304 2292 hoc
1332 2267 1487 2306 quoque

135 2313 360 2358 argumento
398 2311 676 2350 demonstravit
713 2312 924 2350 iucundum
963 2325 986 2349 a
1021 2313 1120 2349 bono
1158 2324 1242 2349 esse
1280 2311 1488 2358 diversum,

134 2365 321 2413 Callicles,
350 2379 400 2404 ne
428 2367 594 2417 turpiter
622 2368 815 2407 refutatus
834 2369 1016 2415 discedat,
1046 2381 1087 2406 se
1116 2368 1165 2405 ad
1194 2367 1363 2406 minutas
1392 2367 1488 2406 istas

134 2422 308 2474 vilesque
337 2422 725 2473 interrogatiunculas
754 2425 919 2475 amplius
946 2437 1223 2474 responsurum
1250 2428 1379 2473 negat.
1417 2425 1488 2462 Co—

134 2479 314 2518 hortante
343 2484 473 2518 tamen
491 2480 643 2529 Gorgia,
674 2486 718 2520 ut
746 2495 796 2520 ne
826 2494 1040 2520 sermonem
1066 2484 1147 2520 tam
1176 2481 1250 2520 cito
1271 2482 1487 2531 abrumpat,

132 2548 266 2574 rursus
295 2536 481 2574 disserere
508 2549 666 2588 remque
694 2538 918 2587 diligentius
947 2538 1066 2576 etiam
1085 2538 1285 2588 explorare
1304 2538 1487 2576 instituit.

135 2592 318 2643 Sequitur
345 2592 465 2641 igitur
492 2594 608 2632 tertia
636 2595 747 2642 ratio,
777 2608 858 2646 qua
882 2595 1093 2632 iucundum
1123 2608 1145 2633 a
1173 2596 1274 2633 bono
1292 2595 1489 2634 diversum

200 2735 234 2776 *)
260 2734 521 2778 comparandus
545 2735 587 2769 de
610 2736 665 2769 his
688 2737 788 2770 locus
811 2736 949 2770 Philebi
972 2741 1025 2770 est
1046 2748 1080 2780 p.
1103 2736 1158 2771 46.
1181 2738 1225 2773 D.
1249 2756 1295 2762 —-
1317 2735 1373 2770 47.
1396 2738 1436 2770 Β.

201 2779 583 2868 zzfssszffflns
595 2783 1167 2871 ἵᾛθῗίθζᾛοὲἓῗεᾱεῗέῑ·
1179 2782 1365 2863 &²352
1388 2825 1444 2860 ⁵3.
