1682 2944
262 213 308 250 14
724 209 1110 250 PROLEGOMENA

257 321 345 367 sint,
373 320 628 370 superioribus
654 320 822 359 mirifice.
878 319 1006 362 Quum
1043 322 1146 359 enim
1185 327 1372 362 oratorem
1407 332 1580 374 oporteat

257 389 312 423 ea,
342 389 439 427 quac
459 376 561 414 iusta
578 375 666 422 sint,
694 375 887 422 didicisse,
916 376 981 415 ille
1000 390 1101 424 vero,
1131 378 1195 429 qui
1226 378 1370 429 aliquid
1393 379 1578 427 didicerit,

256 431 344 470 talis
372 431 508 470 evadat
528 443 679 470 necesse
699 431 760 478 sit,
788 432 900 482 quale
922 432 972 471 sit
999 432 1092 470 illud
1111 433 1246 482 ipsum,
1275 435 1376 484 quod
1394 435 1578 482 didicerit,

257 486 436 538 consequi
475 486 681 525 arbitratur
718 478 838 538 atquc
867 487 986 534 effici,
1025 492 1069 527 ut
1104 488 1233 526 rhetor
1269 502 1465 540 nunquam
1500 504 1577 528 non

256 542 355 580 iuste
384 546 472 590 agat
498 542 659 592 ideoque
695 555 842 592 semper
879 547 919 580 et
953 542 1094 594 ubique
1123 543 1246 582 iustus
1283 557 1365 582 esse
1392 545 1579 584 videatur.

257 598 364 636 Haec
390 597 525 646 igitur,
564 610 683 648 quum
719 598 901 647 superiori
939 597 1099 646 Gorgiae
1138 599 1349 638 sentcntiae
1387 601 1580 639 adversari

255 653 477 699 videantur,
516 652 631 701 digna
668 666 751 691 esse
788 652 861 699 ait,
909 665 1006 703 quae
1045 654 1311 693 examinentur
1347 655 1578 704 diligentius.

258 709 299 747 P.
330 712 421 746 460.
450 710 663 746 A.—461.
695 711 741 746 A.
771 709 974 747 Enimvero
1002 714 1290 758 argumentatur
1316 710 1379 748 hic
1408 712 1580 750 Socrates

258 763 390 802 callide
418 777 439 802 e
467 777 536 802 sua
572 764 736 810 ratione,
775 777 850 815 qua
887 763 1042 803 virtutis
1079 765 1368 804 fundamentum
1405 779 1448 804 ac
1476 767 1579 816 prin·

257 819 395 869 cipium
422 819 587 869 positum
614 832 696 857 esse
715 820 909 858 statuebat
935 819 975 857 in
1005 820 1161 858 scientia
1189 824 1228 859 et
1256 821 1435 859 interiore
1463 821 1578 860 animi

256 874 517 924 persuasione,
547 887 644 925 quac
672 875 770 912 hanc
798 875 956 913 haberet
983 874 1080 922 vim,
1119 880 1163 914 ut
1190 877 1289 927 quod
1319 877 1404 927 quis
1432 889 1577 923 verum,

255 931 407 977 bonum,
426 930 580 977 iustum,
600 930 801 968 honestum
820 942 901 968 esse
921 930 1168 978 cognovisset,
1186 931 1224 968 id
1243 932 1359 970 etiam
1376 931 1416 969 in
1435 933 1581 980 agendo

256 990 496 1037 sequeretur,
534 986 838 1037 quandoquidem
874 985 1056 1024 virtutem
1100 987 1277 1025 censebat
1314 987 1354 1024 in
1391 987 1494 1025 vitae
1541 993 1582 1026 et

256 1041 414 1080 actionis
442 1054 527 1079 cum
555 1041 700 1079 ratione
727 1045 767 1079 et
793 1041 990 1079 intellectu
1009 1041 1205 1079 concordia
1224 1042 1417 1080 contineri.
1455 1041 1579 1083 Quam

256 1096 407 1148 quidem
435 1097 663 1135 sententiam
691 1097 791 1146 apud
810 1096 1007 1135 Platonem
1025 1096 1241 1146 saepissime
1262 1097 1309 1135 ad
1333 1098 1581 1136 ludificandos

256 1165 320 1191 eos
348 1152 515 1199 adhibet,
544 1152 610 1203 qui
637 1152 821 1191 virtutem
849 1151 935 1190 unis
964 1153 1076 1190 rebus
1105 1152 1273 1190 externis
1301 1153 1514 1191 metiuntur
1540 1159 1580 1192 et

255 1207 429 1247 veritatis
456 1208 635 1247 scientiae
671 1207 823 1258 nomine
860 1220 928 1245 suo
955 1207 1092 1255 dignae
1128 1213 1303 1257 expertes
1338 1208 1487 1247 levibus
1523 1208 1581 1246 in-

255 1264 415 1312 dulgent
441 1264 544 1302 vitae
581 1263 825 1314 quotidianae
861 1261 1121 1312 opinionibus,
1162 1263 1218 1301 ita
1243 1267 1391 1310 tamen,
1426 1267 1471 1302 ut
1506 1263 1582 1302 ista

255 1319 402 1358 ratione
431 1319 545 1357 simul
572 1318 812 1357 callidissime
831 1329 961 1355 veram
985 1317 1213 1356 sententiam
1239 1330 1348 1356 suam
1366 1318 1486 1357 veluti
1514 1331 1583 1367 per

256 1379 479 1414 transennas
507 1375 692 1413 ostendat.
747 1374 805 1411 De
834 1386 910 1423 qua
938 1373 1057 1422 ipsius
1086 1373 1232 1411 ratione
1259 1386 1306 1419 ¹v.
1333 1373 1505 1422 Prolegg.
1533 1374 1581 1411 ad

258 1431 413 1470 Lachet.
441 1444 478 1480 p.
509 1433 560 1468 20
589 1443 693 1481 seqq.
723 1429 780 1467 ed.
811 1431 846 1465 2.
904 1429 1040 1479 Itaque
1079 1429 1149 1466 hoe
1178 1441 1328 1479 quoque
1356 1428 1436 1466 loco
1464 1427 1581 1476 signi-

257 1487 345 1526 ficat
371 1486 603 1533 rhetoricen,
642 1485 674 1523 si
702 1484 793 1523 iusti
832 1483 1028 1522 scientiam
1065 1483 1136 1522 sibi
1175 1483 1392 1521 adiunctam
1429 1484 1581 1530 habeat,

257 1543 358 1580 idem
384 1542 500 1581 etiam
527 1541 567 1578 in
596 1540 740 1589 agendo
767 1552 849 1578 esse
867 1544 1126 1590 sequuturam.
1170 1537 1282 1579 Quod
1308 1542 1437 1586 tamen
1463 1551 1583 1589 quum

258 1597 394 1636 deinde
423 1610 446 1635 a
473 1597 583 1643 Polo,
612 1595 772 1644 Gorgiae
810 1598 1056 1642 assectatore,
1093 1594 1196 1632 haud
1234 1593 1348 1632 dubie
1376 1594 1582 1632 seeundum

258 1652 362 1691 illius
389 1656 555 1691 mentem
583 1655 754 1700 negetur,
784 1663 1017 1701 consequens
1045 1654 1120 1696 est,
1160 1653 1204 1688 ut
1232 1654 1352 1688 artem
1380 1649 1583 1688 oratoriam

258 1708 426 1748 iustitiae
453 1708 598 1747 virtute
626 1719 752 1745 carere
780 1709 970 1755 appareat.

341 1763 494 1802 Etenim
522 1762 724 1801 committit
749 1761 885 1799 deinde
913 1761 1072 1809 Gorgias
1100 1772 1254 1798 caussae
1273 1758 1584 1809 disceptationem

258 1820 360 1859 ultro
388 1819 517 1857 amicis
545 1818 635 1856 suis.
691 1816 801 1859 Quod
836 1817 1058 1865 argumento
1094 1819 1153 1853 est
1179 1816 1378 1853 Platonem
1417 1814 1488 1864 ipsi
1516 1827 1584 1852 no-

258 1876 374 1914 luisse
401 1873 648 1924 turpitudinis
675 1872 836 1910 alicuius
864 1876 993 1910 notam
1020 1870 1182 1917 inurere,
1211 1870 1351 1921 quippe
1379 1869 1487 1911 euius
1510 1869 1582 1908 arti

259 1935 299 1970 et
336 1930 488 1979 ingenio
526 1933 693 1968 ceterum
728 1927 934 1978 plurimum
962 1926 1149 1965 tribuerit.
1214 1924 1429 1964 Artificiose
1467 1924 1586 1973 igitur

259 1986 314 2025 sic
340 1985 521 2032 instituit,
548 1988 593 2024 ut
620 1985 694 2022 iam
721 1983 906 2033 prodeant
932 1982 972 2020 in
1000 1994 1151 2020 scenam
1189 1980 1256 2032 qui
1296 1980 1398 2018 illius
1425 1979 1586 2018 decretis

260 2042 368 2080 abusi
406 2047 557 2091 turpem
604 2044 643 2078 et
679 2040 920 2077 inhonestam
965 2037 1150 2076 rationem
1186 2035 1403 2074 defendant.
1468 2034 1584 2072 Polus

260 2097 363 2136 enim
390 2097 555 2135 ostendit
583 2095 675 2134 artis
702 2094 887 2133 oratoriae
917 2093 1110 2131 commoda
1137 2094 1176 2129 ct
1193 2090 1381 2130 utilitates
1408 2102 1473 2128 eas
1491 2102 1585 2136 esse,

260 2166 359 2204 quae
395 2151 643 2202 turpitudinis
681 2150 961 2188 inhonestatem
997 2146 1215 2196 longissime
1251 2149 1443 2195 superent.
1499 2144 1583 2183 Cal-

260 2208 367 2247 licles
394 2212 521 2247 autem
550 2207 666 2246 etiam
694 2205 854 2245 ulterius
889 2203 1058 2254 procedit
1094 2207 1210 2253 atque
1243 2200 1454 2239 iniustitiae
1490 2200 1587 2238 nihil

260 2276 414 2315 prorsus
441 2263 565 2313 turpis
591 2261 760 2300 maculae
789 2260 995 2298 adhaerere
1022 2258 1195 2296 evincere
1221 2260 1390 2295 conatur.
1542 2259 1549 2265 '

344 2319 513 2358 Primum
540 2318 659 2367 igitur
684 2317 820 2363 Polus,
848 2314 998 2354 iuvenis
1026 2312 1169 2362 ingenii
1197 2311 1405 2357 calidioris,
1443 2323 1584 2349 sermo-

262 2388 350 2414 nem
378 2374 546 2424 suscipit.
583 2374 636 2412 Et
662 2373 725 2410 hic
742 2371 908 2423 quidem,
937 2370 1018 2409 sive
1035 2382 1112 2407 non
1131 2368 1324 2406 intellecta
1352 2366 1434 2415 sive
1452 2377 1586 2415 parum

263 2435 395 2469 curata
422 2429 586 2469 Socratis
613 2427 813 2474 sententia,
840 2426 1004 2477 primum
1031 2424 1192 2473 Gorgiae
1220 2434 1392 2462 caussam
1417 2420 1589 2459 defendit

263 2487 327 2533 sic,
356 2490 401 2524 ut
430 2499 518 2524 eum
553 2484 654 2523 dicat
686 2484 827 2534 pudore
862 2481 1026 2533 quodam
1061 2480 1327 2518 conturbatum
1362 2475 1589 2515 concessisse

263 2541 407 2581 rhetori
434 2554 562 2580 rerum
599 2540 786 2578 iustarum
813 2541 853 2576 et
885 2537 1113 2575 injustarum
1149 2534 1324 2573 notitiam
1351 2545 1434 2571 esse
1461 2544 1589 2569 neces·

265 2597 422 2644 sariam,
461 2596 640 2636 videlicet
675 2608 723 2633 ne
750 2595 936 2632 fateretur
962 2590 1200 2642 eloquentiae
1227 2587 1428 2637 magistros
1465 2599 1589 2637 neque

264 2655 366 2705 ipsos
393 2652 578 2691 iustitiam
608 2657 749 2697 tencre,
776 2661 847 2688 neo
875 2647 960 2686 aliis
988 2646 1092 2686 illius
1112 2644 1365 2696 cognitionem
1391 2655 1501 2693 posse
1520 2642 1589 2679 im-

265 2709 417 2761 pertire.
454 2708 602 2748 Deinde
630 2705 832 2746 admodum
850 2703 1096 2743 inclementer
1113 2702 1156 2741 in
1174 2702 1368 2740 Socratem
1383 2697 1590 2743 invehitur,

1619 0 1682 275 l
