1676 2938
814 64 834 81 Ο

222 191 300 227 326
767 180 1021 227 Puroms

220 294 315 348 περὶ
339 295 503 336 τούτων
539 294 654 342 τινὸς
679 294 941 336 κινδυνεύων
980 286 1042 335 ὧν
1078 293 1132 335 σὺ
1169 292 1320 348 λέγεις,
1361 293 1548 347 πονηρός

220 359 281 408 τίς
307 373 356 412 με
386 356 498 400 ἔσται
525 357 549 398 ό
578 357 773 411 εἰςάγων·
812 356 950 407 οὐδεὶς
985 358 1067 412 γὰρ
1097 357 1151 399 ἂν
1177 357 1351 411 χρηστὸς
1377 355 1435 411 μὴ
1462 357 1547 399 doo-

221 425 363 465 κοῦντ’
398 426 634 474 ἄνθρωπον
671 423 892 476 εἰςαγάγοι.
940 422 1010 463 καὶ
1044 420 1170 463 οὐδέν
1206 434 1254 475 γε
1291 423 1477 470 ἄτοπον,
1514 421 1550 463 εἰ

222 487 495 539 ἀποθάνοιμι.
544 486 686 539 βούλει
722 496 789 528 σοι
822 486 946 535 εἴπω,
994 486 1100 528 διότι
1134 491 1267 527 ταῦτα
1304 486 1548 539 προς-δοκοῖς

226 552 361 591 ΚΑΛ.
404 550 531 591 Πάνυ
567 564 626 603 γε.
681 551 782 591 ΣΩ.
829 546 958 604 Οἶμαι
994 546 1072 601 μετ’
1114 550 1268 604 ὀλίγων
1297 545 1549 603 Ἀθηναίων,

223 614 293 655 ’ἵνα
320 611 377 667 μὴ
405 613 507 654 εἴπω
546 615 699 667 μόνος,
742 613 962 668 ἐπιχειρεῖν
996 620 1046 669 τῇ
1077 614 1134 663 ὡς
1162 614 1332 668 ἀληθῶς
1359 616 1549 668 πολιτικῇ

221 676 343 731 τέχνῃ
385 676 455 718 καὶ
494 679 692 730 πράττειν
728 677 779 719 τὰ
815 677 1007 719 πολιτικὰ
1044 679 1175 732 μόνος
1211 682 1297 719 τῶν
1334 681 1429 718 νῦν.
1479 677 1548 718 ἅτε

222 737 302 783 οὖν
330 742 382 782 οὐ
410 742 515 794 πρὸς
552 743 676 795 χάριν
711 739 845 795 λέγων
877 741 978 790 τοὺς
1012 743 1167 796 λόγους
1205 737 1282 791 οὓς
1317 739 1423 795 λέγω
1460 739 1550 783 ἐκά-

156 801 193 843 Ε
224 814 365 854 (ποτε,
403 805 507 847 ἀλλὰ
544 806 650 858 πρὸς
689 808 737 847 τὸ
774 804 1012 859 βέλτιστον,
1053 806 1105 848 οὐ
1140 808 1247 859 πρὸς
1280 804 1328 847 τὸ
1365 804 1551 859 ἥδιστον,

222 869 292 911 καὶ
321 870 399 911 οὐκ
427 867 586 911 ἐθέλων
613 873 750 911 ποιεῖν
778 871 804 910 ἃ
825 869 879 910 σὺ
899 873 1129 920 παραινεῖς,
1157 869 1208 911 τὰ
1233 869 1377 923 κομψὰ
1403 875 1549 919 ταῦτα,

223 935 299 987 οὐχ
328 932 402 984 ἔξω
441 930 465 974 ὅ
503 949 542 974 τι
579 931 684 986 λέγω
726 933 772 975 ἐν
799 935 856 990 τῷ
896 934 1161 988 δικαστηρίῳ.
1204 933 1228 975 ὁ
1255 934 1381 982 αὐτὸς
1408 931 1452 975 δέ
1480 949 1551 987 μοι

221 997 312 1052 ἥκει
338 998 483 1050 λόγος,
524 995 655 1048 ὅνπερ
693 999 801 1050 πρὸς
829 999 983 1039 Πῶλον
1011 995 1179 1051 ἔλεγον·
1217 1001 1443 1051 κρινοῦμαι
1470 997 1552 1051 γὰρ

287 1150 330 1183 D.
354 1147 470 1184 τινόε
494 1148 797 1193 κινδυνεύων]
823 1150 939 1192 Steph.
961 1150 1122 1183 mendose
1144 1148 1332 1183 κινδύνων.
1380 1150 1551 1193 Deinceps

220 1189 272 1228 ὦν
297 1192 340 1227 σὺ
362 1196 389 1227 λ.
413 1194 507 1227 dedit
528 1194 619 1227 Flor.
643 1195 674 1227 d.
698 1205 758 1238 pro
781 1195 874 1238 vulg.
899 1193 918 1228 ὃ
943 1193 987 1227 σὺ
1009 1197 1035 1228 λ.
1061 1195 1265 1228 Gonieoerat
1286 1194 1464 1228 Heindorf.

285 1247 531 1290 ἄνθρωπον
553 1248 793 1294 εἰεαγάγοι]
818 1248 948 1293 εἰεάγοι
971 1250 1086 1293 Steph-

286 1313 378 1348 13.ae
410 1314 459 1348 σύ
490 1315 737 1360 παραινεῖς]
769 1317 810 1349 V.
844 1314 865 1349 ἃ
897 1315 940 1350 σὺ
966 1320 1032 1349 νῦν
1055 1319 1241 1358 παραινεῖς.
1289 1315 1460 1350 omittunt
1485 1319 1551 1349 νῦν

222 1360 326 1394 Coisl.
349 1360 435 1393 Ven.
462 1360 540 1393 ΞΣ.
564 1361 667 1393 vind.
691 1359 724 1394 2.
747 1359 780 1394 6.
802 1359 834 1394 7.
857 1362 933 1394 Par.
957 1361 1109 1394 CIVW.
1133 1360 1224 1394 Flor.
1243 1360 1553 1405 Qb.e.d.m.o.x.

290 1413 361 1448 ὅδε
386 1415 615 1459 εἴργασται
639 1412 762 1459 ἀνήρ]
797 1416 943 1450 Bekker.
967 1413 1069 1459 ἀνήρ.
1093 1417 1166 1449 Ast.
1190 1413 1210 1448 ό
1219 1413 1338 1471 ἀνήρ.
1383 1416 1457 1470 Eg?
1480 1415 1556 1448 vul-

221 1463 334 1502 getam
359 1459 539 1492 lectionem
562 1470 677 1492 veram
701 1470 775 1493 esse
799 1471 932 1493 censeo.
972 1461 1060 1493 Nam
1082 1455 1184 1496 οὗτος
1205 1457 1297 1503 α’νήρ
1321 1463 1356 1493 et
1377 1457 1469 1503 ἀνὴρ
1493 1457 1553 1493 ὅδε

222 1504 272 1537 sie
303 1503 391 1536 solet
424 1505 498 1536 sine
528 1504 671 1536 articulo
702 1505 877 1547 usurpari,
906 1504 968 1537 ubi
998 1515 1098 1547 quem
1129 1515 1208 1538 vere
1238 1509 1449 1547 praesentem
1480 1514 1555 1537 esse

223 1547 394 1582 δεικτικῶς
418 1548 648 1591 significatur.
677 1549 727 1581 ita
755 1554 795 1581 ut
823 1549 906 1581 haec
935 1549 1082 1582 formula
1104 1550 1173 1582 vim
1196 1553 1231 1581 et
1252 1554 1453 1592 potestatem
1476 1559 1550 1591 pro-

222 1593 368 1626 nominis
392 1592 650 1626 demonstrativi
673 1593 806 1626 hebeat.
831 1604 861 1625 v.
887 1592 930 1625 ad
953 1604 984 1636 p.
1007 1592 1086 1627 467.
1109 1594 1149 1626 Β.
1171 1592 1248 1627 489.
1273 1594 1310 1626 Β.
1334 1592 1410 1627 505.
1434 1595 1472 1626 C.

288 1648 356 1680 καὶ
382 1646 646 1690 ίσχναίνων]
671 1647 748 1680 Ald.
773 1648 850 1681 Bae.
874 1648 904 1681 1.
919 1648 1045 1691 'Steplh
1070 1647 1247 1690 ίχναίνων,
1271 1647 1363 1690 qnod
1383 1647 1463 1680 libri
1486 1658 1554 1680 me·

222 1691 324 1724 liores
347 1701 463 1724 omnes
493 1702 570 1724 oum
595 1692 711 1725 Clark.
740 1696 775 1725 et
797 1693 871 1725 Vnt.
896 1698 1129 1735 aspernantur.
1176 1693 1266 1725 Dein
1292 1691 1442 1732 πέμματα
1465 1692 1553 1735 Aug.

222 1738 361 1769 Meerm.
392 1737 477 1769 Ven.
514 1736 593 1769 ΞΣ.
623 1735 725 1769 Vind.
755 1736 786 1770 2.
817 1736 850 1771 6.
873 1735 905 1769 7.
958 1738 1168 1780 scripturam
1198 1736 1337 1776 πώματα
1370 1747 1431 1780 pro
1461 1736 1554 1780 vulg.

223 1780 352 1820 πόματα
374 1781 431 1813 hio
454 1782 528 1814 sine
552 1780 708 1813 codicum
731 1782 931 1814 auctoritate
945 1782 1167 1822 restituimus,
1189 1784 1371 1824 praeeunte
1388 1781 1555 1814 Bekkero.

221 1836 253 1859 ν,
276 1826 319 1858 ad
342 1825 474 1858 Phileb.
498 1836 530 1868 p.
552 1823 606 1858 34.
632 1826 674 1858 A.
696 1836 776 1858 ann.
800 1827 870 1859 erit.
896 1831 930 1859 et
952 1826 995 1860 ad
1019 1828 1134 1869 Remp.
1157 1836 1190 1869 p.
1208 1824 1285 1859 437.
1307 1826 1350 1859 D.
1373 1825 1452 1859 0011.
1474 1826 1555 1858 Por-

176 1964 179 1971 '
222 1970 269 2000 λει
295 1965 434 2022 ῥᾴδιόν.ι
441 1968 509 2001 ἐστι
533 1971 643 2003 κακῶς
665 1973 776 2001 ποιεῖν
791 1965 854 2001 ἄν·
964 1969 1005 2001 Ε.
1043 1966 1094 2002 ού
1131 1965 1241 2010 πρὸς
1278 1965 1319 2001 τὸ
1354 1966 1554 2012 ἥδιστον]

224 2003 389 2053 θρώπουε
413 2011 434 2056 ἢ
457 2007 516 2051 εὖ,
550 2013 590 2045 ἐν
621 2012 700 2056 τῇδε
735 2013 774 2046 δὲ
798 2013 853 2046 καὶ
922 2013 974 2045 De
997 2013 1063 2046 hae
1087 2013 1266 2046 iteratione
1294 2023 1326 2045 v,
1350 2012 1391 2045 ad
1422 2022 1455 2055 p.
1478 2011 1556 2045 316.

223 2055 322 2089 πάνυ.
922 2058 959 2090 C.
984 2058 1026 2090 D.
1051 2062 1127 2099 etp
1131 2056 1237 2090 4.52.
1263 2058 1302 2090 Ε.
1326 2057 1366 2089 In
1391 2057 1554 2100 proximis

265 2102 308 2134 D.
339 2101 439 2142 περὶ
473 2099 642 2133 τούτων
675 2099 794 2135 τινὸς
824 2113 852 2133 κ.
922 2102 1059 2156 respicit
1081 2101 1143 2134 illa
1166 2101 1323 2134 Calliclis
1352 2112 1383 2143 p.
1407 2099 1482 2135 486.
1507 2101 1554 2133 C:

222 2141 280 2178 ὦν
312 2144 362 2178 σύ
401 2145 558 2189 λέγεις]
606 2145 776 2178 Videlicet
806 2145 854 2177 de
921 2144 1034 2180 ἄλλοις
1074 2142 1110 2178 τὰ
1154 2144 1267 2186 κομψὰ
1312 2142 1399 2178 ταῦτ’
1445 2142 1554 2186 ἀφεὶς

222 2191 368 2232 capite
399 2194 438 2222 et
462 2190 609 2230 bonis,
641 2200 727 2232 quae
756 2195 856 2222 antee
923 2202 951 2223 κ.
978 2201 1002 2222 t.
1027 2191 1053 2222 λ.

222 2238 543 2268 commemoraverat
565 2233 736 2267 Callicles.
768 2234 855 2267 Mire

221 2280 460 2321 interpretatur
503 2288 696 2311 nonnemo:
765 2289 857 2321 pro·
966 2276 1101 2319 ὅνπερ
1141 2275 1249 2319 πρὸς
1280 2276 1427 2311 Πῶλον
1465 2278 1552 2310 ἔλε-

222 2329 320 2366 pter
348 2324 495 2356 horum
525 2322 716 2365 aliquid,
747 2333 854 2365 quae
921 2321 1074 2386 yevl
1061 2322 1144 2365 Cap.
1172 2323 1265 2355 xlx.
1297 2321 1383 2355 med.
1414 2332 1446 2364 p.
1475 2320 1552 2355 464.

220 2378 303 2410 ego
327 2367 470 2400 dicere
500 2372 542 2399 et
571 2377 702 2410 agere
725 2367 854 2404 soleo,
922 2333 1145 2406 1)·ωςτ3εῐ
1167 2366 1238 2400 δέοι
1261 2366 1302 2399 ἐι
1314 2366 1409 2399 παισὶ
1434 2364 1555 2409 διαγω-

221 2412 352 2445 soilioet
373 2422 439 2454 quo
464 2416 599 2444 tueatur
630 2412 810 2445 lectionem
834 2409 854 2444 δ
926 2413 1083 2453 νίζεσθαι
1107 2409 1280 2452 ὀψοποιόν
1303 2422 1336 2444 τε
1351 2410 1406 2443 καὶ
1430 2409 1554 2451 ἰατρὸν

221 2455 335 2500 λέγεις.
360 2457 407 2489 At
429 2457 519 2489 enim
543 2466 623 2489 vero
640 2454 855 2489 κινδυνεύειν
923 2467 950 2488 κ.
977 2467 1002 2487 τ.
1026 2457 1052 2488 1.

223 2502 306 2542 περί
336 2511 427 2535 τινος
458 2506 527 2533 est:
576 2500 618 2533 in
657 2499 855 2543 periculo

219 2545 392 2578 versari
423 2544 618 2578 alicuius
641 2546 708 2578 rei
737 2555 763 2578 s.
789 2555 853 2587 pe·
966 2544 1149 2578 καὶτοὺς
1169 2541 1420 2577 νεωτάτους
1436 2540 1555 2582 ὑμῶν

220 2589 420 2622 riolitari
457 2589 609 2631 aliqua
654 2600 715 2630 re,
759 2599 856 2622 ιιοιι.
922 2586 1553 2631 διαφθει’ρει]ΒοοῢοΗοίιιδοι·-

219 2638 396 2676 propter
439 2633 615 2676 aliquid
659 2634 700 2666 in
748 2634 854 2677 peri·
921 2633 1026 2665 sius:
1051 2632 1235 2673 Consulto,
1257 2631 1386 2674 inquit,
1408 2631 1450 2663 de
1473 2641 1553 2674 pue—

221 2678 317 2712 culo
340 2688 444 2711 esse.
920 2687 1034 2710 rorum
1065 2677 1186 2710 horum
1215 2680 1320 2710 nnn
1355 2675 1551 2708 minimis
