1722 2964
548 81 969 148 moncons.
1002 111 1046 149 P.
1068 113 1151 163 331;
1175 111 1259 148 ST.
1562 107 1619 150 99

189 229 346 272 δοκεῖ
369 226 646 284 ἐλέγχεσθαι,
670 222 768 269 ἀλλ’
799 225 878 282 ἐμέ
898 242 945 270 τε
969 225 1044 269 καὶ
1068 225 1130 270 σε’.
1157 222 1213 269 τὸ
1247 220 1292 269 δ’
1327 225 1422 282 ἐμέ
1448 242 1503 270 τε
1528 226 1618 270 καὶ

189 296 248 340 σέ
264 297 394 339 τοῦτο
414 294 545 351 λέγω,
569 291 770 351 οἰόμενος
794 290 910 337 οὕτω
934 290 1012 338 τὸν
1036 290 1170 350 λόγον
1188 289 1382 350 βέλτιστ’
1411 288 1468 337 ἂν
1493 295 1617 350 ἐλέγ-

187 370 363 420 χεσθαι,
389 368 434 407 εἴ
455 380 521 416 τις
544 360 593 406 τὸ
619 364 660 406 εἲ
682 358 840 418 ἀφέλοι
865 358 1015 405 αὐτοῦ.
1059 356 1192 406 Ἀλλὰ
1215 361 1388 418 μέντοι,
1421 352 1450 418 ἦ
1476 358 1531 404 δ”
1550 359 1613 418 ὅς,
1639 375 1672 408 D

187 431 422 488 προσέοικέ
450 448 492 474 τι
523 426 785 485 δικαιοσύνη
818 425 1031 486 ὁσιότητι·
1059 428 1134 473 καὶ
1163 426 1248 487 γὰρ
1272 426 1424 473 ὁτιοῦν
1445 425 1619 488 ὁτῳοῦν

185 495 392 557 ἆμῃγέπῃ
424 498 668 556 προσέοικε
710 494 760 541 τὸ
792 493 875 554 γὰρ
909 495 1070 541 λευκὸν
1101 498 1161 557 τῷ
1194 497 1352 553 μέλανι
1384 494 1554 541 ἐ’στιν’”’
1529 514 1619 554 οπῃ

187 566 443 624 προσέοικε,
474 566 549 610 καὶ
571 563 620 609 τὸ
645 562 840 622 σκληρὸν
864 566 923 624 τῷ
948 566 1148 624 μαλακῷ,
1183 565 1258 608 καὶ
1281 556 1418 608 τᾶλλα
1442 561 1470 607 ἃ
1495 567 1623 610 δοκεῖ

187 631 483 678 ἐναντιώτατα
523 631 640 679 εἶναι
678 630 898 690 ἀλλήλοις.
956 633 1031 676 καὶ
1062 628 1090 675 ἃ
1130 629 1227 677 τότε
1267 636 1438 690 ἔφαμεν
1476 628 1620 689 ἄλλην

188 699 382 759 δύναμιν
416 705 535 759 ἔχειν
558 702 634 745 καὶ
657 698 739 746 οὐκ
772 699 889 745 εἶναι
912 698 961 744 τὸ
985 701 1139 757 ἕτερον
1162 696 1261 744 οἷον
1283 697 1332 744 τὸ
1357 701 1533 757 ἕτερον,
1565 698 1620 745 τὰ

184 771 263 814 τοῦ
288 767 530 828 προσώπου
553 766 708 827 μόρια,
740 765 946 827 ἁμῃγέπῃ
972 768 1206 825 προσέοικε
1231 767 1306 811 καὶ
1334 771 1426 812 ἔστι
1449 765 1498 812 τὸ
1524 769 1619 813 ἕτε-

186 855 266 893 ρον
290 834 386 882 οἷον
417 836 466 882 τὸ
490 839 653 894 ἕτερον.
711 834 823 881 ὥστε
853 833 994 895 τούτῳ
1026 854 1077 892 γε
1107 837 1169 894 τῷ
1193 833 1343 895 τρόπῳ
1370 832 1453 879 κᾶν
1476 837 1615 891 ταῦτα
1635 847 1677 891 E}

185 905 402 962 ἐλέγχοις,
444 909 487 950 εἰ
517 902 719 961 βούλοιο,
761 901 819 956 ὡς
853 901 1027 948 ἅπαντά
1069 905 1191 947 ἐστιν
1222 901 1351 960 ὅμοια
1392 900 1616 960 ἀλλήλοις.

183 968 280 1016 ἀλλ’
318 970 418 1029 οὐχὶ
442 970 494 1017 τὰ
518 970 672 1030 ὅμοιόν
695 990 736 1016 τι
761 975 917 1029 ἔχοντα
941 969 1072 1029 ὅμοια
1098 974 1274 1016 δίκαιον
1298 976 1477 1028 καλεῖν,
1509 968 1620 1016 οὐδε

182 1058 236 1084 τα
260 1037 473 1098 ἀνόμοιόν
496 1059 537 1085 τι
562 1044 720 1097 ἔχοντα
743 1036 947 1096 ἀνόμοια,
980 1035 1066 1084 κᾶν
1098 1037 1219 1083 πάνυ
1243 1036 1433 1097 σμικρὸν
1465 1043 1544 1098 ἔχῃ
1567 1037 1618 1084 τὰ

182 1105 348 1165 ὅμοιον.
375 1109 465 1152 Καὶ
490 1106 575 1165 ἐγώ
599 1104 837 1165 θαυμασας
864 1105 990 1151 εἷπον
1014 1104 1124 1165 πρὸς
1148 1103 1307 1151 αὐτόν
1329 1098 1385 1151 'H
1399 1104 1484 1165 γὰρ
1501 1104 1618 1152 οὕτω

185 1189 255 1220 σοι
278 1173 326 1219 τὸ
353 1178 529 1220 δίκαιον
553 1176 627 1220 καὶ
651 1175 699 1219 τό
724 1172 849 1219 ὅσιον
867 1173 978 1233 πρὸς
1001 1171 1172 1232 ἄλληλα
1197 1178 1300 1232 ἔχει,
1327 1171 1440 1219 ω’στε
1463 1172 1619 1232 ομοιόν

274 1306 321 1341 D.
340 1302 466 1339 ἔστιν
482 1317 572 1349 οπῃ
587 1303 854 1349 προσέοικε]
873 1305 1057 1340 Sic-Coisl.
1068 1306 1200 1339 Venet.
1210 1306 1256 1338 Σ.
1267 1316 1433 1346 exeorr.;
1453 1305 1520 1338 alii
1533 1306 1620 1339 libri

184 1343 204 1383 ὃ
222 1346 286 1394 μή.
312 1352 474 1384 Verum
464 1362 536 1384 iam
556 1351 920 1384 Schleiermacherus
940 1352 1156 1385 coniectura
1173 1353 1368 1384 assecutus
1386 1353 1480 1384 erat.

274 1397 318 1431 E.
344 1393 422 1440 ἔχῃ
454 1393 501 1429 τὸ
536 1390 719 1440 ομοιον]
747 1393 1199 1440 Βοᾶ1.ἒ’χει.8ιιιιρρὶιιε
1233 1390 1275 1429 τὰ
1310 1389 1446 1439 ὅμοιον
1477 1395 1620 1430 delevit

186 1444 338 1474 auctore
361 1442 652 1485 Hennebergero
676 1442 844 1483 (Adnott.
869 1442 914 1474 ad
938 1442 1037 1476 Plat.
1064 1442 1209 1483 aliquot
1231 1442 1332 1474 locos
1355 1452 1391 1484 p.
1409 1441 1467 1482 5),
1493 1441 1559 1474 sed
1582 1452 1617 1475 v.

187 1496 272 1521 ann.

228 1570 275 1609 τὸ
307 1570 346 1609 δ’
382 1570 458 1619 ἔμέ
491 1587 522 1609 τ.
557 1587 591 1608 κ.
626 1573 672 1609 σὲ
706 1575 860 1620 τοῦτο]

181 1620 287 1654 Haec
296 1632 354 1654 me
373 1625 409 1654 et
424 1625 462 1654 te
483 1621 564 1654 dico
575 1631 682 1664 quum
694 1622 862 1659 arbitrer,

181 1667 236 1699 ita
249 1667 453 1699 orationem
461 1667 667 1699 rectissime
679 1667 865 1709 explorari

182 1722 303 1754 posse,
319 1713 351 1743 si
360 1713 441 1754 quis
454 1711 614 1743 illud‘si⁷
630 1722 674 1744 ex
684 1713 865 1752 eatollat;

184 1757 233 1791 cf.
247 1755 406 1799 P 333C.
426 1756 658 1789 Sententiam
676 1756 865 1789 Stallbau-

182 1802 276 1834 mius
292 1801 388 1834 bene
406 1802 462 1833 sic
486 1802 651 1844 aperuit:
676 1802 769 1834 Non
788 1812 864 1834 cu-

182 1847 256 1889 pio
281 1847 523 1889 explorare
542 1846 587 1878 id
604 1846 717 1888 quod
739 1849 864 1890 sumi-

182 1902 283 1926 mus,
326 1893 462 1923 etiam
497 1893 535 1923 si
566 1902 717 1924 verum
748 1892 864 1925 illud

184 1937 284 1978 esssse
301 1946 567 1978 persuasum
591 1947 677 1968 non
694 1937 863 1970 habea-

182 1992 293 2021 mus3
342 1981 420 2014 sed
467 1992 617 2014 veram
662 1985 864 2015 nostram

183 2028 462 2059 sententiam
496 2030 541 2060 et
573 2030 767 2059 mentem
799 2022 862 2068 (τὸ

182 2066 247 2114 ε’μέ
271 2082 312 2104 τε
335 2069 402 2104 καὶ
425 2069 486 2111 σέ)
529 2073 664 2115 cupio
698 2083 863 2116 cogno-

183 2127 304 2149 scere
323 2120 368 2149 et
386 2117 637 2160 explorare
663 2118 774 2150 Puto
794 2129 862 2150 au-

183 2165 269 2194 tem
302 2172 365 2194 me
398 2162 464 2194 ita
486 2163 568 2195 hoe
602 2163 767 2206 optime
794 2163 865 2196 fa-

184 2217 290 2239 cere
322 2217 475 2249 posse,
516 2210 558 2240 si
582 2209 682 2260 quis
705 2209 863 2240 eondi-

181 2253 324 2284 tionis
339 2248 647 2295 arbitrium(·co
663 2252 862 2296 sffiplane

184 2298 741 2339 removeatatquetollat.
775 2299 863 2332 Per-

183 2352 310 2384 peram
342 2341 588 2375 Cornarius
620 2354 686 2386 pro
719 2338 864 2388 ἑλέγχε·

183 2387 279 2420 σθαι
296 2387 414 2420 voluit
431 2384 616 2430 λέγεσθαι
633 2389 759 2422 scribi.

229 2455 274 2486 D.
333 2448 547 2499 ἁμῃγέπῃ
594 2453 860 2500 προσέοικε]

183 2510 270 2531 una
316 2503 440 2532 certe
486 2489 642 2542 aliqua
680 2502 862 2535 ratione

184 2545 338 2578 simile
359 2548 439 2578 est.

227 2613 271 2646 Ε.
314 2623 400 2646 nav
433 2611 583 2645 ταῦτα
614 2607 859 2665 ἐλέγχοις]

182 2657 248 2690 int.
297 2652 345 2690 τὰ
385 2656 453 2690 τοῦ
497 2652 699 2701 προσώπου
731 2654 860 2702 μόρια.

182 2702 277 2735 Nam
293 2703 583 2736 sententiahaec
602 2706 675 2736 est.
691 2704 765 2736 ista
783 2705 863 2746 qui-

184 2747 264 2780 dem
295 2750 452 2790 ratione,
485 2748 516 2780 si
545 2748 719 2791 volueris,
752 2751 865 2782 etiam

183 2791 251 2824 has
267 2792 382 2825 faciei
405 2795 531 2836 partes
555 2802 679 2826 omnes
703 2794 801 2827 inter
824 2804 864 2827 se

183 2836 323 2871 similes
341 2848 423 2871 esse
441 2837 580 2871 efficies
598 2842 637 2872 et
653 2849 774 2882 coges.

978 1588 1065 1610 καν
1088 1570 1211 1609 πάνυ
1234 1570 1452 1629 σμικρόὶῧν
1467 1572 1546 1620 ἔχῃ
1571 1570 1617 1609 τὸ

934 1615 1180 1677 ὅμοιον]Η
1182 1648 1191 1656 .
1216 1632 1248 1654 e.
1272 1613 1347 1654 κᾶν
1369 1616 1411 1654 τὸ
1430 1614 1577 1665 ὅμοιον,
1596 1614 1618 1654 ὁ

935 1664 1026 1711 ἔχει,
1045 1662 1149 1700 πάνυ
1166 1661 1326 1710 σμικρὸν
1349 1658 1386 1710 ᾖ.
1427 1667 1617 1709 Frequens

935 1723 1051 1754 genus
1067 1713 1136 1745 hoe
1158 1712 1494 1754 breviloquentiae.
1549 1712 1618 1744 Fi-

937 1759 1063 1790 cinus
1080 1758 1175 1791 haec
1193 1757 1245 1788 sie
1263 1757 1526 1799 interpretatus
1544 1760 1620 1789 est:

937 1803 974 1834 si
992 1803 1201 1845 exiguum
1220 1801 1427 1843 quiddam
1444 1801 1619 1834 habent

935 1847 1086 1880 simile
1105 1850 1148 1880 et
1172 1846 1414 1879 dissimile.
1461 1847 1619 1880 Videtur

932 1894 1049 1935 igitur
1064 1893 1103 1924 in
1120 1892 1215 1924 libro
1234 1902 1299 1924 suo
1316 1892 1504 1932 habuisse,
1522 1892 1619 1934 quod

934 1939 979 1970 de
1037 1938 1251 1970 coniectura
1300 1936 1324 1969 S
1334 1947 1353 1969 c
1362 1937 1406 1969 hl
1418 1947 1436 1969 e
1446 1938 1459 1968 i
1469 1947 1489 1969 e
1498 1947 1613 1970 rma-

934 1983 1061 2015 cheri
1085 1983 1124 2014 in
1153 1982 1318 2015 ordinem
1340 1982 1535 2015 verborum
1559 1993 1616 2014 re

934 2029 1033 2071 cepit
1049 2028 1371 2060 Heindorfius.
1389 2021 1508 2072 ἕχῃτό
1526 2021 1617 2060 οἶνό-

932 2083 1046 2115 μοιον
1061 2066 1087 2116 ἢ
1103 2067 1146 2106 τὸ
1163 2083 1309 2115 ομοιον.
1350 2073 1478 2114 Neque
1491 2076 1617 2105 tamen

931 2119 1060 2151 invitis
1098 2118 1205 2150 libris
1244 2118 1441 2160 quidquam
1474 2120 1617 2150 mutan-

932 2163 1016 2196 dum
1040 2173 1187 2196 censeo.
1245 2164 1364 2216 (guum
1388 2163 1485 2194 enim
1501 2162 1617 2195 haee.

932 2202 1024 2242 οὐδὲ
1042 2202 1090 2241 τὰ
1106 2203 1294 2251 οἷνόμοιον
1310 2219 1346 2241 τι
1372 2205 1509 2250 ἔχοντα
1526 2202 1617 2241 οἶνό-

932 2264 1044 2297 μοιοι,
1085 2254 1218 2295 quasi
1258 2253 1411 2285 obiter
1455 2252 1616 2285 addita

933 2300 1028 2331 sint
1059 2298 1405 2330 illustrationis
1433 2298 1614 2350 gratia,

932 2344 1059 2386 quidni
1090 2344 1254 2386 potuerit
1282 2353 1381 2375 nunc
1404 2338 1446 2375 τὸ
1481 2353 1617 2385 ομοιον

932 2390 1050 2422 solum
1067 2388 1367 2421 commemorari?
1383 2388 1516 2430 Itaque
1534 2389 1614 2430 ipse

933 2433 1393 2467 Sehleiermaeherus
1416 2436 1545 2475 postea
1569 2433 1615 2465 de

930 2481 1090 2512 veritate
1121 2479 1224 2511 illius
1258 2478 1528 2511 emendationis
1550 2477 1616 2509 du-

931 2524 1082 2558 bitavit.
1120 2534 1155 2556 v.
1197 2525 1277 2556 eius
1316 2526 1441 2556 annot.
1474 2534 1510 2565 p.
1534 2524 1613 2556 409.

932 2568 1053 2601 Stallb.
1101 2568 1240 2601 Eodem
1264 2569 1370 2601 modo
1395 2568 1515 2600 oratio
1539 2567 1615 2600 for-

931 2618 1034 2646 mata
1065 2616 1123 2646 est
1151 2625 1190 2656 p.
1212 2616 1279 2647 345
1303 2614 1344 2645 C.
1380 2612 1613 2645 confirmant-

931 2669 1002 2700 que
1035 2659 1131 2691 hanc
1170 2658 1513 2710 interpretationem
1546 2657 1612 2690 So—

933 2705 1046 2736 cratis
1062 2704 1352 2757 verbaproxima
1367 2712 1462 2736 ωστε
1477 2696 1615 2744 ομοιόν

933 2761 969 2782 τι
987 2758 1036 2792 σμ
1039 2745 1098 2783 ,ἐζ
1118 2743 1200 2782 ἄλλ.
1219 2752 1276 2781 ‘ut
1301 2748 1472 2790 exiguam
1497 2757 1613 2790 quan

934 2760 1036 2826 damu
1035 2795 1131 2827 inter
1154 2804 1194 2826 se
1216 2794 1383 2826 habeant
1404 2793 1615 2826 similitudi·

934 2843 1050 2880 nem'3
1071 2840 1167 2872 conf.
1185 2849 1221 2882 p.
1239 2839 1306 2872 356
1320 2838 1363 2871 A.

1276 2893 1335 2935 7*
