1690 2892
258 178 308 216 27
313 182 337 216 0
797 183 1055 223 PLATONIS

254 290 393 339 ψυχῆς
419 286 557 336 τάξεσί
596 302 639 328 τε
666 287 737 330 καὶ
772 292 999 345 κοσμήσεσι
1035 291 1220 345 νόμιμόν
1257 306 1301 334 τε
1337 294 1408 335 καὶ
1449 290 1585 348 νὸμος

254 346 360 390 ὅθεν
387 350 457 391 καὶ
484 352 655 405 νόμιμοι
679 353 898 406 γίγνονται
934 356 1006 397 καὶ
1041 356 1228 409 κόσμιοι·
1266 363 1398 398 ταῦτα
1432 355 1470 399 δ’
1498 357 1584 401 ἔστι

253 414 501 468 δικαιοσύνη
548 430 592 457 τε
639 417 710 459 καὶ
759 420 1029 473 σωφροσύνη.
1085 422 1191 475 φής,
1238 421 1264 474 ἢ
1314 424 1389 472 οὓς
1446 425 1580 465 ΚΑΛ.

242 473 401 519 Ἐστω.

336 542 442 601 Cap.
471 545 568 587 LX.
626 547 727 587 ΣΩ.
778 546 954 589 Οὐκοῦν
997 549 1104 601 πρὸς
1148 554 1280 590 ταῦτα
1319 545 1374 591 αὖ
1414 548 1582 603 βλέπων

250 607 274 649 ὁ
301 608 440 662 ῥήτωρ
469 608 650 662 ἐκεῖνος,
690 610 714 652 ὁ
742 612 929 664 τεχνικός
968 625 1012 652 τε
1050 611 1121 652 καὶ
1156 612 1342 665 α’γαθός,
1385 613 1455 655 καὶ
1480 615 1580 664 τοὺς

248 673 403 726 λόγους
443 675 655 727 προςοίσει
697 678 788 723 ταῖς
824 679 979 729 ψυχαῖς
1025 672 1101 724 οὓς
1148 676 1201 717 ἂν
1241 675 1342 732 λέγῃ
1388 679 1456 720 καὶ
1506 679 1580 728 τὰς

246 738 413 789 πράξεις
439 738 623 788 ἁπάσας,
652 738 721 780 καὶ
749 739 888 792 δῶρον
916 739 990 781 ἐάν
1017 756 1055 781 τι
1082 741 1206 794 διδῷ,
1235 742 1377 793 δώσει,
1405 743 1475 784 καὶ
1503 743 1579 785 ἐάν

247 818 287 843 τι
324 802 576 856 ἀφαιρῆται,
612 803 911 858 ἀφαιρήσεται,
949 805 1056 857 πρὸς
1090 811 1218 847 τοῦτο
1257 805 1320 847 αἐὶ
1355 807 1431 849 τὸν
1470 815 1579 850 νοῦν

180 863 218 905 Ε
249 864 376 920 ἔχων,
417 864 532 915 ὅπως
559 866 614 908 ἂν
642 869 774 909 αὐτοῦ
812 871 901 917 τοῖς
928 869 1116 918 πολίταις
1151 872 1400 925 δικαιοσύνη
1427 873 1505 926 μὲν
1531 872 1578 914 ἐν

246 935 337 979 ταῖς
367 934 521 986 ψυχαῖς
547 931 760 985 γίγνηται,
803 933 944 974 άδικία
972 932 1015 974 δὲ
1045 934 1374 990 ἀπαλλάττηται,
1402 937 1474 978 καὶ
1501 948 1577 978 σω-

246 996 442 1048 φροσύνη
470 994 548 1048 μὲν
575 995 831 1051 ἐγγίγνηται,
859 997 1063 1039 ἀκολασία
1089 997 1134 1039 δὲ
1162 998 1479 1054 ἀπαλλάττηται,
1507 1001 1578 1043 καὶ

245 1060 272 1113 ή
299 1062 403 1113 ἄλλη
431 1058 558 1113 ἀρετὴ
587 1059 845 1114 ἐγγίγνηται,
883 1062 1010 1103 κακία
1037 1060 1081 1103 δὲ
1108 1062 1233 1117 ἀπίῃς
1261 1068 1510 1118 συγχωρεῖς,
1548 1066 1575 1119 ἢ

245 1127 315 1173 οὕς
356 1126 491 1165 ΚΑΛ.
521 1126 752 1178 Συγχωρώ.
806 1127 908 1166 ΣΩ.
955 1126 1006 1166 Τί
1031 1126 1113 1179 γὰρ
1150 1129 1322 1179 ὄφελος,
1359 1124 1393 1169 ὦ
1424 1131 1575 1171 Καλλί-

243 1192 374 1236 κλεις
427 1189 585 1242 σώματί
621 1204 667 1242 γε
706 1190 909 1243 κάμνοντι
949 1189 1019 1231 καὶ
1063 1195 1290 1246 μοχθηρῶς
1327 1194 1574 1250 διακειμένῳ

243 1253 352 1293 σιτία
380 1253 514 1294 πολλὰ
543 1254 706 1294 διδόναι
733 1253 803 1295 καὶ
831 1254 881 1295 τὰ
902 1254 1049 1308 ἥδιστα
1077 1255 1229 1309 ἢποτὰ
1256 1256 1282 1309 ἢ
1310 1253 1395 1299 ἄλλ’
1416 1258 1572 1308 ὁτιοῦν,

242 1318 265 1358 ὃ
293 1318 349 1371 μὴ
386 1317 530 1371 ὀνήσει
565 1319 669 1360 αὐτὸ
706 1313 792 1360 «ξ’σθ
835 1315 903 1360 ὅτε
942 1318 1072 1361 πλέον
1098 1316 1128 1374 ἦ
1153 1321 1428 1370 τούναντίον,
1467 1325 1573 1364 κατά

306 1506 349 1538 D.
373 1504 524 1547 τάξεσί
544 1518 584 1539 τε
608 1507 677 1540 καὶ
703 1506 751 1551 κ.]
777 1519 810 1540 τε
833 1508 986 1541 additum
1009 1519 1052 1542 ex
1076 1510 1159 1542 Ven.
1187 1511 1225 1543 Ξ.
1250 1510 1352 1544 vind.
1376 1510 1406 1544 1.
1430 1511 1462 1544 2.
1484 1510 1516 1546 6.
1540 1510 1571 1545 7.

239 1551 315 1582 Par.
340 1551 443 1583 BIV.
467 1551 557 1583 Flor.
583 1562 612 1584 a.
638 1553 669 1584 b.
692 1562 722 1584 c.
746 1552 776 1584 d.
800 1553 964 1586 m.130d1.

314 1593 459 1628 Οὕκοῦ
452 1608 488 1626 ν
512 1594 621 1637 πρὸς
654 1600 782 1629 ταῦτα
814 1591 866 1630 αὖ
889 1597 1072 1641 βλέπων]
1104 1593 1149 1631 αὖ
1172 1599 1287 1631 addidi
1310 1611 1352 1632 ex
1376 1601 1462 1633 Ven.
1490 1601 1570 1634 ΞΣ.

239 1639 340 1672 vind.
364 1639 396 1672 2.
420 1638 451 1673 7.
480 1641 569 1674 Flor.
595 1652 625 1676 a.
650 1651 679 1676 o.
704 1641 735 1674 d.
758 1653 801 1674 m.
826 1653 856 1675 ο.
879 1653 912 1675 x.
943 1643 1041 1675 Bodl.
1066 1644 1154 1686 Aug.
1184 1645 1323 1677 Meorm.
1355 1644 1427 1677 Alii
1457 1656 1568 1678 serva—

237 1689 316 1717 runt
338 1685 467 1739 vulgat.

303 1730 341 1761 E.
369 1727 387 1762 ὃ
412 1726 465 1773 μὴ
489 1726 641 1772 ὀνήσει
665 1728 768 1763 αὐτὸ
794 1729 884 1763 ἐσθ’
909 1730 974 1764 ὅτε
999 1731 1078 1775 πλ.]
1103 1733 1144 1765 V.
1167 1731 1289 1776 οἰήσῃ
1336 1733 1426 1766 Illud
1449 1731 1568 1778 ὀνήσει

236 1774 400 1815 praebent
423 1774 527 1807 Coisl.
550 1775 636 1807 Ven.
662 1776 741 1808 ΞΣ.
769 1775 871 1808 Vind.
894 1774 926 1808 2.
949 1775 980 1810 6.
1006 1775 1036 1809 7.
1066 1777 1142 1810 Par.
1166 1778 1285 1810 IVW.
1315 1779 1406 1812 Flor
1428 1790 1459 1812 ι.
1483 1780 1514 1813 b.
1539 1790 1567 1812 c.

235 1818 267 1850 d.
291 1829 335 1851 m.
358 1829 389 1851 o.
412 1829 443 1850 x.
470 1818 565 1853 Bodl.
590 1820 728 1852 Meerm.
773 1820 839 1852 Pro
865 1818 941 1853 ἔσθ’
967 1819 1037 1859 ὅτε,
1072 1822 1162 1863 quod
1186 1822 1370 1856 Comarius
1402 1834 1567 1867 reponen-

236 1862 316 1895 dum
338 1863 424 1895 vidit
446 1862 658 1906 firmavitque
682 1864 755 1897 cod.
772 1865 881 1906 Bod1.,
903 1866 1004 1898 ceteri
1026 1866 1105 1898 libri
1129 1878 1246 1899 omnes
1269 1879 1344 1900 cum
1369 1873 1448 1900 vett.
1473 1868 1566 1901 editt.

236 1905 395 1941 5'07'611.
450 1908 488 1940 Id
519 1919 626 1951 nuper
657 1910 776 1942 Astius
806 1911 929 1943 mutari
961 1912 1061 1943 iussit
1091 1912 1127 1943 in
1157 1909 1234 1944 ἔσθ’
1258 1911 1278 1944 ὅ
1302 1925 1346 1952 ιι,
1381 1913 1418 1945 ἐπ
1447 1913 1567 1955 irqend

279 2064 321 2096 D.
355 2063 483 2097 ταῦτα
516 2062 545 2097 δ’
582 2065 668 2098 ἔστι
703 2065 866 2098 δικαιο·

235 2119 287 2140 συ
281 2108 371 2152 ἰη]
418 2110 483 2141 Int.
522 2107 558 2142 τὸ
591 2108 734 2149 νόμιμοι
765 2110 819 2142 καὶ
845 2109 864 2142 ὁ

236 2152 338 2192 νόμος
362 2158 431 2195 aut,
461 2155 491 2186 si
516 2155 635 2195 mavis,
659 2154 694 2186 τὸ
721 2153 866 2194 νόμιμοι

232 2193 322 2230 εἶναι
354 2199 409 2230 καὶ
441 2197 594 2238 κόσμιοι.
648 2200 701 2231 De
731 2200 812 2241 Rep.
838 2200 863 2232 1.

232 2253 262 2284 p.
286 2241 362 2276 344.
386 2244 435 2275 A:
461 2244 531 2275 ἔστι
554 2243 593 2276 δὲ
618 2247 714 2276 τοῦτο
738 2255 862 2284 τυραν-

235 2290 298 2326 νι’,ε
321 2297 369 2320 so.
392 2285 532 2321 ἀδικεῖν.
564 2288 709 2321 P.haedr
732 2299 764 2330 p.
787 2287 863 2321 249.

231 2333 275 2364 Β.
310 2331 367 2364 δεῖ
395 2330 460 2375 γὰρ
485 2330 681 2374 ἄνθρωποι
710 2332 863 2374 ξινιέιναι

230 2374 298 2408 κατ’
323 2373 420 2411 εἶδος
449 2376 636 2421 λεγόμενον
667 2377 704 2410 ἐκ
729 2379 863 2410 πολλῶν

231 2420 290 2453 ι’ὸν
319 2420 525 2464 αἰσθήσεων
557 2422 611 2456 εἰς
641 2422 683 2454 ἓν
714 2423 862 2465 λογισμῷ

229 2465 515 2507 §mmpmifletw
561 2470 621 2499 τοῦ
625 2479 659 2499 to
700 2466 738 2499 δέ
768 2465 861 2499 ἐστα

228 2508 422 2553 α’νάμιησις
452 2510 599 2542 ἐκείνων
622 2524 650 2544 u.
676 2519 700 2543 t.
725 2513 769 2549 λ.,
801 2510 861 2543 ubi

227 2560 339 2595 recte,
371 2556 506 2597 opinor,
548 2555 860 2588 Heindorfius.

228 2599 381 2637 ,.τοῦιο”,
405 2600 533 2641 inquit,
557 2601 600 2640 ,‚i.
624 2611 653 2633 e.
679 2598 714 2632 ιὸ
740 2610 858 2632 συναι-

230 2648 307 2685 ρεῖν
329 2645 479 2687 λογισμῷ
510 2644 562 2678 εἰς
592 2645 633 2676 ἒν
658 2644 781 2678 πολλὰς
804 2644 857 2677 αἰ-

230 2687 404 2732 σθήσεις.”
436 2688 560 2722 Paullo
583 2690 682 2722 aliter
704 2689 858 2723 Sohae-

932 2066 1054 2098 ferus
1084 2065 1128 2099 ad
1158 2067 1564 2111 Demosthen.App⁸1-at.

933 2112 974 2143 Τ.
1005 2111 1046 2143 V.
1077 2121 1109 2153 p.
1138 2109 1216 2144 289.
1246 2112 1352 2145 verba
1382 2113 1564 2147 intellexit.

998 2177 1082 2219 Cap.
1133 2178 1207 2210 Lx.
1276 2177 1381 2220 πρὸς
1437 2183 1561 2212 τοῦιο

930 2218 996 2254 dez
1029 2220 1102 2253 τὸν
1137 2226 1240 2255 νοῦν
1271 2223 1462 2268 ἔχων-Ἰ
1495 2225 1562 2257 Ex—

929 2265 1102 2320 plicantur
1138 2268 1312 2309 superiora
1347 2268 1430 2301 illa·
1474 2268 1563 2311 πρὸς

930 2315 1031 2343 ταῦτα
1047 2305 1099 2366 ,lat
1120 2311 1270 2353 βλέπων.
1318 2313 1406 2345 Dein
1430 2314 1465 2345 in
1489 2324 1562 2346 ver-

930 2354 982 2387 bis
1011 2353 1056 2387 αι’*
1061 2359 1119 2387 τοῦ
1150 2361 1217 2389 tots*
1260 2358 1410 2392 πολίταις
1446 2360 1560 2390 rectis—

928 2400 1012 2432 sime
1036 2411 1110 2433 sese
1133 2401 1237 2434 habet
1254 2402 1438 2444 genitivus,
1460 2413 1560 2444 quem

928 2454 990 2476 cur
1021 2455 1168 2487 nuperus
1198 2446 1335 2488 quidam
1365 2447 1501 2480 criticus
1524 2448 1558 2479 in

928 2486 1020 2532 αὐτῷ
1044 2491 1234 2531 mutaverit,
1257 2500 1413 2523 caussam
1434 2491 1562 2523 intelli-

927 2534 1039 2576 gimus
1064 2533 1206 2568 nullum.

969 2601 1007 2632 E.
1020 2602 1087 2632 καὶ
1114 2601 1208 2633 ἔλατ
1220 2600 1333 2642 ιον]’
1323 2612 1405 2633 ιιιιο
1429 2603 1556 2635 etiam

925 2655 957 2676 m
970 2645 1010 2676 in
1022 2656 1045 2677 u
1055 2655 1082 2677 ε.
1128 2646 1233 2678 Hune
1267 2646 1426 2679 vocabuli
1459 2657 1558 2679 unum

926 2690 1026 2732 attigi
1044 2690 1087 2722 ad
1099 2690 1244 2734 Apolog.
1257 2690 1384 2724 Soet-nt.
1400 2701 1432 2734 p.
1442 2690 1496 2725 23.
1505 2692 1558 2734 Α.,
