1682 2944
486 107 560 145 AD
588 106 834 146 GORGIAM
862 105 1134 144 PLATONIS.
1438 106 1487 142 19

130 223 170 259 et
207 220 320 269 longe
358 219 617 270 pulcherrima
665 222 705 258 et
741 219 914 258 omnium
960 217 1168 257 utilissima
1206 217 1385 255 habenda
1423 216 1485 254 sit.

130 278 173 316 P.
203 277 296 315 478.
326 278 374 315 A.
404 299 461 304 —
487 276 528 315 G.
585 275 695 318 Quae
723 276 756 314 si
784 289 877 315 vera
905 280 1013 322 suut,
1044 288 1150 322 eum,
1188 273 1255 325 qui
1291 274 1391 311 male
1428 273 1485 310 fa-

129 337 278 372 ctorum
305 334 434 372 nullas
461 346 604 384 poenas
632 334 736 380 luat,
767 333 939 370 omnium
966 331 1224 370 miserrimum
1253 344 1336 368 esse
1371 330 1485 368 facile

129 396 298 441 apparet.
355 391 456 429 Nam
484 390 806 442 quemadmodum
840 390 894 436 is,
934 389 1002 440 qui
1029 389 1143 438 plane
1181 401 1260 426 non
1298 390 1484 435 aegrotat,

128 448 277 486 beatior
305 450 365 486 est
391 460 448 494 eo,
477 447 544 498 qui
573 460 613 485 se
643 447 858 485 sanandum
886 450 1007 492 curat,
1046 449 1179 484 contra
1204 444 1379 482 miserior
1406 444 1484 491 ifle,

127 505 205 555 qui,
235 517 354 556 quum
374 504 507 542 morbo
536 503 666 555 aliquo
684 504 844 550 laboret,
874 506 1003 541 tamen
1033 516 1073 540 se
1102 502 1248 540 medico
1272 501 1485 539 curandum

127 574 207 599 non
233 561 362 608 tradit,
391 574 509 612 quam
537 560 582 607 is,
611 560 679 612 qui
709 573 732 597 a
760 560 861 597 malo
889 559 1129 606 vindicatur,
1159 559 1215 597 ita
1238 558 1484 596 beatissimus

129 621 187 656 est
215 617 281 669 qui
310 618 420 655 nulla
446 617 598 655 laborat
615 617 734 654 animi
753 617 965 666 pravitate;
995 615 1087 653 huic
1108 615 1307 665 proximus
1327 614 1486 654 Videtur

127 674 194 726 qui
223 675 271 712 ab
299 673 368 712 illa
395 673 625 721 vindicatur,
655 675 726 711 hoe
754 677 824 720 est,
854 673 921 724 qui
940 677 1131 719 monetur,
1161 672 1383 721 castigatur,
1412 685 1483 721 pu-

126 731 250 777 nitur;
290 730 480 780 pessimus
516 734 647 769 autem
684 730 999 781 miserrimusque
1038 729 1210 767 omnium
1247 729 1385 767 merito
1413 729 1482 765 ha-

125 788 240 826 betur
267 787 344 834 ille,
373 787 452 839 qui,
481 800 602 838 quum
630 787 826 837 improbus
852 786 1100 837 iniustusque
1130 786 1192 833 sit,
1223 785 1330 823 nulla
1358 798 1483 835 poena

127 844 338 893 castigatur
365 848 405 882 et
432 844 480 882 ad
508 844 706 882 meliorem
735 847 905 882 mentem
943 846 1148 881 revocatur
1184 842 1348 893 ideoque
1378 844 1482 880 aeta-

125 903 205 939 tem
233 901 339 949 degit
374 900 482 940 vitiis
521 900 747 952 inquinatus
785 900 1032 951 maximoque
1060 900 1181 946 malo,
1221 899 1294 937 hoc
1323 902 1384 937 est
1411 898 1482 935 im-

124 957 315 1007 probitate
353 961 393 996 et
429 957 643 1004 iniustitia,
683 961 875 996 oneratus.
943 956 1132 997 Quocirca
1169 960 1323 994 tantum
1361 957 1482 1003 abest,

124 1018 170 1052 ut
197 1014 265 1065 qui
292 1014 436 1052 iustam
471 1027 636 1064 poenam
673 1014 887 1052 facinorum
924 1027 1082 1051 suorum
1120 1012 1314 1061 effugiunt
1350 1012 1482 1050 felices

123 1070 367 1120 praedicandi
397 1071 492 1119 sint,
532 1075 577 1110 ut
611 1071 815 1109 miserrimi
854 1071 1026 1108 omnium
1065 1069 1233 1108 habendi
1262 1069 1480 1109 videantur.

124 1128 166 1165 P.
197 1128 290 1166 478.
321 1128 360 1166 O.
381 1150 438 1155 ——
459 1128 551 1166 479.
581 1129 626 1166 E.
673 1129 758 1166 Iam
787 1128 819 1166 si
849 1141 899 1165 ex
926 1127 986 1174 iis,
1024 1140 1122 1178 quae
1154 1126 1352 1176 disputata
1377 1130 1481 1173 sunt,

124 1184 388 1231 aestimemus,
418 1198 610 1236 quaenam
638 1184 690 1223 sit
716 1185 926 1223 rhetorices
955 1183 1124 1230 utilitas,
1156 1184 1344 1234 eaplane
1373 1183 1483 1221 nulla

124 1253 208 1279 esse
236 1241 443 1279 videbitur.
502 1242 636 1280 Solent
673 1241 777 1279 enim
805 1245 974 1279 oratores
1013 1244 1136 1279 artem
1174 1253 1284 1278 suam
1312 1241 1480 1290 plerum-

126 1310 200 1348 que
230 1298 412 1336 adhibere
451 1298 499 1335 ad
537 1298 757 1336 excusanda
794 1302 862 1336 aut
901 1298 1142 1336 defendenda
1177 1310 1242 1344 ea,
1282 1310 1381 1348 quae
1410 1297 1480 1334 im-

125 1355 242 1403 probe
270 1358 310 1392 et
336 1354 480 1392 iniuste
508 1354 611 1393 facta
639 1358 752 1401 sunt,
783 1358 823 1393 et
851 1368 972 1406 quum
1000 1354 1195 1401 homines,
1226 1352 1259 1391 si
1288 1357 1479 1403 saperent,

125 1424 219 1458 sese,
249 1414 294 1449 ut
310 1411 458 1448 medico
486 1410 528 1448 in
545 1411 688 1449 morbis
709 1411 888 1461 corporis,
917 1411 972 1449 ita
1000 1410 1118 1448 iudici
1136 1410 1178 1447 in
1197 1410 1340 1448 morbis
1361 1410 1480 1448 animi

124 1468 310 1506 curandos
338 1467 657 1519 castigandosque
686 1481 757 1506 sua
785 1472 922 1518 sponte
950 1467 1131 1506 tradituri
1161 1470 1309 1514 essent,
1354 1467 1412 1505 illi
1441 1467 1481 1505 id

123 1525 282 1563 student
309 1524 480 1571 efficere,
519 1528 566 1563 ut
591 1525 833 1564 inveteratus
869 1524 1083 1563 iniustitiae
1121 1524 1278 1562 morbus
1301 1524 1480 1562 'animum

122 1582 258 1619 reddat
294 1582 561 1620 exulceratum
599 1585 716 1633 atque
755 1581 1029 1620 insanabilem!
1061 1603 1118 1608 -
1146 1582 1287 1632 Itaque
1316 1581 1372 1628 ei,
1412 1581 1479 1632 qui

122 1637 303 1675 iniuriam
332 1638 417 1676 aliis
445 1638 588 1677 inferre
616 1651 695 1676 non
723 1639 837 1686 solet,
877 1639 983 1676 haud
1011 1651 1103 1676 sane
1132 1651 1313 1687 magnam
1342 1638 1480 1675 afferre

122 1698 250 1744 potest
275 1695 465 1734 rhetorice
492 1695 722 1743 utilitatem,
761 1696 793 1734 si
830 1697 943 1734 modo
980 1696 1063 1733 ulla
1101 1700 1161 1734 est
1197 1695 1281 1733 eius
1317 1695 1479 1734 utilitas.

122 1751 165 1789 P.
197 1755 289 1790 480.
319 1754 367 1790 A.
395 1774 453 1779 —
483 1755 575 1791 481.
605 1753 648 1791 Β.

206 1863 283 1902 Hic
318 1877 411 1903 vero
448 1864 623 1903 Callicles
660 1864 931 1912 Atheniensis,
980 1865 1120 1914 hospes
1158 1862 1322 1914 Gorgiae
1361 1867 1479 1916 atque

123 1919 217 1967 Poli,
245 1921 360 1958 homo
387 1921 621 1971 reipublicae
651 1923 840 1971 gerendae
876 1922 1092 1969 studiosus,
1132 1922 1200 1973 qui
1230 1922 1367 1959 Polum
1396 1922 1478 1959 ani-

123 1976 332 2016 madvertit
359 1979 408 2015 ad
436 1978 634 2017 silentium
663 1991 746 2017 esse
774 1979 992 2026 redactum,
1022 1979 1125 2017 ultro
1152 1991 1367 2017 sermonem
1395 1992 1478 2017 sus-

123 2032 216 2083 cipit
233 2047 449 2086 magnoque
478 2048 566 2072 eum
594 2035 712 2073 animi
742 2036 876 2073 ardore
905 2049 1080 2074 caussam
1106 2035 1148 2072 in
1177 2035 1382 2073 discrimen
1412 2036 1477 2073 ad-

122 2090 277 2128 ductam
305 2091 406 2130 tueri
436 2095 607 2130 conatur.
644 2092 760 2130 Dicas
788 2092 895 2140 mihi,
925 2092 1065 2144 inquit,
1096 2105 1117 2130 0
1147 2092 1314 2139 Socrate,
1344 2096 1477 2130 utrum

121 2149 161 2184 te
189 2147 456 2187 existimemus
484 2162 588 2187 nunc
616 2149 715 2188 serio
743 2149 862 2201 loqui,
901 2162 951 2187 an
979 2162 1072 2189 vero
1100 2149 1234 2188 ludere
1263 2162 1307 2186 ac
1334 2148 1477 2186 iocari?

122 2201 274 2253 Quippe
310 2204 344 2243 si
372 2218 466 2244 vera
502 2209 595 2244 sunt
630 2217 730 2258 quae
766 2209 811 2245 tu
850 2206 963 2253 dicis,
1003 2219 1131 2244 nomie
1159 2206 1243 2246 vita
1277 2206 1478 2244 hominum

121 2259 235 2308 plane
264 2273 398 2299 eversa
426 2262 501 2300 erit
528 2275 737 2323 omnesque
765 2263 1003 2302 videbuntur
1039 2263 1165 2301 faeere
1194 2263 1386 2301 contraria
1413 2262 1472 2310 iis,

122 2328 221 2366 quae
250 2317 334 2355 fieri
370 2319 568 2368 oporteat?
625 2320 698 2358 Cui
727 2320 902 2358 Socrates
939 2321 1146 2370 respondet
1181 2319 1475 2370 philosophiam,

122 2376 167 2411 ut
194 2373 251 2411 ita
267 2415 270 2416 ⁷
288 2378 502 2422 statuatur,
542 2376 678 2428 utique
707 2377 868 2415 suadere
898 2381 938 2415 et
965 2377 1079 2426 plane
1109 2376 1298 2426 flagitare.
1356 2377 1476 2414 Cuius

121 2442 199 2467 vox
228 2434 267 2469 et
306 2431 498 2470 sententia
521 2433 611 2474 ,nisi
647 2434 921 2482 redarguatur,
959 2433 1155 2471 hominem
1192 2433 1318 2483 ipsum
1353 2433 1477 2472 videri

121 2499 250 2524 secum
286 2501 365 2525 non
413 2488 630 2536 concinere,
679 2491 746 2528 sed
792 2503 861 2540 per
907 2493 1029 2529 totam
1078 2490 1201 2529 vitam
1248 2490 1475 2539 discrepare.

122 2543 164 2580 P.
187 2545 280 2582 481.
311 2545 521 2583 G.—-482.
549 2546 594 2584 B.
632 2547 731 2584 Tum
759 2560 850 2586 vero
880 2547 1068 2594 Callicles,
1096 2547 1328 2597 reprehenso
1356 2546 1475 2584 nimio

121 2599 285 2662 Gorgiae
325 2574 477 2640 et'Poli
513 2603 679 2652 pudore,
718 2617 794 2655 quo
832 2603 931 2642 falsa
959 2603 1232 2650 concesserint,
1272 2603 1476 2642 discrimen

123 2659 178 2694 a1t
206 2658 518 2697 constituendum
547 2672 629 2698 esse
657 2660 760 2698 inter
795 2660 956 2709 legem
985 2657 1140 2711 (νόμον)
1179 2663 1296 2711 atque
1334 2662 1476 2697 natu-

1155 2736 1206 2768 2*
