1696 2976
202 125 258 167 44
753 115 1052 164 PL'A'roms

203 239 246 288 δ’
282 240 382 300 ἐγώ,
406 237 531 300 ’ψυχή
554 246 662 296 τίνι,
700 239 947 299 Μαθήμασι
971 240 1138 299 δήπου,
1164 234 1197 286 ὦ
1223 239 1464 299 Σώκρατες.
1508 243 1590 287 Καὶ

200 307 317 363 ὅπως
335 328 383 367 γε
400 308 475 366 μή,
500 303 533 353 ὦ
557 310 716 366 ἑταῖρε,
740 308 763 353 ὁ
782 307 990 366 σοφιστὴς
1015 309 1205 353 ἐπαινῶν
1222 305 1250 352 ἃ
1273 314 1414 354 πωλεῖ
1433 311 1590 362 ἐξαπα-

200 374 310 436 τήσῃ
342 374 480 434 ἡμᾶς,
514 373 660 433 ὥσπερ
695 376 861 434 οἱπερὶ
890 373 971 433 τὴν
999 377 1076 420 τοῦ
1109 372 1304 432 σώματος
1343 374 1532 433 τροφήν,
1566 374 1590 421 ὁ

139 463 172 494 D
201 442 386 501 ἔμπορός
418 460 464 487 τε
496 443 568 487 καὶ
600 441 803 500 κάπηλος.
847 443 920 487 καὶ
954 441 1036 500 γὰρ
1060 435 1184 487 οὗτοί
1203 458 1289 487 που
1323 435 1385 488 ὦν
1408 439 1591 499 ἄγουσιν

200 508 434 568 ἀγωγίμων
457 507 556 555 οὔτε
580 508 703 555 αὐτοὶ
728 516 874 555 ἴσασιν
895 507 919 554 ὅ
951 528 990 554 τι
1016 507 1202 567 χρηστὸν
1224 505 1252 566 ἢ
1274 507 1468 567 πονηρὸν
1491 510 1591 567 περὶ

200 576 246 622 τὸ
272 579 410 635 σῶμα,
437 579 664 623 ἐπαινοῦσι
689 577 738 622 δὲ
761 575 902 622 πάντα
926 579 1187 633 πωλοῦντες,
1211 573 1312 621 οὔτε
1331 579 1376 621 οἰ
1397 574 1590 634 ὠνούμε-

200 663 268 689 νοι
293 642 398 701 παρ’
429 642 595 700 αὐτῶν,
629 643 706 689 ἐὰν
735 642 795 702 μή
825 662 889 697 τις
919 642 1028 702 τύχῃ
1058 642 1348 701 γυμναστικὸς
1389 640 1416 701 ἢ
1449 642 1591 701 ἰατρὸς

200 708 274 757 ὤν.
323 709 436 757 οὕτω
469 711 517 756 δὲ·
547 712 620 756 καὶ
652 714 697 756 οἱ
732 709 785 755 τὰ
815 708 1051 769 μαθήματα
1082 708 1363 768 περιάγοντες
1386 709 1492 755 κατὰ
1515 708 1591 763 τὰς

199 777 345 832 πόλεις
361 779 434 823 καὶ
449 781 696 831 πωλοῦντες
712 779 786 823 καὶ
803 776 1119 835 καπηλεύοντες
1135 780 1195 838 τῷ
1219 775 1287 822 ἀεὶ
1303 779 1591 835 ἐπιθυμοῦντι

201 847 427 891 ἐπαινοῦσι
449 845 530 903 μὲν
547 844 688 891 πάντα
711 842 739 889 ἃ
762 847 972 902 πωλοῦσι,
995 842 1102 902 τάχα
1127 842 1167 889 δ’
1196 842 1252 889 ἅν
1274 862 1410 901 τινες,
1436 838 1470 889 ὦ
1493 842 1590 902 ἄρι-

200 927 297 969 στε,
333 917 410 957 καί
436 910 603 958 τούτων
633 910 836 970 ἆγνοοῖεν
867 905 930 958 ὧν
965 914 1188 957 πωλοῦσιν
1218 909 1242 956 ὅ
1275 930 1316 956 τι
1347 909 1533 969 χρηστὸν
1562 907 1590 968 ἢ

142 1000 172 1031 Ε
199 978 394 1037 πονηρὸν
418 978 524 1037 πρὸς
547 978 628 1037 τὴν
650 977 816 1037 ψυχήν·
851 977 908 1031 ὡς
934 976 974 1024 δ’
1003 977 1143 1031 αὕτως
1173 978 1246 1023 καὶ
1277 981 1321 1023 οἱ
1349 976 1590 1036 ὠνούμενοι

198 1045 302 1105 παρ’
331 1045 493 1103 αὐτῶν,
518 1044 595 1092 ἐὰν
618 1045 677 1104 μή
699 1064 763 1099 τις
786 1043 895 1104 τύχῃ
919 1046 1020 1102 περὶ
1041 1043 1122 1103 τὴν
1144 1043 1291 1103 ψυχὴν
1314 1038 1370 1089 αὖ
1402 1041 1590 1103 ἰατρικὸς

198 1111 272 1160 ὤν.
311 1118 352 1158 εἰ
372 1113 453 1171 μὲν
476 1106 557 1158 οὖν
581 1111 637 1158 σὺ
652 1111 881 1171 τυγχάνεις
896 1110 1144 1170 ἐπιστήμων
1159 1110 1326 1157 τούτων
1346 1116 1390 1157 τί
1402 1109 1591 1170 χρηστὸν

197 1182 270 1226 καὶ
293 1179 510 1239 πονηρόν,
541 1178 734 1238 ἀσφαλές
764 1193 833 1225 σοι
865 1177 1076 1225 ὠνεῖσθαι
1106 1177 1340 1238 μαθήματα
1371 1180 1444 1224 καὶ
1474 1177 1591 1237 παρὰ

151 1297 165 1310 .
198 1246 495 1306 Πρωταγόρου
525 1248 600 1292 καὶ
623 1245 725 1305 παρ’
761 1244 897 1292 ἄλλου
927 1244 1132 1291 ὁτουοῦν·
1167 1250 1209 1291 εἰ
1238 1245 1287 1291 δὲ
1316 1243 1399 1304 μή,
1422 1243 1525 1304 ὅρα,
1557 1238 1591 1290 ὦ

120 1320 184 1353 314
196 1313 395 1374 μακάριε,
413 1313 472 1373 μὴ
490 1316 591 1374 περὶ
608 1326 698 1368 τοῖς
714 1312 934 1371 φιλτάτοις
953 1311 1143 1373 κυβεύῃς
1160 1331 1206 1358 τε
1223 1313 1297 1358 καὶ
1314 1309 1588 1372 κινδυνεύῃς.

286 1439 405 1485 ὅπως
422 1456 475 1497 γε
492 1441 548 1489 μὴ
566 1464 610 1497 -η
627 1440 915 1488 ἐξαπατήσῃ]
929 1444 1133 1477 Secundum
1151 1444 1267 1485 legem
1283 1443 1385 1476 illam
1401 1444 1590 1477 Dawesia-

196 1501 290 1532 nam,
309 1501 403 1532 quae
418 1501 518 1529 οπως
536 1493 573 1523 et
588 1501 688 1528 οπως
704 1485 756 1533 μή
774 1501 854 1522 cum
872 1490 1104 1523 coniunctivo
1128 1489 1256 1521 aoristi
1271 1489 1377 1531 primi
1398 1488 1458 1521 vel
1478 1489 1592 1522 activi

195 1536 256 1568 vel
273 1535 379 1568 medii
395 1536 498 1578 iungi
518 1538 639 1575 vetat,
662 1534 854 1567 Bekkerus
876 1535 1033 1567 omnium
1052 1533 1215 1566 codicum
1238 1533 1434 1566 lectionem
1452 1528 1591 1574 ἐξαπα-

197 1575 289 1623 τήση
313 1580 468 1613 mutavit
497 1581 535 1612 in
557 1574 785 1622 ἕξαπατήσει
810 1580 911 1621 prob.
931 1578 1085 1620 Saupp.‚
1103 1577 1165 1609 sed
1188 1587 1222 1611 v.
1238 1577 1430 1611 Heindorf.
1448 1578 1495 1611 ad
1511 1578 1545 1610 h.
1565 1578 1589 1611 l.

198 1615 402 1658 stailbaum
432 1624 477 1657 ad
500 1624 608 1666 Gorg.
627 1626 736 1666 p.480
752 1625 791 1656 A.
811 1625 874 1656 513
890 1624 932 1657 A.
950 1623 1093 1666 Kriiger
1109 1623 1167 1654 54.
1181 1624 1213 1662 8,
1232 1624 1264 1656 5.

283 1670 329 1702 D.
354 1663 472 1702 οὕτω
504 1665 552 1702 δὲ
585 1667 662 1701 καὶ
693 1665 738 1701 οἷ
767 1663 818 1701 τὰ
851 1666 905 1711 μ.]
926 1667 986 1700 Sic
1009 1667 1155 1709 plurimi
1176 1666 1377 1708 optimique
1403 1666 1503 1700 codd.
1527 1677 1591 1709 pro

194 1714 292 1757 vulg.
310 1707 408 1765 οὕτω
425 1708 474 1755 δὴ
492 1711 558 1746 καὶ
570 1709 613 1764 ρῖ
629 1725 660 1746 τ.
678 1725 716 1756 μ.

285 1759 326 1793 Ε.
352 1768 403 1791 συ
437 1768 681 1801 τυγχανεις
713 1751 988 1800 ἐπιστήμων]
1023 1755 1253 1788 Heindorfius
1270 1748 1323 1788 ὤν
1345 1758 1427 1798 post
1442 1750 1592 1799 ἐπιστή-

196 1815 276 1846 μων
308 1803 457 1836 addidit.
474 1803 537 1836 sed
553 1813 587 1837 v.
606 1803 653 1835 ad
668 1802 853 1837 Phaedon.
872 1813 906 1844 p.
923 1804 1000 1835 230.
1020 1802 1060 1835 A.
1077 1801 1201 1843 Remp.
1219 1801 1264 1833 11.
1282 1811 1315 1843 p.
1334 1801 1409 1835 369.
1427 1800 1468 1832 B.

196 1926 267 1948 non
284 1915 391 1947 licuit
412 1914 627 1957 simpliciter
643 1914 860 1957 respondere

195 1955 415 2003 Μαθήμασι
434 1956 570 2002 δήπου.
610 1960 780 1992 Debebat
796 1959 860 1991 ille

197 2005 342 2037 adiecto
365 1996 389 2047 ἦ
412 1999 482 2046 γάρ
496 2014 525 2036 s.
554 1997 579 2046 ἢ
607 1998 675 2037 οὐκ
691 2003 784 2044 οἴεις
817 2014 860 2036 ex

195 2050 440 2092 Hippocrate,
462 2059 547 2080 num
570 2049 639 2081 sibi
663 2049 861 2081 assentire-

196 2097 273 2135 tur,
298 2104 485 2135 quaerere.
519 2093 652 2125 Omnes
674 2093 743 2126 hae
767 2092 859 2125 diffi-

196 2138 353 2171 cultates
386 2137 469 2170 inde
496 2141 606 2169 natae
636 2141 736 2178 sunt,
767 2137 860 2179 quod

197 2193 304 2226 quum
312 2183 397 2216 olim
407 2182 460 2215 sic
468 2183 641 2236 scriptum
651 2185 765 2215 esset:
779 2182 866 2215 Σωκ

201 2225 389 2270 Τρέφεται
400 2224 455 2269 δέ,
464 2218 542 2270 ἦνδ
566 2221 649 2269 ἐγώ,
658 2221 761 2269 ψυχὴ
772 2226 845 2259 τίνι
857 2239 867 2267 ;

183 2267 285 2306 Ἱππ.
332 2266 551 2315 Μαθήμασι
569 2266 707 2314 δήπου,
746 2262 774 2303 ὦ
785 2266 865 2303 Σαί-

330 2327 475 2358 κρατες,

197 2353 412 2403 νοτδαῆνδ’
431 2356 502 2403 ἐγώ
522 2361 644 2403 aliquo
657 2370 744 2393 casu
759 2360 795 2411 ⁵1¹¹
813 2360 864 2391 in-

198 2406 353 2439 fetorem
361 2416 504 2438 versum
513 2406 636 2438 delata
652 2404 739 2437 illud
749 2416 775 2437 ω
785 2399 864 2437 Σώ-

197 2460 330 2493 κρατες
338 2450 417 2483 loco
427 2460 491 2482 suo
499 2450 804 2487 moverunt,cuius
812 2450 864 2481 rei

197 2495 391 2538 vestigium
405 2494 500 2527 haud
508 2496 699 2527 obscurum
712 2494 748 2525 in
762 2493 864 2525 libris

199 2540 407 2572 etiamnunc
421 2539 711 2581 deprehenditur.
727 2538 863 2581 Hippo—

199 2587 319 2617 crates
337 2586 459 2616 antem
477 2584 599 2616 verbis
624 2583 805 2625 φαίνεται
821 2600 864 2605 —

198 2623 368 2667 τοιοῦτός
384 2639 441 2666 τις
450 2628 494 2660 ad
503 2629 798 2671 priorempartem
811 2628 863 2659 in-

197 2674 457 2716 terrogationis
470 2673 675 2715 respondet,
691 2672 864 2715 posterio-

199 2726 273 2750 rem
291 2718 461 2751 Socrates
476 2716 609 2758 iterat,²
621 2721 661 2749 ut
669 2716 865 2760 disputatio

198 2765 296 2795 recte
304 2763 492 2805 procedat,
511 2766 548 2794 et
569 2766 759 2805 postquam
777 2762 867 2804 Hip-

199 2811 367 2850 pocrates
379 2807 500 2841 dehac
508 2807 618 2839 etiam
633 2806 868 2848 re‚quidsen·

928 1914 1028 1954 tiret,
1056 1913 1216 1955 aperuit,
1249 1914 1322 1944 tum
1347 1912 1516 1945 Socrates
1547 1913 1592 1946 de

928 1957 1090 2001 periculo
1106 1957 1194 1990 talis
1201 1959 1427 1990 mercaturae
1441 1966 1522 1990 eum
1531 1957 1591 1990 ad·

929 2006 1059 2035 monet.
1112 2002 1219 2034 Hanc
1254 2001 1592 2044 interpretationem

929 2048 1085 2090 probant
1099 2047 1209 2079 etiam
1226 2047 1337 2079 verba
1353 2057 1387 2089 p.
1406 2048 1470 2079 313
1488 2047 1535 2079 E:
1561 2044 1595 2080 εἰ

928 2087 1125 2135 τυγχάνεις
1160 2085 1372 2133 ἐπιστήμων
1399 2109 1442 2114 -
1469 2085 1592 2134 ἄσφα-

931 2134 989 2175 λές
1012 2145 1069 2169 σοι
1086 2130 1270 2169 ὠνεῖσθαι
1287 2130 1500 2178 μαθήματα
1521 2147 1592 2169 πα-

934 2177 980 2223 ρὰ
1007 2175 1270 2234 Πρωταγόρου.

979 2227 1023 2258 D.
1050 2218 1108 2258 ὧν
1129 2219 1589 2268 αγουσινᾶγωγίμων]

934 2270 1126 2303 Genitivus
1142 2269 1277 2323 pendet
1293 2280 1315 2301 a
1332 2270 1503 2312 proximis
1519 2269 1592 2301 inis

933 2308 956 2348 ὅ
972 2326 1007 2348 τι
1024 2323 1183 2357 χρηστον
1203 2307 1228 2356 ἢ
1249 2309 1432 2357 πονηρόν,
1457 2314 1515 2346 vel
1531 2324 1594 2356 po-

934 2362 1007 2391 tius
1030 2353 1119 2401 οῦδ
1142 2371 1189 2393 τι.
1222 2359 1414 2400 Xenoph.
1438 2358 1544 2390 Mem.
1564 2359 1591 2395 1,

934 2406 972 2444 2,
1013 2406 1074 2436 54:
1113 2404 1179 2437 τοῦ
1212 2398 1379 2456 σώματος
1414 2395 1437 2435 ’ὅ
1474 2413 1508 2435 τι
1545 2394 1594 2435 ἂν

931 2443 1085 2492 ἀχρεῖον
1105 2440 1129 2492 ᾖ
1151 2446 1217 2482 καὶ
1240 2444 1444 2489 ανωφελές.
1475 2447 1592 2479 Staub.

978 2495 1017 2526 E.
1044 2488 1098 2532 ὡς
1115 2488 1155 2526 δ’
1172 2485 1319 2543 αὕτως
1342 2490 1420 2524 καὶ
1443 2486 1594 2545 ninia]

931 2539 999 2570 Int.
1018 2532 1194 2581 ἅγνοοῖεν
1215 2530 1264 2570 ἄν
1291 2547 1310 2570 ο
1336 2547 1370 2569 τι
1395 2531 1554 2587 χρηστὸν
1570 2549 1593 2579 η

931 2577 1106 2634 πονηρὸνν
1129 2577 1221 2625 πρὸς
1259 2575 1330 2624 τὴν
1362 2586 1501 2624 ψυχην.
1546 2582 1595 2614 Et

932 2623 980 2666 ὡς
997 2622 1037 2660 δ’
1055 2638 1190 2669 αυτως,
1206 2629 1247 2659 ut
1258 2635 1381 2667 saepe,
1398 2636 1461 2668 pro
1474 2621 1594 2658 ὡσαύ-

933 2683 1002 2711 τως
1025 2669 1067 2705 δὲ
1092 2671 1224 2704 dictum
1248 2675 1320 2712 est,
1341 2681 1373 2703 v.
1398 2669 1530 2704 Stallb.
1548 2670 1594 2703 ad

933 2716 1118 2750 Phaedon.
1161 2741 1169 2748 .
1187 2717 1249 2749 102
1266 2716 1308 2747 Ε.

979 2756 1034 2804 μὴ
1051 2772 1132 2803 περ
1170 2762 1264 2798 τοῖς
1281 2754 1522 2801 φιλτάτοις
1537 2756 1590 2803 πμ]

936 2816 986 2839 ne
1038 2805 1277 2839 carissima
1319 2804 1505 2847 pignora
1550 2804 1592 2837 in
