1696 2976
178 70 230 115 18
701 74 1045 111 PRAEFATIO

177 186 270 225 teris
289 185 510 225 mandatum
546 196 630 224 esse
666 183 816 231 volunt,
851 185 917 236 qui
951 196 1070 235 quum
1091 189 1339 231 moreretur,
1364 190 1478 225 natus
1499 184 1568 224 fuit

175 240 282 281 Plato
302 242 433 292 viginti
453 246 603 292 septem
623 252 756 279 annos.
815 239 891 279 Sed
911 251 1141 292 quamquam
1169 239 1280 280 facile
1299 240 1506 285 credimus.
1527 242 1567 280 in

175 296 351 343 Platone,
382 298 558 336 acerrimi
586 297 668 336 viro
688 297 842 347 ingenii,
865 307 910 336 ea
927 307 1025 347 quae
1043 297 1170 336 sutura
1186 301 1325 342 essent,
1346 296 1466 336 multo
1486 308 1566 336 ma·

175 354 299 392 turius
319 365 433 404 quam
454 354 492 391 in
515 352 710 404 plerisque
730 350 951 391 hominibus
979 353 1150 403 perfecta
1177 364 1279 397 esse,
1308 357 1435 391 tamen
1462 357 1564 392 tanta

175 408 371 447 scribendi
392 408 578 458 elegantia
609 412 647 447 et
666 407 869 458 perfectio,
900 413 1039 458 quanta
1071 408 1133 446 hic
1153 407 1323 458 singulae
1351 412 1480 458 partes
1500 408 1567 446 de'·

176 465 352 515 scriptae,
382 476 446 504 res
473 470 510 502 et
530 464 705 503 homines
733 475 855 514 paene
885 463 955 502 sub
979 464 1110 502 oculos
1139 469 1292 502 nostros
1317 463 1499 507 subiecti,
1528 464 1565 502 in

176 525 404 571 argumento
426 519 651 571 explicando
672 521 798 558 omnia
827 519 875 558 ad
903 525 1023 558 artem
1052 520 1194 558 directa
1213 524 1319 564 sunt,
1350 520 1387 557 in
1419 518 1566 558 nullum

175 575 458 615 adolescentem
479 587 527 615 ne
548 587 694 614 summa
724 575 878 626 quidem
910 576 1049 625 ingenii
1077 574 1257 614 felicitate
1277 574 1494 626 praeditum
1515 575 1567 613 vi-

174 631 287 670 detur
308 631 459 671 cadere.
500 631 546 670 Et
566 631 655 682 quid
678 632 737 675 sit,
760 642 830 669 cur
850 629 959 669 aliter
980 630 1208 682 plerumque
1228 635 1429 675 statuatur,
1450 642 1566 682 quae-

174 692 304 727 rentes
325 688 424 726 hanc
445 688 648 726 maximam
667 698 820 725 causam
848 688 1074 737 reperimus,
1093 687 1194 738 quod
1216 685 1385 725 Platonis
1405 686 1452 724 de
1472 685 1567 724 ideis

174 743 371 782 doctrinae
390 743 544 793 vestigia
566 747 670 782 certa
698 744 738 781 in
761 742 834 781 hoc
854 741 953 781 libro
983 754 1060 781 non
1089 742 1454 781 animadvertantur.
1496 742 1566 780 Ve-

173 810 273 844 rum,
297 800 328 838 si
349 799 439 851 quid
460 798 580 843 video,
602 798 691 837 inde
711 809 788 836 non
810 809 1050 849 consequens
1071 802 1139 843 est,
1160 797 1262 836 illam
1285 797 1499 836 doctrinam
1521 809 1567 836 eo

172 859 359 905 tempore,
379 866 456 906 quo
475 853 574 893 liber
594 855 835 905 conscriptus
855 858 923 898 est,
954 866 973 892 a
994 853 1152 892 Platone
1172 853 1344 892 nondum
1365 853 1483 892 fuisse
1503 865 1568 892 ex·

173 911 388 960 cogitatam,
420 911 496 950 imo
516 911 549 948 si
570 922 625 953 ea.
647 922 745 961 quae
765 909 881 948 modo
902 909 1194 960 disputavimus,
1222 909 1399 948 idoneam
1427 908 1570 948 habent

173 966 288 1005 fidem
311 970 348 1005 et
369 966 548 1005 Socrates
568 966 606 1004 in
627 965 837 1016 Protagora
865 977 953 1004 suas
972 966 1091 1016 ipsius
1111 970 1259 1016 partes,
1288 976 1365 1004 non
1388 963 1566 1009 Platonis,

174 1023 264 1072 agit,
286 1020 339 1060 illi
362 1021 560 1060 doctrinae
585 1020 863 1061 illustrissimae
891 1019 1038 1059 nullum
1066 1021 1105 1060 in
1133 1020 1207 1060 hoc
1234 1031 1413 1060 sermone
1440 1019 1567 1059 locum

173 1076 352 1116 relictum
374 1077 490 1116 fuisse
510 1082 690 1135 apparet,
719 1081 761 1116 ut
789 1089 835 1116 ex
864 1088 909 1115 eo
930 1076 1033 1128 quod
1062 1077 1230 1115 Socratis
1257 1075 1394 1127 placita
1423 1076 1460 1115 in
1490 1075 1567 1114 dia·

173 1131 261 1183 logo
282 1144 359 1171 non
389 1133 436 1172 ad
458 1145 542 1172 eam
558 1132 679 1171 relata
701 1137 799 1178 sunt,
822 1131 869 1171 de
889 1137 1065 1183 tempore
1092 1132 1310 1184 scriptionis
1329 1131 1456 1183 aliqua
1476 1143 1568 1182 pro·

172 1187 310 1227 habilis
330 1189 549 1228 coniectura
572 1187 698 1239 colligi
715 1199 792 1227 non
821 1189 953 1238 possit.
1013 1188 1146 1239 Neque
1173 1189 1355 1227 virtutum
1384 1198 1568 1226 numerus

173 1244 221 1283 ad
250 1243 349 1283 hanc
379 1244 641 1295 quaestionem
669 1249 828 1295 spectat.
893 1243 1127 1283 Numeratur
1163 1244 1264 1282 enim
1300 1243 1339 1281 in
1367 1242 1441 1282 hoc
1469 1241 1568 1281 libro

172 1302 273 1339 inter
292 1301 451 1340 virtutes
472 1299 699 1344 cardinales,
729 1311 822 1351 quas
842 1304 988 1344 vocant,
1010 1304 1165 1351 praeter
1194 1299 1391 1344 iustitiam,
1418 1298 1568 1349 sapien·

172 1356 277 1401 tiam,
300 1356 594 1408 temperantiam
616 1360 654 1395 et
674 1355 936 1394 fortitudinem
958 1356 1070 1394 etiam
1101 1356 1242 1406 pietas,
1272 1355 1381 1394 cuius
1401 1353 1507 1393 Plato
1528 1355 1566 1392 in

173 1412 219 1450 iis
238 1410 357 1457 libris,
380 1412 445 1463 qui
460 1412 677 1463 posteriore
698 1416 873 1462 tempore
894 1411 1026 1462 scripti
1042 1410 1217 1450 videntur
1227 1422 1321 1455 esse,
1338 1408 1567 1461 plerumque

172 1465 317 1506 nullam
338 1468 459 1506 iniicit
477 1468 726 1511 mentionem,
749 1467 914 1505 iustitiae
923 1478 1006 1505 eam
1017 1466 1324 1516 subiungendam
1344 1477 1428 1504 esse
1448 1471 1566 1504 ratus.

173 1522 461 1572 AtProtagoras
473 1523 511 1561 in
532 1522 607 1562 hoc
627 1521 818 1572 colloquio
839 1522 1168 1573 quinquevirtutis
1177 1527 1306 1572 partes
1315 1521 1498 1560 discernit
1517 1522 1567 1559 is-

119 1590 125 1594 ’
172 1589 247 1630 que
268 1579 446 1628 pietatem
466 1590 542 1618 una
564 1590 652 1618 cum
673 1578 812 1617 iustitia
841 1583 878 1617 et
896 1578 1149 1629 temperantia
1170 1578 1244 1616 iam
1265 1578 1305 1615 in
1327 1577 1498 1615 oratione
1517 1576 1567 1615 de

171 1634 321 1672 virtutis
350 1635 498 1684 origine
532 1639 570 1673 et
606 1633 806 1684 disciplina
842 1637 1231 1676 commemoraveram
1274 1633 1471 1676 Socrates,
1501 1632 1566 1682 qui

171 1700 208 1738 p.
231 1692 304 1732 361
332 1690 361 1727 Α
383 1689 650 1740 disputationis
677 1700 866 1728 summam
893 1689 1051 1739 repetit,
1080 1688 1259 1739 pietatem
1287 1688 1565 1739 praetermittit.

172 1740 415 1798 ἐπιχειρεῖς,
436 1746 571 1796 inquit,
592 1740 828 1792 ἀποδεῖξαι,
850 1738 908 1791 ὠς
935 1741 1079 1783 πάντα
1108 1742 1306 1795 χρήματα
1327 1739 1449 1782 ἐστὶν
1469 1739 1565 1782 ἑπι-

172 1797 312 1852 στήμη
333 1798 406 1840 καὶ
423 1797 451 1853 ἡ
473 1795 732 1852 δικαιοσύνη
753 1796 826 1839 καὶ
858 1795 885 1852 ἡ
913 1798 1180 1852 σωφροσύνη
1203 1795 1277 1838 καὶ
1309 1794 1336 1852 ἡ
1370 1795 1565 1851 ἀνδρεία.

172 1855 257 1895 Non
279 1856 455 1907 equidem
476 1857 631 1907 ignarus
660 1868 758 1901 sum,
779 1857 959 1908 pietatem
989 1869 1009 1895 a
1032 1857 1191 1895 Socrate
1218 1856 1257 1894 in
1285 1855 1466 1894 virtutum
1495 1866 1566 1893 nu·

172 1922 280 1950 mero
307 1917 345 1951 et
370 1913 580 1964 praecipuo
601 1912 768 1963 quodam
788 1911 874 1951 loco
894 1912 1056 1962 positam
1081 1923 1184 1957 esse,
1213 1911 1281 1950 sed
1301 1916 1396 1963 quot
1416 1911 1567 1949 virtutis

171 1966 317 2006 formas
343 1967 471 2013 Plato,
500 1979 619 2019 quum
648 1968 752 2007 hunc
785 1966 980 2018 dialogum
1014 1967 1228 2012 scriberet,
1258 1966 1499 2018 probaverit,
1528 1965 1565 2004 id

171 2022 386 2062 rationibus
416 2024 637 2062 confirmari
657 2035 771 2075 posse
792 2035 904 2074 nego.

283 2078 363 2118 Iam
383 2079 415 2118 si
435 2080 646 2130 quaeritur,
676 2090 752 2130 quo
781 2079 935 2118 tandem
963 2084 1137 2129 tempore
1163 2077 1262 2117 liber
1289 2077 1456 2129 scriptus
1483 2088 1566 2117 esse

172 2133 357 2179 videatur,
380 2140 529 2174 certum
545 2135 734 2186 quendam
751 2146 894 2173 annum
915 2135 954 2173 in
975 2146 1018 2173 re
1039 2146 1131 2185 prae
1147 2134 1286 2174 ceteris
1307 2133 1453 2172 lubrica
1474 2144 1566 2172 con-

171 2191 332 2229 stituere
365 2201 458 2229 sane
494 2195 550 2229 est
583 2189 748 2229 difficile.
812 2190 898 2241 lpse
928 2195 1055 2229 autem
1076 2190 1115 2228 in
1137 2202 1181 2228 ea
1201 2201 1285 2228 sum
1307 2189 1504 2241 opinione,
1526 2193 1566 2227 ut

172 2244 368 2285 Platonem
389 2245 491 2285 hunc
511 2245 651 2284 librum
673 2245 774 2284 haud
796 2246 844 2284 ita
857 2244 978 2284 multo
998 2250 1235 2295 postannum
1254 2244 1564 2284 trecentesimum

171 2302 463 2351 nonagesimum
485 2301 698 2341 secundum
726 2313 758 2340 a.
783 2300 873 2339 Chr.
903 2312 940 2339 n.
971 2302 1185 2340 confecisse
1213 2300 1390 2339 arbitrer.
1449 2299 1506 2339 Ad
1525 2299 1563 2337 id

172 2360 325 2408 tempus
345 2369 465 2409 quum
485 2358 666 2397 universa
686 2355 825 2406 dialogi
845 2358 1078 2407 praestantia
1099 2357 1294 2408 aptissime
1315 2356 1454 2395 referri
1475 2366 1563 2406 pos-

173 2456 308 2489 dixisse
325 2456 475 2488 dicitur:
509 2451 558 2495 ὥς
573 2455 694 2494 καλῶς
712 2451 793 2489 οἶδε
811 2450 971 2489 Πλάτων
993 2453 1191 2500 ἰαμβίζειν.
1241 2454 1342 2496 Quod
1365 2456 1396 2487 si
1419 2455 1564 2496 quaeris

171 2501 265 2533 unde
281 2501 434 2541 fluxerit,
451 2501 724 2543 Dalecampiua,
741 2500 920 2533 Athenaei
937 2502 1127 2543 interpres,
1144 2502 1252 2543 p.505
1265 2500 1308 2534 D.
1327 2502 1461 2531 temere
1478 2499 1563 2531 Pro-

174 2549 336 2588 tagoram
352 2556 416 2588 pro
433 2546 568 2588 Gorgia
584 2546 716 2588 posuit.
751 2545 807 2578 De
824 2546 1059 2578 recentiorum
1083 2545 1265 2578 sentent-ia
1287 2554 1321 2578 V.
1338 2543 1378 2576 C.
1395 2544 1454 2575 Fr.
1472 2544 1562 2575 Her-

174 2600 282 2623 mann
298 2589 434 2622 Hietor.
448 2590 584 2623 Philos.
598 2590 743 2624 Platon.
758 2590 801 2623 Τ.
813 2589 841 2624 1.
859 2600 891 2632 p.
901 2592 965 2622 618
982 2593 1054 2623 not.
1063 2592 1128 2622 323
1146 2592 1183 2621 et
1198 2587 1385 2621 Steintmrt
1400 2588 1564 2622 Praefat-

175 2635 220 2667 ad
237 2635 332 2667 Prot.
350 2645 385 2677 p.
401 2636 478 2667 432.
522 2635 625 2675 Quod
641 2633 870 2667 Heindorfius
893 2634 929 2665 in
953 2635 1111 2667 editione
1132 2634 1352 2674 Protagorae
1376 2643 1409 2674 p.
1429 2634 1493 2665 463
1517 2633 1563 2664 ab

174 2679 241 2711 hoe
258 2679 479 2723 potissimum
496 2679 640 2721 dialogo
656 2678 899 2722 incipiendam
915 2679 1092 2711 tironibus
1108 2677 1375 2711 Platonicorum
1394 2677 1564 2710 librorum

171 2724 367 2757 lectionem
383 2723 571 2762 iudicavit,
588 2725 631 2756 de
650 2734 692 2755 eo
709 2724 755 2757 ab
772 2723 981 2756 acutissimo
998 2722 1200 2766 philosophi
1216 2723 1413 2763 interprete
1429 2731 1564 2763 nequa-

173 2778 278 2811 quam
295 2769 476 2802 dissentio.
