1716 2886
810 178 1066 219 PLATONIS

358 283 463 341 Cap.
495 285 659 327 XLIX.
717 286 813 326 Σῼ.
842 281 977 338 Εὖγε,
1016 280 1049 326 ὦ
1076 284 1280 338 βέλυιστε·
1319 285 1493 328 διατέλει
1518 286 1600 340 γὰρ

274 346 409 401 ὥςπερ
438 350 570 402 ἤρξω,
597 349 667 391 καὶ
695 348 808 397 ὅπως
833 349 890 403 μὴ
919 350 1176 403 α’παισχυνεῖ.
1206 350 1273 390 δεῖ
1296 348 1365 400 δέ,
1394 350 1451 399 ὡς
1477 348 1597 400 ἔοικε,

272 414 366 467 μηδ’
395 412 463 466 ἐμὲ
499 414 856 467 ἄπαισχυνθῆναι.
892 413 963 455 καὶ
999 417 1170 465 πρῶτον
1206 413 1284 467 μὲν
1319 411 1428 464 εἰπέ,
1467 415 1502 456 εί
1529 415 1599 457 καὶ

272 480 481 530 ψωρώντα
508 477 578 519 καὶ
606 479 853 531 κνησιῶντα,
892 478 1099 531 ἀφθόνως
1126 475 1273 531 ἔχοντα
1300 484 1376 519 τοῦ
1403 481 1600 533 κνῆσθαι,

272 544 491 595 κνώμενον
527 543 797 583 διατελοῦντα
835 542 911 583 τὸν
956 543 1052 595 βίον
1091 537 1349 595 εὐδαιμόνως
1388 539 1472 583 ἔστι
1512 543 1598 596 ζῆν.

275 607 408 647 ΚΑΛ.
426 601 506 654 ‘529
532 608 690 654 ἄτοπος
717 601 777 657 εἷ,
815 600 848 647 ὦ
877 607 1123 659 Σώκρατες,
1160 606 1230 647 καὶ
1267 605 1447 659 ἀτεχνῶς
1473 606 1599 660 δημη-

270 670 410 723 γόρος.
465 671 562 711 ΣΩ.
600 671 844 723 Τοιγάρτοι,
884 665 917 711 ὦ
949 670 1212 718 Καλλίκλεις,
1248 671 1400 711 Πῶλον
1425 670 1503 724 μὲν
1530 668 1599 711 καὶ

272 735 459 788 Γοργίαν
488 735 558 776 καὶ
586 732 781 787 ἐξέπληξα
819 733 888 775 καὶ
915 734 1190 788 αἰσχύνεσθαι
1227 733 1424 788 ἐποιήσα,
1461 731 1515 775 σὺ
1555 733 1598 775 δὲ

271 795 324 839 οὐ
350 797 407 853 μὴ
437 798 667 852 ἐκπλαγῇς,
706 793 804 839 οὐδὲ
841 798 898 853 μὴ
926 799 1182 852 αἰσχυνθῇς·
1222 798 1414 851 ἀνδρεῖος
1439 799 1521 851 γὰρ
1549 793 1599 838 εἶ.

269 858 355 903 ἀλλ’
393 862 630 917 ἀποκρίνου
673 862 820 916 μόνον.
887 864 1019 904 ΚΑΛ.
1071 862 1184 916 Φημὶ
1220 863 1370 903 τοίνυν
1418 861 1487 903 καὶ
1523 864 1599 903 τὸν

269 927 488 979 κνώμενον
515 924 646 981 ἡδέως
674 926 728 968 ἂν
755 927 915 979 βιῶναι.
973 928 1071 968 ΣΩ.
1105 927 1281 968 Οὐκοῦν
1308 926 1422 979 εἴπερ
1455 924 1599 980 ἡδέως,

276 179 355 215 240

337 1069 378 1101 εἰ
401 1070 467 1101 καὶ
496 1068 726 1112 ψωριῦντα]
775 1070 830 1102 sie
855 1069 970 1102 Clark.
1002 1069 1077 1101 vat.
1101 1069 1184 1101 Ven.
1219 1068 1297 1102 ΞΣ.
1324 1068 1424 1101 vind.
1457 1068 1488 1101 1.
1510 1068 1542 1101 2.
1566 1069 1596 1102 6.

269 1115 345 1146 Par.
369 1114 558 1147 BCEIW.
591 1114 680 1146 Flor.
705 1124 735 1147 a.
762 1114 791 1145 b.
817 1123 847 1146 e.
871 1114 892 1146 f.
917 1125 960 1146 m.
985 1125 1015 1146 o.
1047 1113 1141 1145 Bodl.
1167 1114 1256 1146 vett.
1287 1113 1379 1145 editt.
1405 1117 1597 1154 ψωριῶντα.

269 1160 425 1191 Formam
449 1156 580 1200 ψωράω
604 1159 705 1191 etiam
731 1158 871 1190 Photius
901 1163 935 1190 et
957 1158 1082 1190 Moeris
1105 1157 1204 1190 alteri
1227 1155 1370 1198 ψωριᾰω
1395 1158 1599 1199 praeferunt.

296 1219 309 1227 κ
337 1206 408 1235 τοῦ
438 1202 644 1246 κνῆσθαι]
681 1203 831 1235 κνᾶσθαι
863 1203 947 1235 Ven.
981 1202 1059 1234 ΞΣ.
1092 1202 1192 1235 vind.
1223 1202 1252 1235 2.
1285 1203 1362 1234 Par.
1394 1202 1445 1243 V„
1476 1202 1535 1234 sed
1565 1212 1595 1233 v.

270 1249 465 1282 Buttmann.
491 1248 548 1280 Gr.
573 1249 599 1280 I.
622 1258 655 1289 p.
678 1246 753 1280 584.

334 1292 374 1324 E.
419 1290 554 1331 μόνον
590 1291 775 1334 κνησιῷ]
824 1291 879 1323 Sic
910 1292 1058 1323 correxit
1088 1290 1274 1323 Bekkerus.
1308 1289 1412 1323 Codd.
1443 1290 1597 1332 plerique

269 1347 385 1368 omnes
410 1341 559 1379 κνησιοῖ,
585 1337 684 1379 pauci
709 1340 851 1378 κι-ησιεῖ.
876 1346 907 1367 v.
931 1336 1082 1368 Pierson.
1108 1335 1151 1367 ad
1174 1336 1279 1367 Moer.
1304 1345 1335 1376 p.
1359 1333 1436 1367 206.

335 1381 403 1413 καὶ
430 1379 596 1413 τούτων
621 1378 838 1423 τοιούτων]
863 1381 1088 1412 Buttmannus
1111 1380 1199 1412 coni.
1218 1380 1272 1411 καὶ
1300 1377 1334 1411 τὸ
1359 1377 1498 1415 τούτων,
1523 1388 1598 1420 pro-

269 1426 368 1458 bante
399 1425 607 1458 Heindorfio.
638 1435 670 1458 ν.
693 1436 772 1457 ann.
819 1425 920 1457 Multi
952 1426 1043 1466 iique
1074 1423 1355 1467 praestantissimi
1389 1422 1468 1455 libri
1491 1433 1596 1463 κεφα-

311 1557 395 1599 Cap.
418 1557 542 1589 XLIX.
579 1556 647 1589 δεῖ
670 1556 716 1589 δέ
738 1574 781 1580 -
805 1554 894 1599 μηδ’

266 1601 339 1641 ἐμὲ
371 1599 458 1645 ἀνι]
504 1601 644 1634 Orditur
671 1602 762 1634 enim
792 1601 833 1633 de
862 1612 896 1634 re

266 1646 366 1679 foeda
403 1647 509 1678 verba
539 1646 661 1679 faeere.
724 1646 896 1678 Proximo-

267 1702 341 1723 rum
354 1690 534 1723 verborum
549 1691 630 1723 ordo
648 1691 702 1723 hic
717 1695 784 1722 est:
808 1689 895 1728 εἰπέ,

963 1556 1105 1598 gnificat
1135 1553 1171 1587 τὰ
1195 1554 1314 1587 αἰδοῖα
1344 1565 1403 1608 per
1426 1554 1596 1596 euphemi-

964 1611 1084 1632 smum.
1126 1599 1180 1631 Ad
1202 1599 1283 1632 illa:
1308 1610 1456 1639 ποτερον
1479 1597 1514 1630 εἰ
1535 1598 1595 1641 τὴν

964 1641 1116 1688 κεφαλὴν
1138 1642 1250 1683 μόνον
1273 1646 1419 1686 κνησιῷ,
1452 1655 1470 1675 e
1500 1653 1597 1685 supe·

963 1689 1109 1721 rioribus
1124 1688 1213 1731 apud
1234 1688 1385 1720 animum
1403 1687 1593 1730 intelligas:

266 1735 301 1767 εἰ
330 1736 385 1767 καὶ
417 1737 589 1776 ψωριῶντα
619 1735 673 1767 καὶ
705 1738 896 1776 κιήσιαῖνια

266 1781 358 1812 ἔστιν
380 1777 593 1818 εὐδαιμόνως
617 1781 699 1821 ζῆν,
722 1777 897 1819 ἀφθόνως

266 1826 384 1866 ἔχοντα
423 1827 481 1856 τοῦ
517 1825 687 1867 κνῆσθαι.
722 1822 898 1862 κνώμενον

267 1870 478 1901 διατελοῦντα
517 1866 575 1900 τὸν
618 1868 718 1910 βιόν.·
763 1868 895 1908 dicas,

266 1924 362 1946 num
411 1914 540 1946 etiam
583 1912 734 1945 scabie
779 1911 896 1945 labo-

266 1957 386 1991 ranti
432 1962 471 1989 et
516 1958 689 1999 pruritu
734 1962 895 1990 vexato

267 2003 391 2035 beate
436 2002 587 2034 vivere
633 2002 792 2040 liceat,
856 2001 896 2033 si

265 2046 432 2079 abunde
470 2045 627 2078 habeat
671 2045 893 2078 titillatio-

264 2092 350 2132 nis,
387 2091 451 2123 ita
485 2096 532 2122 ut
565 2100 639 2132 per
673 2095 808 2122 totam
840 2090 895 2121 vi-

264 2141 349 2168 tam
371 2135 604 2167 titilletur.
649 2135 768 2176 Itaque
791 2134 893 2166 haec:

263 2178 445 2219 κνώμενον
474 2178 690 2211 διατελοῦντα
721 2176 779 2210 τὸν
802 2178 894 2220 βίον,

191 2247 196 2251 -
263 2225 378 2257 addita
397 2228 476 2256 sunt
488 2223 575 2263 ideo,
594 2229 633 2256 ut
642 2222 894 2265 praecedentia,

263 2266 438 2310 ἀφθόνως
481 2268 595 2309 ἔχοντα
634 2270 693 2300 τοῦ
734 2268 895 2310 κνῆσθαι,

265 2315 534 2356 interpretentur.

308 2359 351 2390 D.
399 2356 447 2390 σὺ
486 2355 531 2389 δὲ
569 2353 620 2388 οὐ
655 2355 709 2399 μὴ
745 2355 893 2387 §unla—

263 2406 338 2446 γῇς
361 2401 424 2445 -]
454 2406 498 2433 tu
522 2411 622 2433 vero
645 2411 726 2433 non
751 2410 894 2432 veren-

263 2447 356 2479 dum
380 2450 443 2478 est
467 2455 515 2477 ne
547 2444 830 2477 conturberis
853 2448 894 2476 et

264 2491 315 2524 ad
338 2491 568 2523 silentium
590 2489 816 2531 redigaris.
842 2489 893 2520 De

264 2546 328 2568 usu
356 2534 553 2568 vocularum
592 2531 635 2566 ού
675 2532 722 2576 μή
760 2543 838 2576 egre
864 2533 894 2565 ‘e

263 2580 451 2622 disputavit
489 2578 713 2611 Thiersch.
751 2579 782 2617 9.
863 2576 893 2610 1.

264 2623 400 2712 ed‘Efdk'q'’
425 2668 484 2699 ἔτι
518 2668 558 2698 τί
579 2677 623 2698 σε
649 2664 810 2708 ἐρωτῶ]
842 2665 893 2697 Si-

964 1731 1070 1765 αύιὸν
1094 1733 1162 1775 φῂς
1187 1730 1295 1775 ἡδέως
1318 1730 1363 1764 ἃν
1385 1732 1528 1773 βιῶι·αι;
1553 1749 1594 1755 -

964 1779 1047 1811 Mox
1079 1774 1123 1810 τὰ
1153 1775 1335 1818 ἐχόμενα
1365 1781 1445 1808 sunt
1483 1786 1595 1817 quae

963 1833 1052 1854 eum
1084 1822 1153 1854 his
1189 1821 1426 1853 cohaerent
1462 1826 1505 1852 et
1538 1830 1596 1852 ar—

963 1872 1031 1899 ete
1062 1867 1301 1898 coniuncta
1335 1870 1448 1897 sunt.
1494 1865 1596 1897 Poni-

963 1916 1018 1943 tur
1039 1915 1152 1943 autem
1182 1910 1247 1942 hoc
1271 1920 1344 1942 voc.
1377 1919 1469 1942 nune
1498 1909 1594 1941 abso-

965 1955 1034 1988 lute
1046 1965 1116 1987 non
1129 1954 1244 1987 addito
1256 1953 1422 1996 genitivo,
1441 1957 1478 1985 ut
1489 1953 1596 1996 Legg.

963 1998 1135 2040 vl1,13.‚
1158 1999 1217 2031 ubi
1241 2009 1273 2031 v.
1297 1999 1388 2030 Ast.
1412 1998 1594 2030 Isocrat.

964 2044 1084 2076 Helen.
1098 2044 1236 2076 Encom.
1252 2053 1284 2084 p.
1303 2040 1379 2075 239.
1395 2041 1447 2075 ed.
1466 2041 1593 2074 Bekk:

963 2088 1126 2130 βούλομαι
1150 2086 1189 2119 δὲ
1213 2087 1268 2119 καὶ
1291 2086 1370 2127 περὶ
1397 2090 1463 2118 τῶν
1480 2085 1593 2127 ἐχομέ-

966 2144 1037 2165 νων
1060 2131 1225 2164 διελθεῖν.
1248 2131 1335 2164 Nam
1360 2128 1490 2164 lotium·
1513 2139 1591 2163 cum

962 2176 1092 2218 ἑφεξῆς
1109 2175 1387 2214 connectendum,
1410 2179 1448 2206 ut
1463 2173 1595 2207 Phileb.

962 2231 993 2263 p.
1016 2220 1070 2254 34.
1095 2220 1138 2253 C:
1176 2219 1210 2252 τὸ
1243 2217 1272 2251 δ’
1306 2218 1432 2261 ἑφεξῆς
1464 2217 1594 2252 τούτοις

964 2263 1164 2306 πειρώμεθα
1186 2263 1307 2307 λέγειν.
1332 2263 1436 2306 Legg.
1460 2274 1492 2305 p.
1517 2261 1592 2296 796.

962 2310 1009 2342 E:
1035 2308 1068 2341 τὸ
1088 2311 1208 2342 τοίνυν
1224 2306 1353 2342 τούτοις
1369 2307 1496 2351 ἐφεξῆς
1511 2308 1591 2348 περὶ

963 2351 1000 2386 τὰ
1025 2357 1092 2386 τῶν
1117 2354 1276 2385 Μουσῶν
1298 2370 1341 2376 -
1364 2351 1469 2392 δῶρα.
1510 2351 1594 2383 Cra-

962 2397 1023 2440 tyl.
1046 2409 1079 2441 p.
1101 2397 1177 2431 420.
1202 2398 1252 2430 D:
1282 2395 1332 2429 ὅτι
1356 2394 1486 2429 τούτοις
1509 2394 1589 2437 ἑξῆς

962 2441 1065 2474 ἐστιν.
1090 2442 1156 2474 Im.
1173 2441 1398 2474 Bekkerus
1412 2439 1591 2482 legendum

962 2487 1105 2520 coniecit
1129 2485 1166 2518 τὰ
1189 2484 1340 2524 ἑπόμενα
1363 2482 1501 2518 τούτοις.

1006 2533 1074 2563 καὶ
1109 2529 1269 2563 τούτων
1299 2541 1324 2563 τ.
1354 2526 1435 2560 ὅντ.
1468 2527 1516 2571 τι]
1551 2533 1591 2560 et

962 2575 1070 2618 quod
1102 2575 1221 2608 hisee
1249 2574 1292 2606 in
1322 2572 1456 2606 rebus
1486 2583 1589 2604 sum-

961 2631 1066 2652 mum
1098 2625 1172 2652 est.
1220 2617 1357 2652 Addidit
1387 2616 1590 2649 Heindor-

961 2665 1050 2696 fius
1073 2664 1252 2697 articulum
1277 2661 1314 2695 τό
1330 2661 1372 2695 de
1389 2662 1586 2694 coniectura
