1702 2924
415 221 661 260 GORGIAS.
689 221 734 259 P.
765 222 859 258 483.
888 222 982 258 484.
1011 220 1071 258 ed.
1103 219 1161 258 st.
1385 220 1463 256 201

112 338 288 382 τοῦτον,
319 331 372 373 ὃν
398 330 520 385 ἡμεῖς
545 327 772 384 τιθέμεθα·
811 328 1066 376 πλάττοντες
1093 327 1195 376 τοὺς
1223 327 1467 380 βελτίστους

112 395 184 439 καὶ
212 394 605 450 ἐρῤωμενεστοέτους
631 395 755 450 ἡμῶν
775 394 933 443 αὐτῶν,
963 391 1010 435 ἐκ
1030 391 1142 435 νέων
1159 393 1466 446 λαμβάνοντες,

112 461 250 515 ὥςπερ
277 459 451 510 λέοντας
478 458 786 514 κατεπᾴδοντες
822 473 866 501 τε
902 458 974 501 καὶ
1000 459 1300 513 γοητεύοντες,
1340 472 1466 500 κατα-

112 528 389 581 δουλούμεθα
416 525 629 580 λέγοντες,
668 525 726 575 ὡς
753 526 802 567 τὸ
838 524 936 566 ἰ’σον
974 522 1053 578 χρὴ
1092 521 1201 578 ἔχειν
1239 522 1311 566 καὶ
1337 523 1466 565 τοῦτό
1495 524 1580 566 484

112 591 199 635 ἐστι
225 593 274 634 τὸ
302 592 436 634 καλὸν
473 591 545 634 καὶ
571 591 619 634 τὸ
648 590 827 633 δίκαιον.
870 589 946 631 ἐὰν
982 586 1027 631 δέ
1055 604 1103 643 γε
1119 622 1130 641 ,
1159 585 1302 643 οἶμαι,
1332 589 1467 641 φύσιν

113 657 267 713 ἱκανὴν
293 656 466 712 γένηται
493 655 600 712 ἔχων
626 657 761 710 α’νήρ,
803 655 945 697 πάντα
971 661 1106 696 ταῦτα
1133 654 1467 708 ἀποσεισάμενος

111 723 183 765 καὶ
208 722 438 778 διαῤῥήξας
474 722 542 765 καὶ
578 722 833 776 διαφυγών,
869 720 1171 774 καταπατήσας
1204 719 1257 762 τὰ
1284 719 1465 774 ἡμέτερα

110 788 336 843 γράμματα
372 787 444 830 καὶ
481 788 813 843 μαγγανεύματα
859 785 931 828 καὶ
978 784 1146 842 ἐπῳδὰς
1184 784 1256 828 καὶ
1302 786 1466 839 νόμους

113 939 193 962 τους
206 926 305 971 ἡμῶν
316 925 440 967 αὐτῶν,
455 927 494 960 ἐκ
508 926 599 960 νέων
610 925 856 970 λαμβάνοντες,
866 925 980 969 ὥςπερ
995 925 1131 961 λέοντας
1145 925 1200 958 καὶ
1215 923 1464 968 κατεπᾴδοντες

112 985 147 1006 τε
170 986 200 1006 κ.
226 986 250 1006 τ.
274 975 302 1006 λ.
350 974 446 1015 Quae
470 983 572 1016 quam
594 973 710 1016 inepte
734 976 768 1005 et
790 976 946 1005 contorte
969 971 1143 1012 dieantur,
1168 982 1268 1004 nemo
1294 971 1358 1004 erit
1381 971 1464 1013 quin

110 1023 273 1063 protenus
297 1020 432 1052 sentiat.
475 1018 602 1052 Delevi
625 1019 681 1051 καὶ
704 1021 783 1061 post
805 1016 885 1050 λέοι
879 1029 956 1056 τας,
985 1017 1077 1060 quod
1100 1017 1171 1049 fere
1195 1016 1262 1049 soli
1284 1018 1364 1049 Par.
1388 1017 1464 1048 EF.

111 1068 271 1106 tuentur,
308 1069 342 1098 et
381 1064 563 1098 emendavi
592 1063 913 1107 interpunctionem.
967 1062 1084 1095 Herm.
1117 1060 1288 1102 τιθέμεθα
1321 1063 1467 1094 circum-

113 1110 182 1143 seri
207 1111 262 1143 sit.

178 1121 214 1210 II}-
238 1153 316 1189 484.
350 1152 606 1198 διαφυγών,
637 1151 955 1196 καταπατήσας]
989 1153 1030 1185 V.
1065 1150 1253 1196 διαφυγών
1283 1152 1340 1184 καὶ
1367 1164 1465 1184 κατα-

113 1198 274 1244 πατήσας.
307 1200 404 1233 Eieei
435 1200 490 1233 καὶ
522 1210 600 1232 cum
632 1199 749 1232 Clark.
773 1199 852 1231 vat.
884 1198 990 1231 Coisl.
1014 1198 1092 1232 Par.
1116 1197 1348 1231 BCEFIW.
1374 1197 1468 1230 Flor.

113 1257 144 1278 a.
167 1247 200 1279 b.
225 1256 256 1278 c.
280 1245 304 1278 f.
325 1256 371 1278 m.
386 1256 418 1279 ο.
442 1256 470 1277 s.
486 1256 519 1277 x.
543 1246 598 1277 De
621 1245 688 1278 hac
710 1244 969 1288 participiorum
993 1243 1229 1276 cumulatione
1251 1243 1353 1276 modo
1376 1244 1468 1276 infra

112 1292 149 1323 in
173 1291 389 1324 enarratione
413 1290 550 1323 dictum.

111 1415 217 1447 verba
250 1413 330 1446 inde
365 1425 386 1446 a
423 1412 625 1448 πλάττοντες
664 1414 757 1446 inse-

115 1460 258 1502 quentia
280 1460 510 1502 praegressis:
540 1456 582 1491 ὃν
613 1456 752 1501 (νόμον)

112 1503 208 1549 ἡμεῖς
234 1504 419 1544 τιθέμεθα,
445 1514 675 1547 epexegeseos
698 1505 753 1536 in-

113 1555 184 1582 star
221 1549 377 1583 subiecta
412 1554 509 1590 sunt,
550 1550 588 1581 in
626 1549 754 1591 quibus

113 1596 338 1638 complurium
374 1595 631 1638 participiorum
673 1605 754 1627 con-

113 1642 225 1673 cursio
257 1641 428 1673 neminem
458 1640 662 1680 morabitur,
693 1640 752 1682 qui

115 1687 303 1728 respexerit
341 1696 420 1718 ann.
457 1686 500 1718 ad
536 1697 569 1728 p.
604 1684 682 1718 464.
715 1685 754 1718 C.

112 1731 287 1765 Phaedon.
311 1741 345 1773 p.
360 1729 413 1764 70.
438 1730 480 1765 A.
505 1730 548 1766 al.
574 1731 754 1764 Sententia

113 1776 201 1809 haec
224 1781 296 1809 est:
326 1787 403 1809 nec
433 1780 572 1808 tamen
603 1786 755 1808 secun-

114 1821 211 1853 dum
255 1822 386 1854 istam
422 1821 580 1864 legem,
628 1831 754 1863 quam

114 1876 192 1898 nos
216 1871 369 1898 nostro
400 1867 619 1899 sancimus
644 1865 755 1898 arbi-

112 1911 221 1943 trio:
246 1911 342 1944 dum
365 1912 478 1944 enim
502 1912 688 1954 optimos
713 1915 754 1943 et

113 1955 422 1989 validissimos
437 1957 754 1999 nostrumipso-

113 2012 202 2034 rum
218 2012 239 2034 a
284 2002 435 2044 pueris
471 2005 677 2044 acceptos
715 2006 755 2034 et

114 2047 243 2088 quasi
274 2046 427 2080 leones
460 2048 755 2079 incantamen—

114 2092 175 2124 tis
210 2095 253 2124 et
284 2093 548 2135 praestigiis
588 2092 752 2124 deleni-

113 2142 180 2169 tos
218 2138 454 2170 formamus
489 2137 690 2178 (educamus
720 2142 755 2169 et

113 2182 359 2225 instituimus),
395 2182 642 2226 redigimus
681 2193 753 2215 eos

115 2227 158 2258 in
213 2228 494 2268 servitutem,
551 2229 752 2261 dicentes

115 2282 298 2314 aequum
322 2271 375 2314 (τὸ
398 2273 606 2316 ἴσον)οεεο
629 2273 752 2314 illud,

114 2317 231 2359 quod
260 2317 488 2350 honestum
524 2323 659 2361 atque
696 2319 753 2351 iu-

114 2366 223 2395 stum
249 2363 315 2395 sit.
340 2362 491 2394 Verbum
508 2362 663 2396 πλάττειν
675 2367 752 2406 apte

114 2418 207 2440 nunc
248 2407 291 2441 de
330 2407 606 2441 adolescentibus
651 2409 753 2441 disei-

113 2452 210 2494 plina
242 2457 276 2485 et
314 2453 531 2486 institutione
563 2454 752 2487 formandis

113 2497 243 2530 dictum
274 2498 527 2541 significatione
557 2499 753 2542 impropria.

113 2543 167 2575 De
189 2544 274 2585 Rep.
297 2544 341 2576 11.
366 2553 403 2599 p.
422 2542 499 2576 377.
524 2543 571 2575 C.
596 2543 753 2577 πλάττειν

116 2585 173 2621 τὰς
209 2586 320 2629 ψυχὰς
360 2586 476 2621 αυτῶν
515 2592 583 2623 τοῖς
622 2587 752 2629 μύθοις

115 2630 202 2664 πολὺ
232 2635 360 2672 μᾶλλον
391 2631 411 2675 ἢ
443 2631 481 2666 τὰ
513 2643 649 2673 σωματα
679 2639 752 2669 ταῖς

116 2682 248 2719 ψυχαῖς.
280 2679 332 2711 De
356 2679 439 2722 Rep.
464 2679 523 2711 VI.
546 2690 579 2722 p.
597 2678 674 2712 500.
698 2680 750 2712 D:

114 2722 169 2754 καὶ
200 2720 246 2765 μὴ
278 2721 391 2763 μόνον
422 2722 547 2757 ἑαυτὸν
586 2722 750 2758 πλάττειν.

113 2767 220 2812 Legg.
250 2768 294 2803 11.
325 2780 358 2812 p.
391 2767 469 2803 671.
493 2770 542 2802 Ε.
573 2768 753 2803 παιδεύειν

824 1425 858 1446 τε
882 1414 937 1446 καὶ
970 1411 1136 1446 πλάττειν.
1190 1414 1303 1446 Prave
1335 1412 1467 1446 Hein-

823 1459 998 1491 dorfius
1028 1459 1145 1491 iunxit
1170 1458 1339 1498 τιθέμεθα
1365 1457 1466 1491 πλάτ-

825 1516 940 1539 τοντες
966 1505 1026 1546 (se.
1052 1503 1112 1536 τὸν
1139 1501 1272 1547 νόμον),
1296 1503 1388 1546 quod
1410 1514 1467 1537 ae-

823 1550 913 1592 cepit
943 1561 1006 1592 pro
1041 1547 1084 1581 ὂν
1120 1549 1294 1589 τιθέμενοι
1326 1547 1466 1582 πλάττο-

826 1606 898 1635 μεν.
960 1595 1041 1628 Alio
1075 1594 1176 1627 modo
1210 1595 1324 1627 locum
1358 1606 1468 1638 nuper

822 1641 988 1683 pervertit
1034 1640 1072 1674 C.
1109 1641 1174 1672 Fr.
1221 1641 1468 1681 Hermann„

823 1686 883 1728 qui
906 1685 1078 1725 τιθέμεθα
1101 1686 1243 1718 arbitrio
1267 1696 1331 1718 suo
1354 1686 1469 1727 eiecit,

824 1742 892 1773 quo
924 1731 1058 1764 scilicet
1090 1732 1257 1763 sermonis
1296 1735 1468 1764 structura

822 1776 982 1819 expedita
1022 1776 1217 1808 haberetur.
1283 1776 1391 1818 Atqui
1427 1788 1468 1809 ea

821 1822 976 1864 profecto
1001 1822 1085 1854 satis
1109 1821 1271 1864 expedita
1285 1825 1347 1862 est,
1372 1820 1467 1854 dum-

822 1866 923 1900 modo
947 1867 1052 1899 fuerit
1075 1867 1158 1899 satis
1173 1871 1360 1909 perspecta.
1384 1868 1469 1900 Post

823 1911 879 1944 λέο
885 1924 963 1947 ντας
986 1913 1021 1944 Η
1030 1923 1048 1945 e
1058 1922 1080 1944 u
1089 1923 1105 1944 s
1114 1912 1136 1944 d
1143 1913 1155 1943 i
1162 1923 1187 1945 u
1195 1923 1211 1944 s
1246 1912 1468 1945 inserendum

822 1957 968 2000 putabat
984 1956 1129 1996 δέοντες,
1147 1961 1361 2000 tamquam
1384 1957 1466 1991 leo-

822 2013 899 2035 nes
937 2003 1201 2036 vincientes.
1269 2002 1346 2043 Quo
1395 2014 1466 2036 non

823 2058 919 2091 opus.
967 2048 1021 2080 De
1044 2048 1081 2080 vi
1105 2051 1138 2081 et
1161 2051 1285 2081 natura
1312 2049 1466 2082 iustitiae

821 2094 858 2125 in
821 2093 1091 2181 ἣᾟτις.ιῃιξζῖζίὃίτειὲο
1114 2094 1264 2136 reposita
1295 2095 1387 2127 conf.
1410 2095 1465 2127 in-

821 2139 918 2216 fP.
942 2182 1020 2217 484.
1075 2183 1238 2227 ἱκανὴν
1284 2197 1314 2226 γ.
1355 2185 1466 2226 ἔχων

823 2226 876 2261 ἄν
885 2227 948 2272 η’ρ]
973 2228 1104 2262 Eodem
1124 2230 1226 2262 modo
1251 2227 1341 2272 ἀνήρ
1367 2240 1464 2262 usur-

820 2279 923 2316 patur
951 2275 1084 2307 Politic.
1117 2273 1329 2329 13.259.A:
1365 2275 1464 2317 βασι-

821 2317 958 2352 λεύοντι
964 2319 1095 2374 χώρας
1112 2317 1232 2361 α’νὸοί.
1255 2320 1413 2363 Sympos.
1434 2330 1466 2353 c.

805 2362 1466 2421 ’16εἀνὴρὲχωνὲρωια.Χοῃορ1ι.

821 2410 917 2442 Hier.
942 2411 1036 2450 VIII,
1060 2409 1099 2443 5·
1134 2406 1202 2442 ἀλλ’
1229 2411 1345 2454 ἔμοιγε
1369 2411 1471 2444 δοκεῖ

822 2455 878 2487 καὶ
903 2454 941 2487 ἐκ
965 2456 1063 2488 θεῶν
1095 2453 1180 2510 um}⁷
1202 2467 1249 2490 τις
1280 2457 1336 2488 καὶ
1368 2454 1466 2499 χάρις

823 2500 1114 2541 συμπαρέπεσθαι
1160 2497 1267 2542 ἀνδρὶ
1315 2499 1424 2544 ἄρχοι
1427 2514 1466 2540 τι

821 2545 865 2577 al.
911 2547 1075 2578 Proxima
1097 2547 1242 2579 fortasse
1266 2546 1361 2580 dicta
1385 2551 1467 2579 sunt

820 2590 864 2622 ad
895 2591 1123 2624 imitationem
1161 2591 1331 2624 Homer.
1365 2592 1465 2624 Iliad.

821 2636 878 2668 VI.
904 2647 935 2668 v.
966 2635 1034 2669 506
1065 2647 1154 2678 seq..
1188 2649 1236 2671 ως
1268 2635 1297 2669 δ’
1330 2636 1386 2669 ὅτε
1418 2649 1465 2671 τις

823 2679 942 2715 στατὸς
966 2682 1081 2721 ἵππος,
1105 2679 1300 2738 ἀκοστήσας
1319 2681 1375 2714 ἐπὶ
1397 2680 1464 2723 φά-

823 2738 894 2768 τνῃ,
921 2724 1052 2766 δεσμόι
1075 2724 1278 2770 α’ποᾷᾆήξας
1294 2728 1378 2769 θειῃ
1405 2738 1464 2760 πε-

821 2770 910 2804 δίοιο
940 2773 1120 2815 κροαίνων
1162 2785 1193 2807 κ.
1227 2785 1250 2805 τ.
1276 2774 1302 2805 λ.
1363 2772 1464 2809 Certe
