1716 2886
407 206 652 247 GORGIAS.
682 205 726 245 P.
758 207 853 243 493.
886 207 980 243 494.
1010 204 1070 244 ed.
1101 204 1158 243 st.

1381 204 1462 239 239

109 317 255 372 ἐκείνῳ
284 314 418 358 οὐκέτ’
447 313 561 358 ἔστιν
588 313 724 369 ἡδονὴ
754 313 950 367 οὐδεμία,
989 312 1095 355 άλλὰ
1122 305 1234 354 τοῦτ’
1262 308 1400 362 ἔστιν,
1440 311 1463 351 ὃ

108 389 192 425 νῦν
218 381 270 437 δὴ
300 381 382 436 ἐγὼ
411 382 579 436 ἔλεγον,
618 378 667 422 τὸ
706 377 840 433 ὥςπερ
869 379 997 420 λίθον
1026 380 1124 432 ζῆν,
1164 375 1336 419 ἐπειδὰν
1363 378 1463 431 πλη-

108 451 240 503 ρώσῃ,
269 449 371 502 μήτε
393 447 597 501 χαίροντα
618 445 677 487 ἔτι
704 446 806 500 μήτε
827 444 1112 498 λυπούμενον.
1144 438 1230 484 ἀλλ’
1253 441 1300 484 ἐν
1326 442 1464 497 τούτῳ
1494 443 1532 485 Β

111 513 197 556 ἐστὶ
224 515 272 555 τὸ
300 511 434 567 ἡδέως
464 513 567 566 ζῆν,
609 510 655 552 ἐν
695 513 755 567 τῷ
783 511 841 559 ὠς
881 512 1079 552 πλεῖστον
1108 507 1309 562 ἑπιῤῥεῖν.
1365 509 1463 549 ΣΩ.

110 580 284 621 Οὐκοῦν
311 579 476 631 ἀνάγκη
505 579 559 631 γ’,
588 575 642 617 ἂν
670 576 781 618 πολὺ
811 574 995 629 ἐπιῤῥέῃ,
1025 573 1136 616 πολὺ
1164 573 1234 615 καὶ
1263 573 1311 615 τὸ
1335 572 1465 614 άπιὸν

113 642 222 687 εἶναι
249 645 318 686 καὶ
356 643 499 698 μεγάλ’
539 644 644 683 ἄττα
683 641 734 683 τὰ
769 643 961 696 τρήματα
999 636 1110 681 εἶναι
1144 643 1237 688 ταῖς
1276 637 1463 693 ἐκροαῖς;

115 712 250 752 ΚΑΛ.
284 709 412 751 Πάνυ
440 707 519 763 μὲν
547 704 639 750 οὖν.
671 709 768 749 ΣΩ..
801 706 1049 760 Χαραδριοῢ
1077 720 1172 746 τινα
1201 701 1257 746 αὖ
1286 704 1340 746 σὺ
1369 705 1467 758 βίον

111 775 267 830 λέγεις,
303 774 394 816 ἀλλ’
435 775 488 815 οὐ
515 780 695 826 νεκροῦ,
738 768 839 815 οὐδὲ
867 772 1009 813 λίθου.
1050 771 1124 813 καί
1162 785 1235 824 μοι
1262 768 1380 824 λέγε,
1419 771 1467 811 τὸ

111 840 276 882 τοιόνδε
305 837 448 893 λέγεις,
479 835 575 882 οἷον
603 841 755 893 πεινῆν
783 836 854 879 καὶ
881 839 1094 879 πεινῶντα
1118 835 1298 885 ἐσθίειν;
1330 837 1467 876 ΚΑΛ.

102 902 279 960 Ἔγωγε.
336 907 433 947 Σῼ.
467 904 553 946 Καὶ
580 906 714 958 διψῆν
742 918 788 956 γε
817 903 887 945 καὶ
916 903 1110 952 διψῶντα
1132 902 1295 952 πίνεινς
1328 902 1466 942 ΚΑΛ.
1499 901 1535 944 C

114 970 250 1024 Λέγω,
279 970 349 1012 καὶ
377 970 450 1019 τὰς
477 972 608 1019 ἄλλας
651 969 882 1023 ἐπιθυμίας
924 967 1090 1016 ἁπάσας
1119 965 1270 1021 ἔχοντα
1297 966 1369 1009 καὶ
1395 967 1467 1007 δυ-

112 1037 300 1090 νάμενον
328 1038 573 1090 πληροῦντα
601 1036 805 1090 χαίροντα
834 1030 1099 1088 εὐδαιμόνως
1127 1035 1213 1086 ζῆν.

181 1179 315 1215 οὐκέτ’
341 1182 461 1215 ἔστιν
488 1178 560 1225 ἡδ.]
586 1180 644 1214 Sic
669 1180 786 1213 Clark.
814 1180 888 1212 Vat.
913 1190 974 1222 pro
998 1179 1093 1222 vulg.
1119 1175 1183 1210 οὐκ
1209 1177 1313 1210 ἔστιν.

183 1249 375 1283 ἐπειδὰν
398 1251 504 1292 πληρ

516 1247 618 1292 ω’σῃ]
662 1248 704 1280 V.
729 1246 946 1291 πληρώσηται
972 1247 1092 1279 invitis
1117 1246 1236 1279 Clark.
1261 1246 1340 1277 Vat.
1364 1244 1469 1277 Coisl.

116 1295 217 1327 Vind.
242 1294 273 1330 1.
297 1295 328 1328 6.
353 1294 451 1327 Bodl.
475 1295 552 1326 Par.
578 1293 807 1326 BCEFIW.
833 1298 866 1326 et
889 1303 1014 1326 novem
1038 1292 1189 1325 Florent.
1214 1291 1361 1324 Videtur
1386 1291 1468 1332 πλη-

120 1341 222 1383 ρωθῇ
245 1340 484 1383 corrigendum
507 1350 592 1372 esse.

183 1408 221 1443 C.
271 1406 527 1447 δυνάμενον
559 1404 839 1449 πληροῦντα]

118 1455 285 1496 πληροῦν,
309 1452 400 1495 quod
423 1451 553 1496 recepit
575 1452 764 1484 Hermann.

117 1566 299 1608 Perperam
323 1564 578 1598 Findeisen.
603 1564 694 1597 coni.
729 1563 758 1595 τὶ

118 1609 252 1643 τοιόνδε
286 1609 409 1654 λέγεις,
453 1609 544 1653 quod
584 1609 759 1643 soloeeum

118 1657 212 1689 foret.

163 1746 202 1778 G.
247 1746 315 1777 καὶ
355 1744 617 1784 δυνάμενον
663 1745 756 1787 πλη-

122 1794 284 1831 ροῦντα
327 1794 453 1832 χαίρο
467 1802 542 1822 ντα
589 1787 757 1829 εὐδαιμ.

120 1834 162 1879 g]
195 1837 309 1868 Primo
346 1836 467 1868 obtutu
505 1836 623 1877 utique
663 1835 759 1867 blan-

119 1881 232 1913 diatur
268 1881 373 1913 alicui
411 1880 502 1922 quod
533 1880 639 1912 edidit
671 1880 693 1912 S
704 1883 718 1912 t
727 1891 759 1912 e-

119 1937 140 1968 p
149 1926 172 1958 h
183 1936 234 1958 an
243 1936 266 1958 u
275 1936 291 1958 s
325 1926 493 1968 πληροῦν.
541 1925 608 1958 Sed
637 1935 673 1957 re
707 1936 759 1958 ae-

120 1971 270 2004 curatius
293 1971 508 2004 considerata
531 1981 601 2003 non
617 1969 759 2003 dubium

120 2015 294 2049 videbitur
304 2041 312 2057 ‚
344 2017 427 2058 quin
451 2027 494 2049 ea
515 2015 617 2048 lectio
649 2015 693 2047 ab
717 2015 760 2048 iis

119 2062 261 2094 inventa
295 2062 339 2094 sit
349 2086 357 2102 ,
394 2062 455 2103 qui
494 2062 761 2094 constructionis

119 2107 287 2139 rationem
309 2117 380 2139 non
402 2107 668 2149 perspexissent.
698 2106 762 2139 Est

122 2155 236 2184 autem
281 2151 387 2184 haec:
435 2151 490 2184 na?
539 2150 651 2194 (λέγω)
689 2153 760 2193 χαί-

127 2205 231 2238 ροντα
276 2195 493 2237 εὐδαιμόνως
534 2199 599 2239 ζῆν
642 2197 762 2238 ἔχοντα

121 2240 179 2276 τὰς
203 2239 302 2276 ἄλλοις
326 2241 513 2281 ἐπιθυμίας
544 2239 680 2276 ἁπάσας
705 2242 760 2274 καὶ

122 2289 319 2330 πληροῦντα
357 2285 554 2326 δυνάμενον
591 2298 637 2319 sc.
679 2289 761 2330 πλη-

125 2335 231 2375 ροῦν,
265 2336 305 2364 et
328 2331 397 2364 die
410 2343 429 2365 o
454 2332 646 2374 aliquem
670 2343 762 2365 eum

122 2377 284 2420 gaudio
316 2378 442 2410 beate
466 2378 633 2418 vivere,
666 2377 761 2410 dum

123 2426 266 2455 cetera
277 2433 292 2454 s
317 2422 587 2464 cupiditates
603 2422 764 2456 habeat

122 2471 307 2500 cunetas
355 2478 518 2510 easque
565 2468 762 2510 expleat,

123 2513 284 2555 quippe
324 2513 366 2545 id
397 2513 595 2545 faciendi
627 2513 762 2546 facul-

122 2562 214 2590 tate
253 2558 409 2600 pollen
421 2568 446 2592 s.
502 2558 556 2590 Dc
592 2558 763 2591 infinitivo

123 2604 280 2645 πληροῦν
315 2613 358 2635 ex
390 2614 460 2644 seq.
493 2604 690 2646 πληροῦντα
721 2603 764 2636 ad

124 2648 167 2680 δυ
174 2645 325 2687 νάμενόν
366 2648 571 2680 assumendo
609 2659 641 2680 v.
675 2649 705 2681 A
715 2659 731 2681 s
741 2653 764 2681 t.

505 2704 537 2736 g.
569 2693 611 2725 ad
643 2693 764 2736 Oedip.

502 2738 674 2771 Videlicet
704 2740 765 2772 So-

124 2692 167 2725 ad
198 2693 231 2725 h.
256 2693 279 2725 l.
311 2696 344 2725 et
373 2694 496 2726 Reisi

124 2738 198 2770 Col.
230 2749 262 2780 p.
287 2737 352 2771 277
378 2749 448 2780 seq.

886 1405 944 1438 Sic
974 1403 1056 1437 libri
1088 1413 1226 1446 omnes,
1267 1402 1326 1436 sed
1352 1401 1468 1445 Steph.

828 1562 914 1595 crati
946 1561 1102 1605 singulas
1134 1560 1340 1603 cupiditates
1379 1571 1471 1592 com-

827 1618 1016 1640 memorare
1048 1611 1082 1640 et
1113 1607 1263 1650 exempli
1292 1606 1371 1638 loeo
1395 1616 1471 1649 pro-

827 1663 955 1696 ponere
996 1653 1191 1686 instituenti
1223 1651 1386 1684 Callicles
1422 1651 1472 1683 ita

826 1698 1019 1741 respondet,
1043 1702 1082 1731 ut
1096 1709 1169 1731 rem
1186 1697 1284 1731 brevi
1298 1697 1472 1740 praecidat

827 1755 932 1786 seque
956 1748 1089 1776 ceteras
1122 1753 1240 1776 omnes
1265 1742 1472 1785 cupiditates

827 1790 982 1832 cognitas
1006 1789 1133 1822 habere
1165 1788 1344 1831 significet.
1393 1789 1471 1820 Per-

827 1835 987 1867 tinaciter
1011 1839 1125 1867 autem
1144 1834 1351 1866 sententiam
1375 1844 1472 1866 suam

827 1881 980 1913 retinens
1004 1880 1108 1912 simul
1129 1880 1234 1912 etiam
1259 1878 1354 1911 addit
1368 1879 1473 1911 haec:

828 1924 884 1958 καὶ
911 1923 1114 1964 δυνάμενον
1133 1943 1176 1947 -
1202 1925 1278 1967 ζῆν.
1303 1924 1473 1965 Quocirca

829 1969 952 2002 deinde
981 1971 1024 2002 ab
1050 1970 1190 2003 Socrate
1221 1973 1359 2012 propter
1382 1970 1472 2002 hanc

828 2016 1059 2058 pervicaciam
1089 2015 1236 2056 ridetur,
1268 2015 1327 2057 qui
1360 2016 1391 2047 ei
1423 2026 1474 2048 re-

829 2061 974 2104 spondet
995 2061 1100 2093 haee:
1135 2060 1377 2093 Praeclare
1409 2071 1474 2093 ve-

829 2117 895 2147 ro,
919 2118 939 2140 o
964 2107 1093 2139 bone!
1127 2116 1259 2149 perge
1291 2106 1403 2138 enim
1427 2110 1474 2138 ut

831 2151 1047 2194 coepisti,
1095 2161 1176 2184 nee
1220 2155 1260 2183 te
1298 2151 1471 2194 pudeat.

831 2197 984 2240 Apparet
1011 2195 1131 2229 turbas
1169 2196 1303 2230 dedisse
1335 2197 1474 2239 partici-

830 2244 964 2284 piorum
997 2241 1283 2282 cumulationem,
1328 2242 1370 2274 de
1405 2252 1474 2284 qua

829 2288 899 2320 iam
935 2288 973 2320 in
1011 2287 1246 2330 superioribus
1285 2286 1474 2330 disputavi-

830 2343 918 2365 mus.
981 2332 1018 2365 Si
1048 2336 1164 2365 autem
1194 2342 1276 2364 vera
1306 2336 1359 2365 est
1387 2333 1475 2365 haec

830 2378 1067 2420 interpretatio
1091 2382 1231 2417 nostra,
1255 2377 1358 2410 facile
1384 2388 1474 2410 care-

832 2425 944 2456 bimus
976 2423 1080 2456 etiam
1112 2423 1310 2455 coniectura
1349 2424 1475 2456 Hein-

831 2468 986 2501 dorfii:
1029 2468 1084 2500 καὶ
1133 2466 1335 2507 δυνάμενον
1377 2470 1473 2511 πλη-

835 2517 966 2556 ροῦν,
1008 2514 1264 2556 πληροῦντα
1300 2515 1371 2546 καὶ
1404 2516 1474 2556 χαί-

835 2570 942 2601 ροντα
965 2555 1038 2590 εὐδ.
1065 2560 1140 2601 ζῆν.
1188 2558 1348 2591 Ceterum
1372 2559 1475 2592 Bek-

831 2604 984 2643 karus,
1031 2604 1090 2644 qui
1133 2604 1277 2636 retinuit
1319 2604 1476 2637 codicum

832 2649 1032 2689 lectionem,
1069 2659 1174 2691 prave
1214 2649 1373 2682 distinxit
1397 2660 1477 2682 >ora-

833 2695 961 2726 tionem
986 2698 1152 2727 commate
1176 2698 1254 2736 post
1278 2695 1477 2737 πληροῦντα

833 2739 1046 2781 interposito,
