1676 2938
214 176 293 212 806
718 199 721 204 -
751 172 1010 212 PLAmMS

214 277 283 322 ὅτε
312 282 520 334 Περικλῆς
554 281 703 333 ἤρχετο
739 278 876 333 λέγειν
910 279 960 322 ἐν
984 284 1043 333 τῷ
1069 279 1206 335 δήμῳ,
1242 280 1408 334 χείρους
1433 275 1544 334 ἦσαν

214 345 256 386 οἱ
276 340 507 398 Ἀθηναῖοι
543 343 571 397 ἦ
609 340 675 385 ὅτε
711 343 763 386 τὰ
789 347 1005 386 τελευταῖα
1032 342 1195 397 ἔλεγενς
1246 345 1381 386 ΚΑΛ.
1407 340 1541 394 Ἴσως.

214 411 308 450 ΣΩ.
341 409 433 450 Οὐκ
452 408 553 457 ἴσως
573 409 639 462 δή,
669 403 704 449 ὦ
722 407 917 462 βέλτιστε,
946 406 1031 450 ἀλλ’
1059 409 1224 462 ἀνάγκη
1252 407 1297 451 ἐκ
1323 411 1409 452 τῶν
1435 409 1542 463 ὠμο-

146 479 183 521 Ε
215 472 472 527 λογημένων,
508 472 623 525 εἴπερ
651 473 814 526 ἀγαθός
839 469 876 526 γ’
905 469 958 526 ἦν
986 473 1144 522 ἐκεῖνος
1169 472 1349 527 πολίτης.
1407 474 1543 515 ΚΑΛ.

221 540 270 579 Τί
298 534 378 579 οὖν
405 537 477 591 δή;
519 539 614 578 2353.
656 535 807 579 Οὐδέν.
833 537 937 579 ἀλλὰ
964 538 1059 579 τόδε
1086 552 1158 591 μοι
1186 536 1273 581 εἰπὲ
1299 536 1367 579 ἐπὶ
1393 538 1542 595 τούτῳ.

173 622 176 627 >
213 603 247 644 εἰ
275 600 467 655 λέγονται
494 602 721 656 Ἀθηναῖοι
758 602 828 644 διὰ
857 601 1065 654 Περικλέα
1093 603 1282 656 βελτίους
1308 601 1543 656 γεγονέναι,

211 664 239 720 ἢ
275 674 364 708 πᾶν
398 667 653 708 τούναντίον
689 667 982 720 διαφθαρῆναι
1009 664 1080 709 ὐπ’
1109 665 1286 709 ἐκείνου.
1313 667 1435 708 ταυτὶ
1460 666 1542 720 γὰρ

209 807 365 844 Ἐποιέι..
393 809 482 844 Dedi
514 808 590 842 Ναί
612 820 654 842 ex
685 809 800 843 Clark.
832 809 938 843 Coisl.
967 810 1052 844 Ven.
1086 810 1165 842 ΞΣ.
1189 808 1306 844 ’,Ἷίιιῶ
1338 808 1367 841 1.
1397 808 1429 843 2.
1453 807 1484 843 6.
1510 807 1545 842 7.

209 855 287 889 Par.
311 854 440 888 CVW.
462 855 554 888 Flor.
576 865 607 887 a.
630 854 662 887 b.
687 865 717 888 c.
741 855 772 887 d.
795 865 839 889 m.
864 865 894 887 o.
917 865 951 889 x,
983 854 1080 887 Bodl.
1104 859 1138 886 et
1160 853 1239 887 edit.
1261 855 1341 887 Bas.
1364 852 1397 888 2.

283 897 367 932 Οὐκ
401 900 505 934 ἴσως
535 898 552 931 δ
563 898 604 942 ή]
635 899 739 932 Εᾶίιι.
762 910 879 932 omnes
904 898 959 931 δεῖ
977 910 1037 942 pro
1063 897 1115 941 δή,
1140 898 1231 941 quod
1255 898 1390 932 restitui
1412 909 1431 931 e
1455 897 1540 931 ven.

212 943 291 976 ΞΣ.
327 943 428 977 vind.
461 943 490 976 1.
521 942 552 977 2.
563 912 615 978 ηδ.
648 942 678 977 7.
713 945 789 977 Par.
821 944 961 977 CFIV.
994 944 1086 977 Flor.
1114 944 1147 978 b.
1171 943 1204 977 d.
1226 954 1260 976 x.
1291 943 1381 987 Aug.
1404 943 1543 976 Mearm.

209 989 443 1038 Repetendum
465 991 602 1031 χείρους
625 983 717 1031 ἦσαν
740 1001 769 1021 κ.
794 1001 818 1021 τ.
843 990 870 1022 λ.

907 1122 1013 1154 vitate
1036 1121 1292 1156 delectarentur
1340 1120 1431 1162 Quid
1451 1119 1541 1163 quod

908 1176 930 1198 a
950 1166 1094 1209 pristina
1116 1176 1248 1199 morum
1270 1166 1485 1209 simplicitate
1508 1167 1542 1198 et

906 1210 1103 1254 frugalitate
1127 1210 1211 1244 adeo
1234 1210 1467 1251 desciverunt,
1505 1214 1543 1242 ιιι

907 1257 996 1289 inter
1028 1260 1141 1289 scorta
1169 1255 1330 1296 iuvenes.
1365 1255 1461 1289 alca
1476 1254 1543 1287 viri

909 1306 943 1334 et
965 1311 1074 1342 senes,
1103 1299 1401 1334 comissationibus
1424 1309 1542 1332 omnes

909 1342 1015 1377 vitam
1046 1346 1288 1388 transigerent.
1321 1343 1357 1377 id
1387 1343 1477 1387 quod
1500 1343 1541 1376 de

909 1391 951 1422 iis
969 1401 1012 1422 ex
1030 1391 1249 1433 Theopompo
1263 1389 1395 1423 rettulit
1417 1388 1541 1421 Athe·

895 1442 1044 1467 ‘naeus
1068 1435 1152 1475 XII,
1181 1434 1214 1467 8.
1242 1433 1374 1478 p532.
1398 1434 1440 1468 D.
1473 1433 1540 1467 vid.

908 1481 1010 1512 etiam
1040 1479 1237 1512 Philochor.
1242 1445 1304 1512 Pet
1332 1477 1540 1512 Phanodem.

907 1523 999 1566 apud
1029 1524 1175 1556 eundem
1203 1523 1263 1556 XI.
1294 1533 1323 1557 c.
1353 1522 1385 1557 3.
1453 1522 1541 1565 Apte

907 1578 982 1601 com
1009 1573 1148 1602 araz-unt
1177 1567 1394 1601 Plutarch.
1419 1567 1540 1600 Pericl.

907 1623 939 1656 p.
961 1611 981 1645 1
1029 1614 1098 1649 ..Ε
1121 1612 1280 1656 cap.1X.
1306 1611 1421 1645 πολλοὶ
1446 1614 1539 1654 πρῶ-

164 1158 166 1161 ,
252 1119 416 1156 1).Οὖκ
440 1123 546 1157 ἴσως
579 1119 642 1165 δή,
675 1114 703 1154 ὦ
725 1122 759 1164 β.
782 1119 839 1165 -]

208 1167 296 1211 Apte
327 1167 472 1200 contulit
493 1167 710 1200 Routhius
732 1166 840 1210 Legg.

208 1212 286 1244 XII.
303 1222 333 1267 p.
352 1211 429 1245 965.
444 1212 491 1244 C:
507 1209 617 1246 'Qloms
647 1209 719 1244 Οὐκ
743 1211 839 1248 ἴσως,

209 1254 276 1289 ἀλλ’
301 1268 428 1296 οντως,
460 1268 487 1289 ω
513 1254 687 1295 δαιμόνιε,
720 1253 841 1311 ταύτης

208 1299 272 1334 οὐκ
295 1302 364 1334 ἔστι
388 1300 583 1342 σαφεστέρα
603 1300 757 1341 μέθοδος
778 1298 840 1333 ἄν·

209 1342 368 1387 θρώπων
385 1344 515 1378 οὐδενί.
540 1346 721 1388 Perperam
736 1346 840 1388 vulgo

209 1402 268 1432 pro
301 1389 344 1434 δή
372 1390 549 1434 legebatur
578 1390 648 1428 δεῖ,
685 1390 775 1433 quod
805 1392 842 1422 in

209 1435 272 1468 hac
314 1435 468 1478 elliptica
507 1435 670 1477 loquendi
711 1436 842 1468 ratione

209 1491 278 1513 non
300 1480 404 1513 habet
424 1481 548 1529 locum.

252 1548 291 1581 E.
345 1547 392 1580 Τι’
418 1540 500 1578 οὖν
531 1544 581 1589 δή

210 1590 379 1632 διαφέρει.
404 1591 443 1625 V..
461 1602 494 1634 p.
509 1558 586 1623 453.
603 1591 683 1633 Bp

591 1544 622 1589 ,·]
654 1546 721 1578 Int.
741 1549 840 1579 τοῦτο

661 1601 693 1633 p.
707 1589 783 1625 497.
798 1591 841 1623 D.

208 1637 345 1669 Menon.
367 1646 401 1679 p.
424 1635 478 1670 89.
503 1636 546 1668 D.

254 1701 377 1746 ἢπᾶν
396 1697 657 1735 τούνανιιόν
676 1700 840 1744 διαφθ]

209 1748 308 1781 Plato
341 1758 445 1790 quum
473 1746 642 1779 iudicaret
670 1757 746 1788 eos,
783 1746 842 1788 qui

208 1792 309 1825 rebus
341 1792 503 1825 civilibus
534 1795 746 1834 praeessent,
784 1801 842 1822 ne-

209 1848 274 1880 que
316 1847 434 1870 auram
471 1836 668 1879 popularem
704 1840 840 1878 captare

209 1893 318 1925 neque
334 1883 485 1925 privatas
508 1881 674 1913 utilitates
697 1885 730 1913 et
754 1891 841 1912 com-

209 1927 309 1960 moda
344 1931 495 1969 spectare
536 1925 678 1966 debere,
717 1926 839 1957 mirum

208 1973 357 2015 profecto
373 1983 441 2004 non
457 1975 518 2011 est,
534 1970 624 2013 quod
639 1975 709 2003 tam
724 1980 840 2003 severe

209 2017 249 2050 de
291 2017 423 2050 Pericle
463 2015 637 2048 iudicavit.
705 2015 841 2048 Etenim

209 2061 287 2094 inde
309 2061 352 2093 ab
370 2072 411 2095 eo
428 2065 589 2103 tempore,
613 2070 680 2102 quo
703 2061 733 2093 is
756 2070 841 2092 rem·

208 2106 384 2149 publicam
422 2105 689 2146 administravit,
737 2104 841 2137 Athe-

209 2152 346 2184 nienses
398 2150 498 2183 valde
547 2153 721 2192 corruptos
765 2159 840 2182 esse

208 2196 350 2229 historia
363 2196 444 2228 sotis
456 2199 608 2228 testetur.
644 2194 733 2227 Nam
756 2193 841 2227 adeo

210 2242 244 2273 in
275 2241 452 2284 segnitiem
479 2244 715 2282 torporemque
737 2238 841 2271 soluti

210 2290 307 2326 sunt,
337 2290 375 2318 ιιι
398 2285 447 2317 nil
470 2285 537 2317 nisi
561 2284 633 2317 dies
656 2284 760 2316 festos
785 2293 841 2325 ap·

208 2334 415 2372 paratusque
450 2329 606 2363 ludorum
641 2327 842 2371 magnificos

210 2379 385 2415 curarent3
417 2378 486 2406 tam
517 2374 675 2415 loquaces
704 2373 841 2406 exstite-

210 2424 288 2452 runt
340 2419 624 2474 loquacitatisque
677 2423 841 2458 amantes,

211 2462 294 2498 ‹iis-te
311 2463 363 2498 εἰς
378 2460 487 2495 ουδὲν
506 2463 629 2504 ἕτερον
651 2459 842 2503 εὐκαίρουν

210 2507 232 2552 ἢ
261 2508 372 2551 λέγειν
403 2519 430 2540 τι
459 2508 514 2540 καὶ
549 2506 692 2540 ἀκούειν
726 2504 840 2540 καινά·

210 2565 322 2594 τερον.
382 2552 478 2585 Unde
519 2554 622 2585 etiam
661 2552 841 2584 concione·

209 2598 390 2641 populares
403 2606 528 2640 magno
551 2597 663 2630 studio
684 2597 842 2639 frequen-

208 2643 348 2683 tabant,
377 2651 447 2675 non
477 2647 545 2674 tam
578 2646 615 2675 ιιι
644 2651 762 2674 verum
784 2650 841 2674 uu·

207 2688 338 2730 dirent,
365 2698 467 2730 quam
497 2691 536 2720 ιιι
565 2688 842 2720 verbm-umanu—

909 1669 970 1690 τον
993 1655 1049 1690 υπ’
1074 1656 1211 1690 ἐκείνου
1236 1657 1322 1698 φασὶ
1347 1653 1407 1689 τὸν
1430 1654 1541 1710 δῆμοι

910 1701 965 1734 ἐπὶ
998 1703 1200 1745 κληρουχίας
1225 1701 1280 1734 καὶ
1305 1699 1460 1742 θεωρικὰ
1483 1700 1540 1733 καὶ

907 1748 1047 1786 μισῖιΰν
1100 1744 1265 1786 διανομὰς
1311 1746 1541 1800 προαχθῆναι.
1573 1780 1577 1784 Α

908 1803 1018 1826 κακως
1050 1790 1241 1824 ἐθισθέντα
1270 1789 1325 1822 καὶ
1348 1787 1540 1845 γενόμενοι

908 1838 993 1868 πολι
987 1838 1072 1879 τελῆ
1090 1837 1145 1869 κα)
1167 1833 1358 1869 ἀκόλαστον
1382 1832 1449 1868 ὑπὸ
1473 1838 1542 1866 τῶι

908 1879 980 1913 τότε
995 1879 1247 1936 πολιτευμάτων
1260 1876 1336 1912 ἀντὶ
1355 1877 1541 1920 σώφρονος

908 1926 963 1958 καὶ
999 1924 1205 1969 αὐτουργοῦ.
1258 1924 1372 1957 Diluit
1404 1923 1540 1966 quidem

907 1971 972 2003 hoc
1003 1971 1129 2003 crimen
1160 1969 1365 2003 Plutarchus
1395 1969 1464 2008 ita,
1502 1972 1540 2000 ut

907 2015 1064 2048 ostendat
1084 2014 1251 2048 Periclem
1281 2014 1380 2046 initio
1403 2013 1538 2068 quidem

907 2060 1033 2114 populo
1046 2059 1181 2102 placere
1195 2058 1365 2092 studuisse
1380 2058 1435 2090 καὶ
1451 2055 1539 2099 πρὸς

906 2103 1006 2147 χάριν
1029 2105 1285 2148 πολιτευθῆναι,
1311 2112 1378 2145 quo
1400 2102 1539 2137 facilius

907 2149 1178 2182 adversariorum
1196 2157 1346 2181 suorum·
1360 2147 1540 2180 auctorite·

906 2199 973 2226 tem
1004 2195 1192 2237 frangeret,
1221 2192 1276 2225 his
1304 2196 1419 2225 autem
1441 2202 1539 2234 supe·

906 2239 990 2271 ratis
1019 2249 1056 2270 se
1084 2237 1186 2280 plane
1209 2237 1315 2270 alium
1327 2235 1537 2276 ostendisse,

908 2281 996 2324 πρὸς
1011 2281 1048 2315 u}
1063 2282 1268 2324 βέλτιστον
1257 2293 1295 2314 ιιι
1316 2281 1539 2324 gubernanda

907 2327 1084 2370 republica
1096 2331 1318 2370 spectantem.
1353 2327 1405 2359 lta
1425 2331 1537 2359 ιιιιιοιι

906 2383 977 2405 rem
1015 2382 1083 2405 non
1123 2376 1242 2415 neget,
1288 2369 1348 2404 sed
1386 2374 1537 2404 exuam

907 2418 992 2449 Eam
1031 2427 1112 2449 vero
1147 2416 1290 2449 ulterius
1326 2415 1540 2458 persequitur

906 2461 1147 2505 philosophus,
1177 2461 1238 2504 qui
1262 2458 1385 2492 exinde
1407 2458 1538 2502 colligit

906 2506 1071 2539 Periclem
1101 2516 1170 2538 non
1197 2505 1324 2538 bonum
1345 2503 1452 2537 misse
1475 2507 1539 2536 rel-

906 2550 1066 2594 publicae
1087 2550 1333 2590 administrum,
1354 2548 1415 2581 sed
1437 2558 1538 2582 vem

907 2596 989 2629 artis
1008 2596 1182 2628 civitatem
1204 2592 1418 2645 gabea-mum
1439 2593 1538 2636 ignu-

906 2650 981 2673 rum
1014 2644 1048 2673 et
1078 2639 1288 2683 imperitum
1330 2637 1414 2670 huic
1447 2638 1537 2670 enim

906 2684 993 2718 illud
1022 2685 1126 2719 unice
1154 2683 1363 2728 propositum
1386 2692 1460 2716 esse
1482 2681 1541 2715 de·
