1722 2964
55 0 462 38 metm
1065 0 1078 29 ·.

414 128 840 169 PROTAGORAS.
871 131 916 169 P.
938 133 1020 169 335.
1042 133 1120 169 336.
1153 131 1238 171 ST.
1466 127 1548 170 109

119 240 205 294 οὖν
234 262 317 293 σου
357 255 627 305 παραμεῖναι
657 242 785 304 ἡμῖν·
834 242 894 299 ὥς
935 244 1021 303 ἐγώ
1060 241 1157 291 οὐδ’
1194 241 1252 291 ἂν
1282 243 1382 298 ἑνὸς
1420 242 1551 304 ἥδιον

119 313 361 372 ἀκούσαιμι
383 311 412 372 ἢ
435 316 518 360 σοῦ
547 331 597 360 τε
623 314 698 358 καὶ
721 310 1026 371 Πρωταγόρου
1051 314 1399 371 διαλεγομένων·
1437 311 1552 358 ἀλλὰ

120 381 301 441 χάρισαι
324 378 432 440 ἡμῖν
457 384 608 427 πᾶσιν.
656 381 748 427 Καὶ
772 379 858 438 ἐγώ
891 380 1019 426 εἷπον
1045 406 1106 413 -
1133 378 1222 440 ἤδη
1256 380 1306 426 δὲ
1330 379 1550 439 ἀνεστήκη

121 449 181 503 ὡς
216 448 346 504 ἐξιών
371 475 430 482 -·
454 443 509 495 ³53
539 459 623 494 παῖ
638 444 891 495 Ἱππονίκου
903 484 915 506 ,
952 446 1024 494 ἀεὶ
1059 449 1142 506 μὲν
1175 450 1318 507 ἔγωγέ
1355 462 1439 495 σου
1468 447 1552 507 τὴν

120 522 394 576 φιλοσοφίαν
418 515 608 575 ἄγαμαι,
633 514 743 574 ἀτὰρ
767 517 841 562 καὶ
866 518 952 562 νῦν
977 519 1144 562 ἐπαινῶ
1168 517 1244 562 καὶ
1266 519 1406 574 φιλῶ,
1439 514 1552 563 ὥστε
1574 525 1604 559 Ε

122 581 420 644 βουλοίμην’“
394 604 451 631 αν
475 588 741 643 χαρίζεσθαί
759 597 845 641 σοι,
872 591 918 630 εἴ
934 603 1023 642 μου
1042 583 1213 630 δυνατὰ
1238 586 1367 631 δέοιο.
1393 587 1481 631 νῦν
1504 582 1547 630 δ’

123 654 244 698 ἐστὶν
269 667 420 711 ωσπερ
443 650 500 698 ἂν
524 656 567 698 εἰ
589 651 715 698 δέοιό
731 670 819 710 μου
841 656 1046 711 Κρίσωνι
1075 655 1136 714 τῷ
1167 651 1374 714 Ἱμεραίφ-
1394 657 1554 712 δρομεῖ

121 719 358 778 ἀκμάζοντι
382 717 632 777 ἕπεσθαι,
614 718 642 777 ἢ
665 722 756 765 τῶν
781 719 1113 778 δολιχοδρόμων
1137 738 1203 781 τῳ
1224 717 1251 778 ἢ
1274 723 1370 766 τῶν
1387 719 1551 779 ἡμερο-

121 787 302 847 δρόμων
326 792 507 834 διαθεῖν
529 806 578 833 τε
601 789 676 833 καὶ
699 789 902 835 ἕπεσθαι.
951 796 1117 846 εἴποιμι
1141 786 1199 833 ἄν
1222 803 1312 845 σοι,
1343 805 1411 834 οτι
1434 787 1549 834 πολὺ
1563 798 1630 831 336

120 857 204 902 σοῦ
233 859 404 914 μᾶλλον
429 855 513 914 ἐγὼ
547 858 739 914 ἐμαυτοῦ
773 857 927 914 δέομαι
962 858 1122 902 θέουσι
1156 854 1327 909 τούτοις
1360 854 1551 902 ἀκολου-

118 931 241 980 θεῖν,
266 922 366 969 ἀλλ’
395 922 449 969 οὐ
473 922 558 981 γὰρ
585 922 798 981 δύναμαι,
819 922 918 968 ἀλλ’
948 931 993 970 εἰ
1019 943 1062 969 τι
1095 925 1186 969 δέει
1210 923 1469 970 θεάσασθαι
1501 926 1551 970 ἐν

121 993 181 1052 τῷ
209 989 328 1052 αὐτῷ
354 992 434 1049 ἐμέ
454 1010 502 1037 τε
533 992 608 1036 καὶ
632 996 846 1049 Κρίσωνα
869 993 1086 1049 θέοντας,
1115 991 1275 1037 τούτου
1301 994 1406 1038 δέου
1439 1009 1550 1050 συγ-

209 1116 298 1175 ἤδη
324 1119 373 1156 δὲ
399 1117 652 1165 ανεστήκη]
674 1121 735 1154 Sic
753 1123 857 1157 Bodl.
874 1123 957 1156 Vat.
976 1133 1040 1165 pro
1058 1123 1158 1165 vulg.
1177 1117 1414 1166 ανεστήκειν.
1441 1125 1473 1156 Υ
1475 1124 1549 1156 ind.

119 1162 333 1211 ἄνεστήκει,
355 1168 450 1209 quod
469 1167 660 1200 confirmat
678 1171 867 1210 receptam
884 1168 1096 1201 lectionem.
1118 1169 1175 1201 De
1193 1170 1318 1201 Attica
1336 1169 1550 1211 plusquam-

119 1214 280 1255 perfecti
302 1213 420 1245 forma
446 1213 542 1254 apud
564 1213 760 1245 Platonem
793 1213 959 1246 codicum
993 1215 1218 1246 auctoritate
1252 1214 1484 1247 restituenda
1514 1225 1549 1247 v.

121 1260 247 1292 annot
266 1257 314 1290 ad
332 1257 497 1300 Sympos.
516 1268 550 1300 p.
572 1258 635 1290 198
654 1257 694 1291 C.

210 1303 253 1336 Ε.
280 1294 582 1346 βουλοίμην
557 1314 612 1336 αν
629 1302 917 1346 χαρίζεσθαί
929 1300 1018 1346 σοι]
1038 1303 1259 1336 Stallbaum.
1279 1315 1298 1336 e
1315 1303 1414 1338 Flor
1435 1315 1466 1338 0.
1483 1315 1548 1347 pro

119 1347 347 1390 χαρίζεσθαι
370 1347 473 1380 dedit
498 1348 756 1391 χαρίσασθαι,
782 1349 879 1390 quod
903 1359 975 1381 non
993 1350 1048 1381 ita
1070 1348 1217 1382 videtur
1240 1360 1331 1392 opus
1350 1359 1443 1390 esse,
1469 1354 1509 1383 ut
1527 1360 1550 1384 a

119 1394 312 1426 meliorum
330 1393 496 1426 codicum
514 1393 697 1436 εαιίρῐητει
714 1393 922 1429 recedatur,

166 1499 238 1537 ἀεὶ
255 1501 336 1547 μὲν
354 1501 494 1548 ἔγωγε
517 1503 577 1548 ——-]
605 1505 674 1537 His
702 1515 798 1537 com-

119 1560 211 1592 para
245 1549 407 1582 Socratis
438 1551 552 1583 verba
584 1550 628 1582 de
670 1550 797 1583 eodem

119 1594 244 1627 Callia
262 1604 319 1637 ap.
331 1595 496 1649 Xenoph.
517 1605 621 1647 copv.
637 1595 738 1629 VIII.
756 1597 798 1628 8:

118 1634 180 1672 ἀεὶ
212 1635 280 1691 μὲν
311 1631 382 1673 οὖν
386 1637 521 1695 {yvuys
546 1635 698 1692 ἠγάμην
727 1635 797 1683 τὴν

118 1679 189 1727 σὴν
206 1679 341 1739 φύσιν,
355 1684 428 1718 νῦν
445 1682 490 1718 δὲ
506 1684 572 1718 καὶ
589 1680 687 1718 πολὺ
704 1684 798 1728 μᾶλ-

120 1730 205 1770 λον,
225 1724 341 1762 ἐπεὶ
324 1740 368 1771 ορ
370 1729 398 1762 ὦ
416 1739 458 1762 σε
473 1725 552 1763 κτὲ.
571 1731 661 1764 ibid.
668 1731 731 1762 IV.
740 1732 796 1764 62.

164 1774 205 1806 Ε.
231 1773 316 1807 νῦν
348 1741 387 1806 δ’
421 1769 551 1808 ἐστὶν
575 1784 724 1817 ωσπερ
742 1787 796 1808 αν

120 1816 162 1852 εἰ
203 1814 333 1852 δὲοιό
378 1817 480 1872 μου]
530 1830 650 1852 nunc
687 1831 796 1853 vero

120 1864 275 1896 eadem
307 1865 425 1897 ratio
451 1867 522 1896 est
554 1875 582 1899 s.
606 1865 798 1908 perinde

119 1911 195 1941 est
211 1919 259 1941 ac
278 1910 393 1941 sime
413 1920 547 1952 roges
566 1914 636 1944 etc.
667 1909 798 1943 Criso

118 1953 356 1993 Himeraeus
406 1955 540 1987 nobilis
573 1950 801 1999 σταδιοδρό-

118 2008 205 2041 μος,
239 2001 296 2031 ter
333 1999 510 2042 deinceps
549 2011 658 2033 cursu
694 2002 799 2042 vicit,

119 2043 263 2086 Olymp.
295 2045 350 2077 83.
382 2046 436 2079 84.
469 2045 523 2078 85.
562 2055 598 2080 v.
644 2046 802 2098 praefat.

118 2098 153 2130 p.
171 2090 225 2121 20.
273 2089 397 2122 Verba
427 2089 565 2133 δρομεῖ
592 2085 799 2133 ακμοέζοντι

122 2133 177 2165 Gr
186 2143 278 2166 oen.
303 2145 390 2166 van
422 2135 689 2168 Prinsterer
711 2138 800 2169 Pm-

117 2179 339 2222 sopograph.
363 2179 511 2215 Platon.
528 2192 562 2223 p.
582 2181 672 2214 196·
663 2182 800 2213 iniuria

119 2225 159 2254 in
191 2223 425 2264 glossematis
460 2227 709 2267 suspicionem
735 2237 798 2259 vo-

119 2269 233 2310 cavit,
246 2269 424 2311 siquidem
448 2271 494 2302 iis
519 2272 614 2303 ratio
634 2271 798 2303 contine-

117 2316 195 2354 tur,
230 2323 294 2346 cur
319 2314 493 2347 Socrates
517 2315 708 2349 Crisonem
726 2327 799 2349 non

119 2359 171 2390 sit
210 2362 484 2392 consecuturus.
537 2359 724 2394 Crisonem
758 2356 798 2394 ἒν

121 2396 193 2447 ὅλῃ
209 2403 254 2446 τῇ
279 2403 346 2447 τῆς
370 2399 562 2447 ἀσκήσεως
585 2400 685 2449 ἄκμῇ
712 2418 796 2439 con-

118 2449 282 2480 tinenter
299 2453 336 2480 et
359 2460 490 2482 severe
507 2451 644 2482 vixisse
664 2462 797 2484 memo-

120 2494 198 2525 riae
230 2494 389 2536 prodidit
420 2494 530 2527 Plato
563 2496 605 2528 de
638 2497 728 2538 Leg.
762 2508 797 2539 p.

167 2581 252 2616 τῶν
268 2579 635 2628 δολιχοδρόμων]
660 2586 702 2618 In
721 2596 798 2619 cor-

121 2637 247 2669 porum
315 2630 643 2662 exercitationibus
703 2631 797 2674 apud

122 2671 283 2706 Graecos
313 2676 520 2718 principem
555 2675 677 2708 locum
705 2678 797 2710 obti

122 2717 203 2749 nuit
234 2727 378 2762 cursus,
419 2721 521 2752 cuius
553 2721 660 2763 plura
693 2726 799 2755 erant

122 2771 280 2804 genera·
299 2765 360 2806 qui
376 2766 594 2798 curriculum
613 2777 635 2798 a
649 2777 797 2800 carcere

122 2806 170 2838 ad
201 2810 335 2840 metam
362 2811 478 2843 semel
507 2821 676 2844 emensus
704 2815 796 2853 erat,

120 2852 154 2883 ia
186 2847 344 2887 στάδιον
377 2854 600 2894 decurrerat,
628 2858 688 2899 qui
710 2867 798 2891 con·

867 1506 972 1538 tinuo
990 1516 1098 1538 cursu
1115 1516 1138 1538 a
1161 1509 1262 1539 meta
1287 1507 1336 1539 ad
1360 1518 1551 1541 carcerem

866 1552 1031 1584 redierat
1075 1551 1243 1594 idemque
1291 1553 1449 1584 stadium
1491 1554 1550 1586 bis

868 1606 1037 1629 emensus
1071 1600 1168 1637 erat,
1202 1597 1281 1629 eius
1306 1607 1432 1630 cursus
1450 1598 1549 1631 dice-

866 1642 976 1674 batur
1009 1641 1182 1681 δίαυλος.
1224 1642 1297 1675 Sex
1328 1643 1389 1675 vel
1421 1643 1551 1676 decem

867 1686 1021 1720 δίαυλοι
1055 1687 1273 1720 conficiendi
1307 1692 1413 1720 erant
1445 1688 1551 1722 δολι-

866 1727 1052 1775 χοδρόμῳ,
1070 1743 1156 1765 nam
1166 1727 1318 1776 δόλιχος
1331 1736 1423 1775 erat,
1442 1744 1550 1776 quum

869 1787 992 1810 cursor
1009 1778 1166 1810 stadium
1190 1779 1301 1810 toties
1318 1777 1549 1816 decurrebat,

866 1826 907 1854 ut
926 1824 1138 1856 continuato
1156 1833 1264 1854 cursu
1281 1822 1473 1855 duodecim
1488 1824 1552 1857 vel

867 1868 1133 1910 vigintistadia
1142 1869 1366 1900 emetiretur.
1383 1879 1419 1901 v.
1435 1869 1549 1902 schol.

868 1912 915 1945 ad
947 1913 1116 1955 Sophocl.
1150 1912 1286 1947 Electr.
1320 1924 1355 1948 V.
1385 1915 1469 1954 6883
1502 1915 1550 1948 ad

868 1958 1054 2000 Aristoph.
1079 1958 1170 1991 Nub.
1195 1968 1229 1991 v.
1247 1960 1293 1992 28
1309 1963 1347 1991 et
1369 1959 1550 1992 Krausius

867 2003 923 2035 De
975 2003 1207 2045 Gymnastic.
1259 2007 1296 2035 et
1343 2004 1547 2047 Agonistic.

868 2048 1044 2081 Graecor.
1062 2050 1091 2082 Ι.
1109 2059 1143 2091 p.
1161 2050 1229 2081 344
1244 2058 1322 2091 sqq.

915 2110 1265 2160 ἡμεροδρόμων]
1321 2117 1452 2150 Livius
1490 2120 1547 2156 31,

869 2162 929 2193 24:
948 2161 1257 2194 ‘hemerodromos
1268 2166 1405 2195 vocant
1413 2163 1551 2196 Graeci

868 2207 1001 2249 ingens
1024 2206 1084 2239 die
1103 2217 1173 2240 uno
1200 2217 1308 2239 cursu
1330 2209 1549 2241 emetientes

868 2252 1055 2294 spafium’,
1080 2252 1200 2294 iisque
1224 2253 1376 2294 nuntiis,
1401 2253 1465 2285 ubi
1489 2263 1548 2286 res

868 2297 1088 2329 maturanda
1128 2300 1227 2338 erat,
1274 2298 1332 2329 usi
1375 2300 1472 2331 sunt.
1511 2309 1550 2332 v,

869 2341 1014 2375 Cornel.
1032 2343 1123 2384 Nep.
1143 2343 1238 2375 Milt.
1254 2353 1284 2375 c.
1303 2344 1336 2375 4.
1369 2343 1548 2379 Herodot.

912 2431 936 2464 δ
944 2444 958 2465 ι
966 2443 991 2464 α
1000 2432 1030 2465 θ
1040 2442 1056 2465 ε
1065 2434 1084 2465 ἶ
1088 2430 1126 2475 ν]
1169 2442 1277 2464 cursu
1310 2433 1546 2474 contendere,

865 2487 900 2511 v.
918 2478 1106 2510 Hermann
1125 2476 1169 2508 ad
1186 2478 1312 2519 Viget.
1329 2489 1364 2520 p
1383 2479 1462 2511 811.

887 2543 930 2576 Ρ.
940 2545 1016 2578 336.
1033 2538 1202 2576 τούτου
1217 2539 1325 2578 δέου
1342 2546 1547 2589 συγκαθ-

874 2587 1022 2630 εῖναι]
1055 2589 1170 2621 hunc
1194 2600 1319 2632 roga,
1351 2595 1397 2623 ut
1423 2602 1468 2623 se
1493 2591 1547 2623 ad

865 2645 929 2666 me
956 2634 1180 2666 demittat.
1204 2635 1327 2668 Verba
1326 2630 1545 2688 καθιέναι,

868 2674 1035 2730 ἐφιέναι
1054 2673 1218 2722 ἀνιέναι,
1240 2675 1414 2722 αφιιῖναι,
1432 2675 1547 2723 ὑφιέ-

866 2735 944 2766 ναι,
962 2719 1120 2767 ἐξιέναι,
1136 2725 1224 2763 alia,
1239 2735 1352 2767 saepe
1370 2727 1546 2759 intransi-

865 2770 944 2801 tiva
968 2769 1239 2811 significatione
1263 2772 1434 2812 usurpari
1457 2781 1545 2803 nar-

866 2815 1027 2846 ravimus
1058 2815 1104 2847 ad
1125 2815 1239 2857 Remp
1218 2826 1252 2857 p.
1284 2815 1385 2850 Vm.
1414 2827 1448 2858 p.
1479 2817 1544 2850 563

865 2859 908 2894 A.
926 2859 1114 2892 Phaedon.
1132 2871 1166 2903 p.
1188 2861 1250 2892 112
1267 2860 1314 2895 D.
1339 2861 1458 2896 Statlb.
