1716 2886
246 95 324 132 224
775 97 1039 140 PLATOMS

136 202 213 244 491
249 212 381 253 KAA.
423 212 495 266 Νὴ
532 212 631 261 τοὺς
667 215 816 266 θεούς,
852 216 1031 271 ἀτεχνῶς
1056 231 1103 270 γε
1129 217 1191 259 αἐὶ
1219 219 1395 270 σκυτέας
1422 236 1464 264 τε
1493 223 1563 265 καὶ

245 273 433 328 κναφέας
468 275 538 317 καὶ
573 278 799 331 μαγείρους
824 277 958 334 λέγων
982 281 1053 323 καὶ
1080 281 1249 334 ἰατροὺς
1274 281 1401 327 οὐδὲν
1426 289 1562 338 παύει,

245 338 301 387 ὠς
327 338 422 391 περὶ
439 341 601 382 τούτων
627 342 728 396 ἡμῖν
755 346 858 386 ὄντα
883 341 959 386 τὸν
985 347 1126 399 λόγον.
1183 348 1279 388 ΣΩ.
1310 346 1483 393 Οὐκοῦν
1507 353 1562 394 σὺ

245 401 359 454 ἐρεῖς,
387 406 482 455 περὶ
505 405 634 446 τίνων
659 406 683 447 ὁ
709 409 906 460 κρείττων
933 424 974 451 τε
1002 412 1071 452 καὶ
1097 408 1408 465 φρονιμώτερος
1434 414 1562 458 πλέον

243 464 348 520 ἔχων
387 467 557 517 δικαίως
592 472 849 522 πλεονεκτεῖς
896 472 922 526 ἢ
972 477 1067 515 οὔτε
1108 473 1212 526 ἐμοῦ
1247 476 1560 530 ὕποβάλλοντος

242 530 374 582 ἀνέξει
402 530 492 573 οὔτ’
534 529 661 583 αὐτὸς
700 533 805 587 ἐρεῖς
814 554 826 586 3
877 538 1010 578 ΚΑΛ.
1045 534 1155 580 Ἀλλ’
1182 538 1311 594 ἔγωγε
1338 541 1407 583 καὶ
1433 544 1561 585 πάλαι

241 594 359 649 λέγω.
387 599 556 649 πρῶτον
582 597 660 651 μὲν
685 599 785 649 τοὺς
810 602 1032 653 κρείττους,
1074 603 1120 644 οἴ
1142 604 1256 653 εἰσιν,
1285 601 1339 647 οὐ
1364 610 1558 648 σκυτοτό-

176 663 211 704 Β
241 664 358 713 μους·
374 660 481 714 λέγω
500 657 599 703 οὐδὲ
621 665 856 717 μαγείρους,
885 663 970 707 ἀλλ’
997 667 1038 707 οἳ
1063 666 1117 708 ἂν
1144 668 1201 716 εἰς
1227 669 1277 710 τὰ
1304 676 1377 723 τῆς
1402 673 1560 720 πόλεως

239 726 462 779 πράγματα
488 727 689 780 φρόνιμοι
716 723 837 778 ὦσιν,
875 725 1020 772 ὅντινα
1047 731 1101 772 ἂν
1126 733 1285 784 τρόπον
1313 730 1360 775 εὖ
1387 735 1557 784 οἰκοῖτο,

239 787 309 829 καὶ
334 788 390 843 μὴ
417 790 552 843 μόνον
578 792 789 846 φρόνιμοι,
817 794 922 835 du&
947 797 1015 836 καὶ
1045 795 1240 849 ἀνδρεῖοι,
1279 797 1414 839 ἱκανοὶ
1442 801 1559 848 ὄντες

239 854 266 894 ἃ
291 852 345 894 ἂν
371 855 580 907 νοήσωσιν
608 854 817 908 ἐπιτελεῖν,
856 858 924 900 καὶ
952 858 1009 913 μὴ
1036 859 1309 914 α’ποκοὲμνωσι
1336 862 1404 903 διὰ
1430 866 1557 916 μαλα-

237 917 334 958 κίαν
361 924 508 972 ψυχῆς.

321 982 426 1041 Cap.
455 983 616 1027 XLVI.
675 986 775 1025 ΣΩ.
814 983 962 1040 Ὁρᾷς,
1013 980 1046 1028 ὦ
1084 986 1262 1040 βέλτιστε
1303 990 1557 1039 Καλλίκλεις,

301 1128 339 1159 Ρ.
362 1126 438 1160 491.
484 1125 666 1170 ἀτεχνῶς
695 1140 738 1172 γε
762 1126 850 1172 αἐὶ]
885 1129 1000 1163 Clark.
1024 1127 1180 1172 ἀτέχνως,
1205 1132 1293 1174 quod
1317 1140 1480 1175 sequutus
1503 1140 1552 1167 est

236 1172 583 1213 Schleiermacherus3
608 1173 666 1205 sed
690 1184 722 1205 v.
744 1174 843 1205 infra.

301 1217 340 1249 B.
385 1216 452 1249 διὰ
482 1219 695 1256 μαλακίαν
726 1217 880 1261 ψυχῆς]
920 1218 1107 1251 Articulum
1132 1224 1187 1264 τῆς
1217 1221 1321 1264 vulgo
1344 1227 1423 1254 ante
1446 1226 1554 1266 ψυχῆς

235 1260 421 1303 praefixum
451 1272 515 1294 om.
546 1262 630 1294 Ven.
656 1263 727 1295 ΞΣ.
760 1262 861 1294 vind.
886 1262 917 1295 1.
939 1262 971 1296 6.
995 1262 1025 1296 7.
1056 1265 1131 1297 Par.
1154 1265 1194 1296 V.
1225 1266 1314 1298 Flor.
1337 1265 1371 1298 b.
1392 1277 1426 1298 x.
1456 1267 1551 1302 Bodl.

235 1308 323 1348 Aug.
345 1307 494 1347 Meerm.,
517 1316 601 1348 quos
623 1311 731 1339 certas
754 1307 915 1349 quasdam
938 1307 982 1340 ob
1005 1318 1145 1342 caussas
1169 1311 1302 1351 sequuti
1325 1321 1450 1343 sumus.

300 1347 398 1383 α’λλά
432 1351 525 1383 τοτὲ
555 1351 633 1390 μὲν
667 1364 689 1383 ι.
722 1351 776 1395 ff]
814 1352 871 1385 Sic
901 1352 994 1386 codd.
1024 1354 1141 1396 optimi
1172 1356 1297 1396 quique
1328 1366 1389 1398 pro
1412 1356 1552 1399 vulgato

235 1394 324 1434 ποτέ,
348 1396 415 1428 nisi
438 1395 527 1438 quod
550 1396 686 1438 plurimi
711 1395 782 1428 τότε
804 1396 979 1429 exhibent.

233 1526 376 1560 eadem
414 1527 543 1560 dicis!
589 1528 754 1571 Exempla
790 1529 858 1562 eol·

233 1572 316 1615 legit
337 1573 558 1605 Heindorf.
583 1573 625 1606 ad
647 1573 679 1604 h.
704 1575 726 1605 1.
760 1574 856 1606 Conf.

233 1617 322 1649 insta
343 1627 374 1659 p.
394 1616 469 1650 521.
487 1617 524 1650 C.
560 1618 611 1650 De
634 1619 801 1651 sententia
824 1628 856 1651 v.

232 1661 417 1703 Xenoph.
443 1663 543 1694 Mem.
568 1662 624 1702 lv,
647 1661 680 1702 4,
702 1661 732 1695 6.
775 1663 858 1695 Post

238 1703 288 1738 Οὐ
327 1704 435 1745 μόνον
467 1718 505 1749 γε
543 1706 714 1749 intelligas
756 1705 857 1739 ταύτὰ

231 1750 333 1793 λέγω,
363 1761 428 1783 usu
456 1751 640 1793 frequenti,
670 1751 711 1784 de
734 1762 800 1794 quo
824 1762 854 1783 v.

229 1795 271 1828 ad
294 1795 464 1828 Phaedon.
487 1806 518 1838 p.
544 1794 617 1829 107.
641 1796 679 1828 B.

274 1841 311 1872 Ρ.
327 1838 404 1873 491.
438 1839 500 1884 Νὴ
526 1838 623 1874 τοὺς
646 1838 779 1874 θεούς
799 1839 854 1884 -]

229 1886 281 1917 De
303 1884 368 1917 hoc
390 1884 539 1918 Socratis
560 1895 668 1926 more,
697 1885 755 1927 qui
776 1885 855 1928 plue

228 1930 264 1962 in
282 1939 419 1962 recessu
441 1928 599 1970 habebat,
621 1940 722 1972 quam
746 1930 854 1962 fronte

228 1974 450 2017 promitteret,
478 1984 510 2006 v.
539 1974 694 2016 Sympos.
722 1984 756 2016 p.
778 1972 854 2008 221.

229 2020 271 2051 D.
293 2019 334 2051 E.
367 2018 465 2050 Xen.
496 2019 597 2051 Mem.
623 2019 649 2060 1,
672 2017 710 2059 2,
733 2017 787 2052 37.
811 2037 853 2044 -

228 2061 414 2105 ἀτεχνῶς
456 2062 511 2095 hic
549 2063 618 2095 fere
655 2062 743 2095 idem
779 2074 852 2096 esse

228 2107 318 2151 quod
331 2105 456 2145 ἁπλῶς,
476 2107 568 2140 eine
587 2107 852 2149 exceptione,

228 2162 425 2196 prorsus,
469 2151 585 2185 doeuit
622 2151 851 2184 Heindorf.

228 2197 271 2230 ad
294 2196 442 2239 Sophist.
464 2206 496 2239 p.
508 2195 586 2230 411.
602 2197 632 2236 ἓ.
647 2195 702 2229 88.
734 2195 853 2229 Obiter

227 2241 360 2275 notabis
390 2240 548 2274 dictionis
578 2241 742 2284 speeiem:
781 2238 849 2274 ἀεὶ

227 2286 361 2329 λέγων
378 2304 422 2310 -
441 2283 574 2319 οὐδὲν
598 2283 735 2318 παύει.
774 2286 851 2319 Pot-

226 2335 299 2363 erat
338 2330 428 2363 enim
464 2326 524 2362 ἀεί
554 2330 651 2363 salva
684 2331 851 2363 sententia

225 2375 345 2408 omitti.
379 2374 471 2407 Cave
485 2379 596 2407 tamen
619 2374 851 2418 pleonasmum

225 2431 300 2453 ease
342 2420 523 2462 putaveris.
589 2418 716 2452 Eodem
751 2419 850 2453 modo

225 2465 314 2498 infra
353 2489 360 2496 .
377 2461 452 2497 517.
467 2465 513 2496 C:
536 2461 645 2496 οὐδὲν
668 2462 849 2504 παυόμεθα

225 2509 278 2543 εἰς
309 2474 350 2542 αξ
372 2506 455 2541 αὐτὸ
478 2506 543 2540 ἀεὶ
570 2506 847 2549 περιφερόμενοι.

226 2555 381 2598 Denique
403 2549 449 2587 nis
480 2571 520 2577 —
553 2550 634 2585 ὄνια
664 2551 848 2597 τὸνλόγον

224 2598 359 2632 abunde
399 2597 618 2632 illustrabunt
652 2602 767 2631 annot.
803 2597 847 2632 ad

925 1530 1095 1563 Phaedon.
1119 1541 1152 1573 p.
1169 1530 1242 1565 109.
1262 1532 1304 1564 D.
1326 1533 1551 1566 Matthiae.

925 1575 982 1607 Gr.
1007 1576 1036 1615 §.
1059 1574 1135 1608 565.
1158 1574 1191 1609 3.

973 1617 1217 1652 Oeneos-01¹1
1237 1619 1367 1664 ἐρεῖς]
1385 1622 1548 1654 Futurum

923 1663 1121 1696 cohortandi
1135 1668 1172 1703 et
1183 1665 1367 1706 imperandi
1387 1671 1549 1707 potestate

923 1709 1078 1750 positum.
1099 1719 1129 1740 v.
1145 1709 1187 1742 ad
1203 1707 1356 1752 Synspos.
1370 1721 1401 1752 p.
1419 1709 1491 1743 172.
1507 1712 1547 1743 Α.

922 1752 1053 1786 Deinde
1075 1764 1134 1796 pro
1158 1754 1237 1795 περὶ
1263 1756 1367 1785 τίνων
1386 1773 1429 1778 -
1448 1755 1550 1787 ulim-

922 1797 1008 1839 ἔχων
1023 1798 1174 1841 vulgaris
1189 1798 1348 1840 loquendi
1363 1800 1449 1832 ratio
1467 1800 1546 1841 περ)

924 1844 997 1873 τίνα
1019 1843 1184 1886 exigebat.
1217 1843 1452 1876 Proximorum
1475 1854 1547 1877 ver-

922 1887 1040 1919 borum
1078 1888 1246 1920 sententia
1278 1887 1362 1920 haee
1392 1894 1458 1921 est:
1494 1900 1545 1921 an

921 1941 1060 1973 neque
1112 1942 1174 1964 me
1226 1932 1266 1964 id
1319 1932 1405 1965 tibi
1449 1933 1546 1966 sub—

921 1976 1056 2009 iicere
1106 1977 1355 2019 permittes,
1407 1988 1544 2020 neque

920 2020 1011 2063 ipse
1034 2020 1176 2054 dicen?

949 2061 1057 2099 ,Ἀλλ’
1111 2065 1250 2108 ἔγωγε
1302 2065 1369 2097 καὶ
1395 2093 1397 2097 ⁴
1417 2065 1543 2099 πάλαι

919 2108 988 2152 λέγ
999 2107 1045 2151 ω]
1080 2109 1212 2142 Callide
1242 2120 1278 2141 se
1308 2110 1445 2143 simulat
1467 2111 1544 2144 Cal-

917 2153 1015 2186 licles
1029 2164 1082 2195 ea,
1104 2164 1189 2195 quae
1204 2164 1295 2186 nunc
1310 2154 1461 2187 dicturus
1483 2161 1544 2197 est,

917 2198 983 2230 iam
1007 2203 1106 2230 antea
1128 2198 1274 2239 dixisse,
1306 2210 1410 2241 quum
1433 2205 1542 2233 tamen

916 2242 1018 2285 longe
1049 2243 1119 2275 alia
1140 2245 1360 2286 proposuerit.
1405 2244 1543 2277 orditur

918 2291 1030 2319 autem
1060 2298 1247 2320 sermonem
1271 2289 1381 2321 verbis
1405 2291 1541 2329 πρῶτον

917 2330 994 2370 μέν,
1030 2342 1134 2374 quum
1163 2334 1263 2366 etiam
1286 2332 1405 2366 dooere
1428 2332 1542 2373 vellet,

919 2375 997 2416 περὶ
1014 2378 1118 2408 τίνωι·
1130 2374 1149 2408 ὀ
1168 2375 1423 2418 φρονιμώτερος
1437 2376 1539 2409 πλέον

916 2420 1003 2462 ἔχων
1028 2420 1165 2456 δικαίως
1188 2423 1387 2455 πλεονεκτεῖ.
1432 2421 1496 2453 Sed
1520 2432 1541 2454 a

915 2464 1051 2498 Socrate
1096 2466 1330 2509 interpellatus
1378 2466 1541 2499 orationis

914 2519 1049 2542 cursum
1065 2521 1132 2543 non
1148 2511 1370 2554 persequitur.
1385 2528 1426 2534 —
1445 2509 1539 2545 τοὺς

915 2556 1034 2595 κρείτ
1046 2567 1087 2587 το
1099 2567 1162 2593 υς,
1186 2556 1236 2588 οἵ
1250 2554 1340 2588 εἰσι
1355 2567 1389 2591 r,
1412 2555 1536 2587 dictum

913 2604 964 2631 est
1007 2610 1084 2632 cum
1129 2599 1338 2633 abundantia
1380 2600 1539 2642 quadam,
