1682 2944
230 187 278 222 10
691 185 1081 227 PROLEGOMENA

224 294 375 345 aliquod
403 295 601 342 exhibeam
632 296 777 345 copiam
804 301 844 336 et
870 301 1047 336 ornatum
1065 297 1245 335 orationis
1274 295 1348 335 alio
1375 298 1543 347 tempore

223 353 399 389 ostentet.
456 351 501 389 Id
529 352 629 401 quod
659 351 817 401 Gorgias
844 364 886 391 se
913 353 1102 391 facturum
1140 365 1215 390 non
1242 351 1325 390 sine
1362 351 1543 391 iactantia

222 405 431 454 pollicetur.
487 407 529 444 P.
559 410 651 444 449.
679 407 842 446 A„--C.
870 427 926 436 —·
953 408 1159 460 Postquam
1187 408 1304 456 igitur
1339 412 1543 457 perpetuae

223 461 403 499 orationis
431 461 594 507 flumen,
633 475 708 513 quo
735 463 927 512 sophistae
964 464 1043 501 fere
1069 464 1242 502 solebant
1269 462 1440 511 abripere
1477 476 1543 501 au-

222 516 406 554 dientium
437 517 599 563 animos,
628 517 748 556 veluti
777 520 1012 557 obstructum
1040 524 1116 566 est,
1156 519 1329 556 Socrates
1366 522 1544 556 consueto

222 572 429 610 disserendi
457 585 594 620 genere
623 578 735 612 utens
770 574 863 612 artis
890 573 1098 612 rhetoricae
1136 578 1310 612 naturam
1347 573 1545 622 explorare

222 627 401 666 instituit.
459 630 541 676 Age
568 629 679 675 dum,
708 629 852 680 inquit,
880 629 1037 677 Gorgia,
1067 629 1246 680 quoniam
1273 634 1311 667 te
1339 628 1545 666 rhetorices

222 682 386 732 peritum
413 683 523 729 dicis,
559 684 714 722 edoceas
742 697 822 731 me,
861 684 901 722 in
929 697 1094 735 quanam
1131 697 1171 722 re
1199 684 1266 722 illa
1293 683 1542 722 contineatur.

222 738 441 787 Respondet
458 738 616 787 Gorgias
644 739 785 778 versari
815 752 897 777 cam
925 739 964 777 in
983 739 1218 779 orationibus
1237 739 1432 776 habendis.
1469 739 1542 776 Sed

222 793 321 831 hanc
347 794 628 843 responsionem
657 794 713 833 ita
737 796 881 833 refutat
899 797 1082 841 Socrates,
1111 799 1155 833 ut
1182 795 1338 832 eandem
1359 794 1543 832 rationem

223 849 338 887 etiam
374 849 606 900 reliquarum
643 849 783 888 artium
821 863 903 888 esse
939 851 1089 896 doceat,
1137 850 1278 900 quippe
1315 861 1413 899 quae
1451 848 1543 887 item

222 908 424 943 versentur
459 905 499 942 in
527 905 653 943 verbis
691 906 737 943 de
774 905 821 943 iis
859 906 971 943 rebus
998 905 1201 951 faciendis,
1239 918 1336 956 quae
1366 905 1413 941 ad
1441 903 1543 952 ipsas

221 960 447 1010 pertineant.
485 961 562 998 Cur
589 960 716 1008 igitur,
745 960 881 1012 inquit,
909 974 931 998 o
959 962 1068 1007 bone,
1097 960 1190 997 alias
1218 964 1319 999 artes
1339 972 1413 996 non
1433 963 1545 1008 putas

221 1015 428 1054 rhetoricas
456 1029 538 1054 esse
567 1016 809 1065 appellandas
822 1045 831 1062 ,
870 1029 988 1066 quum
1024 1020 1064 1054 et
1099 1015 1205 1064 ipsae
1242 1015 1281 1052 in
1310 1014 1544 1052 orationibus

221 1070 445 1110 versentur?
489 1072 597 1109 Haec
624 1084 714 1109 vero
742 1071 907 1109 Socratis
927 1071 1121 1109 dubitatio
1147 1070 1276 1116 efficit,
1304 1075 1348 1108 ut
1375 1069 1544 1118 sophista

221 1126 301 1164 vim
346 1126 555 1165 rhetoricae
592 1131 877 1177 ceterarumque
917 1126 1056 1165 artium
1092 1126 1277 1164 rationem
1324 1124 1545 1172 diligentius

222 1181 387 1220 indicare
416 1188 581 1230 cogatur.
630 1182 848 1231 Respondet
874 1181 993 1230 igitur
1020 1186 1230 1220 ceterarum
1259 1180 1396 1219 artium
1426 1179 1545 1217 scien·

222 1237 316 1275 tiam
351 1238 430 1275 fere
468 1250 616 1275 omnem
653 1237 701 1275 ad
739 1250 833 1286 opus
870 1236 1084 1274 faciendum
1120 1235 1272 1282 referri,
1317 1234 1543 1274 rhetoricam

223 1297 351 1331 autem
379 1292 488 1330 unice
516 1292 555 1330 in
583 1292 740 1330 (licendo
767 1291 922 1337 versari,
952 1291 1138 1329 actionem
1164 1302 1313 1328 omnem
1340 1289 1543 1338 aspernari.

223 1348 264 1386 P.
286 1352 378 1386 449.
389 1348 493 1388 O.-.-
504 1348 648 1385 450.>B.
677 1346 784 1388 Quae
803 1359 1032 1398 quamquam
1050 1345 1217 1396 speciose
1234 1345 1428 1394 disputata
1443 1348 1544 1389 sunt,

222 1407 350 1442 tamen
395 1403 539 1441 Socrati
584 1403 750 1440 nondum
787 1402 1045 1447 satisfaciunt,
1084 1401 1185 1438 unde
1222 1401 1268 1438 de
1305 1399 1445 1438 artium
1482 1411 1546 1447 ge-

223 1459 378 1497 neribus
411 1458 565 1496 uberius
601 1458 723 1495 dicere
759 1457 938 1496 instituit.
995 1456 1173 1495 Omnium
1211 1455 1369 1500 artium,
1409 1454 1545 1505 inquit,

224 1514 320 1552 aliae
348 1514 388 1551 in
417 1513 592 1563 operibus
619 1513 801 1551 faciendis
827 1525 1002 1560 magnam
1041 1516 1188 1561 partem
1214 1515 1417 1559 occupatae
1455 1515 1546 1547 sunt

224 1569 470 1620 indigentque
497 1563 668 1607 sermon}
696 1569 757 1607 vel
785 1568 925 1616 exiguo
951 1568 1014 1606 vel
1042 1567 1153 1616 plane
1182 1566 1306 1611 nullo,
1335 1564 1457 1603 veluti
1485 1577 1546 1602 ars

224 1625 423 1675 pingendi,
452 1624 653 1670 statuaria,
691 1624 787 1662 aliae
814 1624 968 1662 multae.
1026 1622 1136 1660 Aliae
1165 1627 1292 1660 autem
1328 1621 1408 1658 fere
1444 1624 1547 1658 totae

224 1684 426 1719 versantur
465 1680 501 1717 in
531 1679 764 1717 orationibus
793 1678 995 1729 verbisque
1022 1677 1203 1715 faciendis
1232 1689 1276 1714 ac
1311 1675 1455 1713 nullam
1482 1675 1544 1712 vel

224 1737 424 1774 admodum
451 1735 628 1784 exiguam
656 1734 873 1773 adiunctam
899 1734 1043 1772 habent
1070 1733 1267 1778 actionem,
1297 1735 1342 1769 ut
1367 1730 1547 1768 arithme-

224 1791 317 1838 tica,
356 1790 581 1840 geometria,
619 1789 735 1836 aliae,
773 1803 871 1840 quae
904 1792 972 1827 aut
998 1800 1127 1838 parem
1165 1786 1301 1826 actioni
1337 1798 1546 1824 sermonem

224 1846 424 1898 requirunt
460 1850 528 1885 aut
555 1846 667 1895 plane
693 1844 734 1882 in
762 1844 889 1883 verbis
916 1843 1097 1882 faciendis
1125 1856 1207 1880 sese
1234 1841 1440 1880 continent.
1495 1841 1547 1878 Et

224 1902 264 1940 in
301 1902 417 1940 huius
454 1901 607 1953 quidem
642 1900 791 1949 generis
835 1900 981 1938 artibus
1018 1902 1061 1937 tu
1098 1898 1191 1936 mihi
1228 1896 1369 1936 videris
1406 1896 1546 1933 habere

224 1957 462 1997 rhetoricam.
518 1958 573 1995 At
600 1956 701 1994 enim
729 1956 874 1994 nullam
910 1955 1046 1992 harum
1074 1958 1167 2003 puto
1204 1966 1227 1990 a
1265 1956 1304 1990 te
1341 1950 1546 1990 rhetorices

225 2013 377 2052 nomine
405 2012 636 2065 appellatum
663 2011 729 2057 iri,
758 2011 846 2050 lieet
873 2015 987 2049 antea
1013 2014 1144 2055 artem,
1173 2008 1281 2045 cuius
1308 2006 1368 2044 vis
1395 2005 1434 2042 in
1463 2010 1545 2043 ora-

225 2069 328 2108 tione
356 2072 548 2114 cernatur,
577 2066 720 2104 dixeris
748 2079 830 2104 esse
856 2063 1093 2103 rhetoricam.
1152 2065 1234 2111 Age
1262 2061 1398 2110 igitur,
1427 2071 1546 2111 quum

226 2128 407 2174 appareat
434 2127 555 2162 artem
581 2121 784 2161 oratoriam
810 2134 926 2159 unam
953 2132 1035 2158 esse
1062 2118 1188 2164 exiis,
1216 2130 1314 2168 quae
1341 2116 1546 2154 maximam

226 2183 328 2218 certe
356 2182 503 2229 partem
530 2178 570 2216 in
597 2177 723 2216 verbis
751 2176 933 2215 faciendis
960 2178 1203 2224 occupantur,
1231 2171 1443 2210 accuratius
1470 2171 1546 2208 iam

226 2234 397 2280 definias,
416 2234 598 2285 quidnam
617 2233 711 2271 illud
731 2232 793 2278 sit,
811 2232 858 2270 ad
870 2231 970 2283 quod
979 2230 1168 2280 pertineat
1176 2227 1290 2266 huius
1301 2226 1394 2265 artis
1413 2226 1544 2264 oratio.

227 2291 326 2329 Nam
353 2289 668 2341 quemadmodum
695 2287 902 2337 geometria
928 2287 975 2325 de
1002 2284 1189 2323 mensuris
1216 2288 1332 2334 atque
1367 2281 1547 2320 arithme-

226 2346 303 2385 tica
339 2346 386 2385 de
415 2345 582 2383 numeris
618 2344 829 2390 disserunt,
867 2343 923 2381 ita
949 2341 1064 2380 etiam
1088 2339 1275 2378 rhetorice
1302 2349 1454 2376 necesse
1487 2340 1547 2373 est

228 2402 269 2439 in
296 2414 372 2440 uno
398 2401 526 2452 aliquo
554 2412 691 2449 genere
718 2411 845 2437 rerum
872 2396 1111 2447 potissimum
1128 2399 1314 2439 versetur,
1341 2393 1388 2431 de
1408 2391 1547 2443 quibus

227 2458 347 2496 verba
373 2456 497 2495 faeiat.
526 2457 567 2494 P.
598 2459 689 2494 450.
719 2455 925 2493 R—-451,
953 2453 994 2491 C.
1022 2448 1170 2493 Quibus
1199 2449 1339 2487 auditis
1366 2445 1545 2497 sophista,

229 2513 322 2552 artis
349 2525 440 2551 suae
467 2511 690 2560 dignitatem
728 2514 768 2549 et
802 2507 1073 2559 praestantiam
1106 2507 1384 2549 declaraturus,
1420 2502 1547 2540 rheto-

229 2569 328 2607 ricae
357 2568 449 2607 artis
477 2566 667 2606 orationes
685 2565 818 2604 referri
846 2565 901 2603 ait
917 2564 965 2602 ad
992 2562 1234 2612 gravissimas
1260 2570 1429 2612 quasque
1450 2556 1547 2607 opti-

230 2637 386 2676 maeque
421 2636 548 2662 rerum
584 2622 846 2660 humanarum.
903 2621 957 2658 At
992 2618 1094 2657 enim
1126 2629 1245 2668 quum
1269 2612 1470 2663 magnifica
1497 2611 1549 2650 sit

231 2680 324 2718 haec
351 2678 551 2730 professio,
581 2682 663 2717 tum
691 2678 864 2716 Socrates
890 2675 929 2713 id
957 2674 1067 2714 valde
1097 2672 1270 2722 ambigue
1297 2669 1440 2708 dictum
1466 2680 1550 2705 esse
