1682 2944
257 142 308 177 46
720 139 1073 182 PROLEGOMEN
1075 145 1110 182 Α

256 254 370 301 atque
398 250 482 288 illas
511 254 623 296 artes,
652 263 749 301 quae
778 252 818 290 in
845 265 998 303 corpore
1017 255 1077 293 vel
1108 254 1232 292 animo
1252 256 1416 294 curando
1444 269 1579 305 cogno·

255 311 402 344 soerent
430 306 521 356 quid
550 307 689 344 bonum
726 310 766 345 et
792 307 882 359 quid
911 309 1053 348 malum
1080 316 1191 349 esset.
1239 311 1291 349 Et
1315 311 1401 350 illas
1425 313 1578 363 quidem

256 361 484 399 adulatorias
512 361 832 424 nuncupavimus,
870 363 911 402 in
939 378 1098 416 quarum
1127 379 1283 404 numero
1309 371 1460 430 praeter
1485 367 1580 406 alias

255 417 446 455 habentur
473 416 656 466 imprimis
684 417 798 456 ctiam
835 432 896 457 ars
923 421 1066 469 tragica
1093 426 1133 460 et
1162 422 1257 459 aliae
1285 421 1409 472 poesis
1436 429 1574 472 partes.

256 471 363 513 Quae
383 476 495 519 certe,
523 473 660 511 demtis
678 474 843 512 numeris
868 480 907 513 et
926 476 1108 523 versibus,
1138 477 1234 515 nihil
1252 477 1414 527 amplius
1438 478 1578 516 habere

255 528 477 566 iudicandae
505 533 595 567 sunt
621 541 734 580 quam
761 530 950 569 orationes
986 532 1033 569 ad
1069 532 1196 582 populi
1225 533 1514 571 oblectationem
1541 538 1580 572 et

255 583 491 633 voluptatem
528 588 770 634 comparatas.
826 584 970 624 Eadem
1007 600 1097 625 vero
1135 588 1232 626 ratio
1268 593 1328 627 est
1362 588 1578 627 rhetorices.

256 640 355 677 Nam
393 643 559 677 oratores
596 640 761 678 Athenis
797 645 837 679 et
885 641 974 680 alibi
1012 642 1052 680 in
1089 643 1330 681 concionibus
1366 644 1462 682 nihil
1500 645 1580 682 fere

255 694 329 732 nisi
366 694 506 744 populo
542 695 745 734 adulantur
781 709 850 734 nec
886 710 976 735 vero
1012 698 1143 748 optimi
1182 711 1315 737 caussa
1351 699 1501 738 dicunt:
1542 700 1579 737 id

255 750 357 801 quod
385 750 447 788 vel
470 751 521 787 dc
550 750 765 789 clarissimis
802 753 1014 791 oratoribus
1053 758 1093 792 et
1119 753 1213 791 viris
1251 754 1448 801 civilibus,
1485 768 1580 806 quos

259 806 435 844 Athenae
474 805 671 852 viderunt,
710 806 765 844 ita
801 807 957 846 iudicari
993 814 1160 858 oportet,
1199 810 1265 860 qui
1302 814 1402 848 certe
1439 811 1580 847 bonum

255 861 518 924 neglexerunt.
554 863 606 900 Et
633 867 759 900 tamen
787 862 898 901 sicuti
923 863 963 901 in
990 877 1216 916 unoquoque
1243 878 1355 914 opere
1383 865 1439 903 ita
1465 865 1580 904 etiam

255 916 294 954 in
324 916 552 966 reipublicae
581 917 852 966 gubernatione
880 915 969 956 ordo
1008 924 1047 958 et
1074 924 1230 958 ornatus
1258 921 1483 970 spectandus
1519 925 1578 959 est

257 969 381 1020 (τάξις
406 970 470 1009 καὶ
497 969 679 1022 κόσμος),
727 973 808 1011 sinc
845 987 921 1024 quo
959 974 1054 1012 nihil
1092 977 1234 1013 bonum
1271 980 1339 1014 aut
1373 976 1580 1026 perfectum

256 1031 383 1077 potest
417 1027 611 1066 exsistere.
686 1029 781 1067 Inde
818 1042 907 1067 vcro
946 1030 1070 1069 virtus
1108 1031 1321 1070 efflorescit.
1386 1033 1485 1070 Nam
1531 1044 1581 1069 ex

256 1083 321 1121 illo
350 1083 464 1121 animi
493 1083 624 1122 ordine
653 1087 693 1122 et
719 1088 854 1122 ornatu
882 1085 1002 1123 oritur
1029 1086 1280 1149 temperantia
1314 1083 1583 1139 (σωφροσύνη,

256 1152 292 1188 p
323 1139 413 1177 507.
443 1138 519 1186 A..)
575 1139 805 1188 Temperans
842 1144 969 1179 autem
996 1142 1123 1180 omnia
1149 1142 1280 1189 faciet,
1322 1155 1420 1193 quae
1457 1142 1581 1192 ipsum

256 1194 379 1233 facere
408 1197 571 1244 oportet,
609 1199 692 1233 tum
721 1208 811 1244 erga
837 1196 1026 1243 homiues,
1055 1201 1138 1235 tum
1167 1210 1257 1245 erga
1283 1198 1392 1244 deos,
1420 1197 1581 1248 ideoque

257 1249 373 1288 etiam
409 1249 533 1288 iustus
571 1253 610 1288 et
645 1255 798 1289 sanetus
837 1251 900 1289 vel
935 1251 1022 1301 pius
1060 1252 1142 1291 erit.
1216 1253 1324 1291 Idem
1361 1266 1471 1303 porro
1509 1253 1583 1291 erit

174 1311 180 1317 “
257 1306 374 1344 etiam
400 1305 522 1352 fortis,
549 1305 736 1356 siquidem
769 1319 839 1344 nec
866 1311 1047 1358 sequetur
1083 1320 1153 1346 nec
1188 1308 1311 1357 fugiet
1348 1321 1445 1359 quae
1473 1308 1580 1359 sequi

257 1365 324 1400 aut
349 1361 481 1408 fugere
509 1374 587 1399 uon
613 1361 755 1400 deceat.
773 1363 922 1429 Atque
941 1362 1040 1401 idem
1060 1363 1175 1402 etiam
1196 1363 1268 1402 erit
1285 1365 1431 1410 beatus,
1461 1377 1579 1414 quon-

257 1417 333 1454 iam
362 1430 403 1455 ευ
439 1415 503 1454 καὶ
539 1416 668 1462 καλῶς
703 1413 883 1468 προίῃ-ευ
922 1422 1052 1456 contra
1099 1419 1375 1468 intemperans,
1422 1419 1582 1470 ideoque

257 1472 358 1510 omni
396 1471 551 1510 virtutis
588 1472 700 1510 laude
737 1473 963 1520 destitutus,
1002 1474 1076 1512 erit
1110 1474 1255 1512 infelix.
1313 1476 1448 1525 Itaque
1487 1479 1581 1512 tem·

257 1528 467 1577 perantiam
495 1540 646 1566 necesse
674 1532 733 1566 est
759 1528 799 1565 in
819 1529 963 1577 agendo
991 1530 1100 1568 nobis
1118 1530 1229 1568 unice
1250 1542 1332 1568 esse
1350 1530 1581 1580 propositam

256 1583 378 1622 vitata
408 1582 508 1620 omni
538 1583 718 1621 lubidinis
755 1583 909 1623 licentia
936 1589 975 1623 et
1002 1585 1302 1634 intemperantia.
1359 1584 1470 1626 Quod
1498 1585 1581 1636 qui·

257 1639 343 1676 dem
370 1638 425 1677 ita
437 1647 554 1685 ‘esse,
593 1639 708 1677 etiam
735 1639 853 1678 totius
907 1652 1034 1677 rerum
1070 1641 1330 1679 universitatis
1366 1641 1582 1690 exemplum

257 1694 434 1733 declarat.
489 1694 718 1733 Dominatur
743 1695 845 1733 enim
883 1708 951 1744 per
978 1708 1061 1734 eam
1098 1697 1162 1734 lex
1189 1696 1419 1746 sempiterna
1445 1701 1485 1734 et
1512 1696 1579 1734 im-

258 1749 453 1789 mutabilis
480 1750 583 1796 haec,
612 1755 656 1788 ut
683 1751 810 1788 omnia
836 1750 966 1789 ordine
993 1755 1109 1803 atque
1137 1756 1273 1790 ornatu
1302 1751 1580 1799 contineantur,

258 1806 359 1844 unde
377 1806 449 1843 hoe
466 1805 687 1844 universum
705 1803 853 1856 κόσμος
880 1806 1092 1856 appellatur
1109 1807 1161 1857 (p.
1176 1808 1268 1845 507.
1279 1809 1326 1845 A.
1337 1828 1392 1834 —
1404 1811 1494 1845 508.
1506 1806 1581 1854 A.).

258 1859 370 1902 Quod
405 1861 524 1909 igitur
559 1861 748 1900 rhetorica
794 1866 834 1900 et
880 1874 940 1900 ars
977 1862 1131 1912 politica
1166 1863 1295 1901 studet
1340 1862 1381 1900 in
1426 1862 1581 1901 civitate

258 1929 405 1955 summa
430 1929 558 1955 rerum
585 1917 696 1966 potiri
725 1921 764 1956 et
801 1916 941 1956 iniuste
968 1918 1155 1956 factorum
1192 1917 1458 1968 impunitatem
1493 1930 1580 1955 eon·

258 1972 377 2023 sequi,
404 1972 443 2010 id
472 1984 558 2010 cum
584 1973 740 2011 virtutis
766 1973 890 2011 studio
927 1973 1032 2011 nullo
1068 1978 1178 2023 pacto
1214 1973 1418 2011 consistere
1444 1977 1582 2023 potest,

258 2041 378 2079 quum
405 2027 471 2079 qui
497 2027 553 2066 ita
580 2033 700 2076 agunt
726 2032 841 2079 atque
869 2028 1052 2075 sentiunt,
1080 2029 1107 2066 ii
1137 2041 1286 2078 semper
1311 2028 1426 2067 etiam
1452 2028 1582 2078 pravis

259 2083 419 2122 aliorum
446 2083 583 2121 studiis
611 2088 651 2122 et
677 2083 948 2134 cupiditatibus
981 2083 1177 2132 indulgere
1204 2096 1320 2135 seque
1350 2081 1488 2121 flsdem
1517 2084 1581 2121 de·

259 2139 348 2177 dere
376 2142 568 2188 cogantur
609 2138 793 2180 Quocirca
819 2139 879 2177 vir
905 2140 1027 2177 bonus
1054 2145 1094 2178 et
1121 2140 1303 2177 honestus
1329 2138 1392 2177 vel
1419 2139 1582 2188 pessima

259 2207 433 2246 quaeque
459 2194 605 2244 perpeti
641 2195 758 2233 malet
783 2207 898 2245 quam
935 2194 1008 2233 isto
1035 2198 1145 2244 pacto
1172 2194 1323 2240 vivere;
1362 2207 1582 2250 persuasum

260 2250 362 2289 enim
389 2250 461 2300 ipsi
488 2250 561 2289 erit
587 2263 663 2288 non
691 2250 811 2300 ipsam
838 2250 959 2289 vitam
996 2263 1079 2288 esse
1106 2249 1259 2300 plurimi
1297 2223 1582 2296 aestimandam,

259 2306 326 2344 sed
364 2305 514 2356 potius
526 2306 647 2345 vitam
683 2306 783 2345 iusto
819 2305 956 2357 pieque
992 2309 1221 2345 transactam
1248 2305 1301 2355 (p.
1332 2308 1423 2343 508.
1450 2305 1498 2343 D.
1526 2325 1582 2332 —

342 2417 451 2455 Haec
476 2416 596 2466 igitur
630 2420 820 2467 postrema
855 2422 915 2455 est
949 2416 1248 2466 argumentatio,
1285 2427 1363 2468 qua
1386 2415 1582 2453 rhetorum

261 2472 396 2522 agendi
424 2472 610 2523 principia
637 2473 875 2519 refelluntur,
902 2473 1017 2511 ducta
1032 2472 1099 2510 illa
1126 2485 1176 2510 ex
1204 2472 1288 2522 ipsa
1313 2469 1406 2510 artis
1434 2474 1582 2517 natura,

261 2528 322 2567 cui
358 2532 555 2580 tamquam
589 2528 831 2578 perfectionis
866 2527 1009 2578 speeies
1045 2527 1232 2579 quaedam
1266 2525 1458 2578 proposita
1500 2538 1583 2563 esse

260 2584 415 2630 debeat,
444 2584 568 2635 qualis
594 2583 748 2635 quidem
771 2583 952 2634 perfectio
979 2582 1061 2622 sine
1086 2583 1217 2621 ordine
1244 2586 1285 2622 et
1309 2585 1446 2619 ornatu
1481 2580 1583 2618 ideo·

261 2652 335 2691 que
371 2639 453 2679 sine
490 2639 742 2690 temperantia
778 2652 823 2678 ac
858 2638 1001 2679 virtute
1043 2639 1137 2688 fingi
1174 2641 1243 2678 aut
1284 2636 1441 2686 cogitari
1478 2636 1585 2674 nulla
