<?xml version="1.0" encoding="UTF-8"?>
<!DOCTYPE html PUBLIC "-//W3C//DTD XHTML 1.0 Transitional//EN"
    "http://www.w3.org/TR/xhtml1/DTD/xhtml1-transitional.dtd">
<html xmlns="http://www.w3.org/1999/xhtml" xml:lang="en" lang="en">
 <head>
  <title>
</title>
<meta http-equiv="Content-Type" content="text/html;charset=utf-8" />
  <meta name='ocr-system' content='tesseract 3.04.00' />
  <meta name='ocr-capabilities' content='ocr_page ocr_carea ocr_par ocr_line ocrx_word'/>
</head>
<body>
  <div class='ocr_page' id='page_1' title='image "./operaomniarecens02platuoft/operaomniarecens02platuoft_0032.png"; bbox 0 0 1682 2944; ppageno 0'>
   <div class='ocr_carea' id='block_1_1' title="bbox 263 242 1116 283">
    <p class='ocr_par' dir='ltr' id='par_1_1' title="bbox 263 242 1116 283">
     <span class='ocr_line' id='line_1_1' title="bbox 263 242 1116 283; baseline 0.005 -4"><span class='ocrx_word' id='word_1_1' title='bbox 263 245 314 279; x_wconf 82' lang='lat'>26</span> <span class='ocrx_word' id='word_1_2' title='bbox 726 242 1116 283; x_wconf 77' lang='lat' dir='ltr'><strong>PROLEGOMENA</strong></span> 
     </span>
    </p>
   </div>
   <div class='ocr_carea' id='block_1_2' title="bbox 223 353 1590 2801">
    <p class='ocr_par' dir='ltr' id='par_1_2' title="bbox 223 353 1590 2801">
     <span class='ocr_line' id='line_1_2' title="bbox 261 353 1584 406; baseline 0.004 -16"><span class='ocrx_word' id='word_1_3' title='bbox 261 353 300 390; x_wconf 81' lang='lat' dir='ltr'>hi</span> <span class='ocrx_word' id='word_1_4' title='bbox 329 365 479 404; x_wconf 90' lang='lat' dir='ltr'>quoque</span> <span class='ocrx_word' id='word_1_5' title='bbox 507 354 627 392; x_wconf 89' lang='lat' dir='ltr'>solam</span> <span class='ocrx_word' id='word_1_6' title='bbox 654 357 827 404; x_wconf 84' lang='lat' dir='ltr'>spectant</span> <span class='ocrx_word' id='word_1_7' title='bbox 843 356 1089 405; x_wconf 74' lang='lat' dir='ltr'>voluptatem,</span> <span class='ocrx_word' id='word_1_8' title='bbox 1115 360 1268 405; x_wconf 66' lang='lat' dir='ltr'>propter</span> <span class='ocrx_word' id='word_1_9' title='bbox 1292 368 1400 394; x_wconf 87' lang='lat' dir='ltr'>suam</span> <span class='ocrx_word' id='word_1_10' title='bbox 1416 356 1584 406; x_wconf 85' lang='lat' dir='ltr'>ipsorum</span> 
     </span>
     <span class='ocr_line' id='line_1_3' title="bbox 260 409 1585 463; baseline 0.002 -16"><span class='ocrx_word' id='word_1_11' title='bbox 260 409 466 447; x_wconf 78' lang='lat' dir='ltr'><strong>utilitatem</strong></span> <span class='ocrx_word' id='word_1_12' title='bbox 503 411 601 448; x_wconf 88' lang='lat' dir='ltr'>bono</span> <span class='ocrx_word' id='word_1_13' title='bbox 639 410 789 460; x_wconf 90' lang='lat' dir='ltr'>publico</span> <span class='ocrx_word' id='word_1_14' title='bbox 828 410 925 449; x_wconf 86' lang='lat' dir='ltr'>nihil</span> <span class='ocrx_word' id='word_1_15' title='bbox 961 411 1199 450; x_wconf 80' lang='lat' dir='ltr'>consulentes</span> <span class='ocrx_word' id='word_1_16' title='bbox 1235 411 1456 463; x_wconf 77' lang='lat' dir='ltr'>omniaque,</span> <span class='ocrx_word' id='word_1_17' title='bbox 1492 426 1585 451; x_wconf 84' lang='lat' dir='ltr'>vera</span> 
     </span>
     <span class='ocr_line' id='line_1_4' title="bbox 261 464 1585 515; baseline 0.003 -13"><span class='ocrx_word' id='word_1_18' title='bbox 261 464 402 503; x_wconf 85' lang='lat' dir='ltr'>civium</span> <span class='ocrx_word' id='word_1_19' title='bbox 441 465 564 503; x_wconf 88' lang='lat' dir='ltr'>salute</span> <span class='ocrx_word' id='word_1_20' title='bbox 601 466 792 515; x_wconf 86' lang='lat' dir='ltr'>neglecta,</span> <span class='ocrx_word' id='word_1_21' title='bbox 832 467 879 504; x_wconf 89' lang='lat' dir='ltr'>ad</span> <span class='ocrx_word' id='word_1_22' title='bbox 907 466 1181 505; x_wconf 81' lang='lat' dir='ltr'>iucunditatem</span> <span class='ocrx_word' id='word_1_23' title='bbox 1218 480 1262 505; x_wconf 86' lang='lat' dir='ltr'>ac</span> <span class='ocrx_word' id='word_1_24' title='bbox 1298 467 1585 506; x_wconf 79' lang='lat' dir='ltr'>delectationem</span> 
     </span>
     <span class='ocr_line' id='line_1_5' title="bbox 259 520 1585 572; baseline 0.002 -14"><span class='ocrx_word' id='word_1_25' title='bbox 259 520 489 558; x_wconf 76' lang='lat' dir='ltr'>referentes?</span> <span class='ocrx_word' id='word_1_26' title='bbox 518 522 560 558; x_wconf 90' lang='lat' dir='ltr'>P.</span> <span class='ocrx_word' id='word_1_27' title='bbox 592 524 683 560; x_wconf 84' lang='lat'><strong>502.</strong></span> <span class='ocrx_word' id='word_1_28' title='bbox 711 522 756 559; x_wconf 88' lang='lat' dir='ltr'><strong>E.</strong></span> <span class='ocrx_word' id='word_1_29' title='bbox 805 522 949 571; x_wconf 86' lang='lat' dir='ltr'>Nempe</span> <span class='ocrx_word' id='word_1_30' title='bbox 978 526 1038 561; x_wconf 89' lang='lat' dir='ltr'>est</span> <span class='ocrx_word' id='word_1_31' title='bbox 1063 535 1154 560; x_wconf 88' lang='lat' dir='ltr'>sane</span> <span class='ocrx_word' id='word_1_32' title='bbox 1183 523 1313 561; x_wconf 85' lang='lat' dir='ltr'>eadem</span> <span class='ocrx_word' id='word_1_33' title='bbox 1342 524 1455 572; x_wconf 82' lang='lat' dir='ltr'>plane</span> <span class='ocrx_word' id='word_1_34' title='bbox 1482 523 1585 562; x_wconf 86' lang='lat' dir='ltr'>illius</span> 
     </span>
     <span class='ocr_line' id='line_1_6' title="bbox 260 576 1584 625; baseline 0.002 -12"><span class='ocrx_word' id='word_1_35' title='bbox 260 589 304 613; x_wconf 87' lang='lat' dir='ltr'>ac</span> <span class='ocrx_word' id='word_1_36' title='bbox 331 576 454 625; x_wconf 92' lang='lat' dir='ltr'>poesis</span> <span class='ocrx_word' id='word_1_37' title='bbox 482 576 590 614; x_wconf 86' lang='lat' dir='ltr'>ratio.</span> <span class='ocrx_word' id='word_1_38' title='bbox 653 577 787 616; x_wconf 83' lang='lat' dir='ltr'>Monet</span> <span class='ocrx_word' id='word_1_39' title='bbox 823 578 886 615; x_wconf 88' lang='lat' dir='ltr'>hic</span> <span class='ocrx_word' id='word_1_40' title='bbox 914 577 1087 616; x_wconf 85' lang='lat' dir='ltr'>Callicles</span> <span class='ocrx_word' id='word_1_41' title='bbox 1113 591 1195 616; x_wconf 88' lang='lat' dir='ltr'>esse</span> <span class='ocrx_word' id='word_1_42' title='bbox 1223 582 1350 616; x_wconf 86' lang='lat' dir='ltr'>tamen</span> <span class='ocrx_word' id='word_1_43' title='bbox 1378 579 1478 616; x_wconf 90' lang='lat' dir='ltr'>inter</span> <span class='ocrx_word' id='word_1_44' title='bbox 1503 591 1584 616; x_wconf 82' lang='lat' dir='ltr'>ora-</span> 
     </span>
     <span class='ocr_line' id='line_1_7' title="bbox 258 632 1584 685; baseline 0.002 -16"><span class='ocrx_word' id='word_1_45' title='bbox 258 635 359 670; x_wconf 90' lang='lat' dir='ltr'>tores</span> <span class='ocrx_word' id='word_1_46' title='bbox 387 632 588 670; x_wconf 84' lang='lat' dir='ltr'>discrimen</span> <span class='ocrx_word' id='word_1_47' title='bbox 615 633 941 671; x_wconf 88' lang='lat' dir='ltr'>constituendum:</span> <span class='ocrx_word' id='word_1_48' title='bbox 970 633 1126 683; x_wconf 88' lang='lat' dir='ltr'>reperiri</span> <span class='ocrx_word' id='word_1_49' title='bbox 1154 633 1255 671; x_wconf 90' lang='lat' dir='ltr'>enim</span> <span class='ocrx_word' id='word_1_50' title='bbox 1281 634 1382 672; x_wconf 89' lang='lat' dir='ltr'>inter</span> <span class='ocrx_word' id='word_1_51' title='bbox 1407 634 1492 672; x_wconf 91' lang='lat' dir='ltr'>illos</span> <span class='ocrx_word' id='word_1_52' title='bbox 1518 634 1584 685; x_wconf 90' lang='lat' dir='ltr'>qui</span> 
     </span>
     <span class='ocr_line' id='line_1_8' title="bbox 259 687 1583 740; baseline 0.002 -15"><span class='ocrx_word' id='word_1_53' title='bbox 259 687 399 726; x_wconf 88' lang='lat' dir='ltr'>civium</span> <span class='ocrx_word' id='word_1_54' title='bbox 428 688 543 726; x_wconf 83' lang='lat' dir='ltr'>saluti</span> <span class='ocrx_word' id='word_1_55' title='bbox 579 688 821 738; x_wconf 78' lang='lat' dir='ltr'>prospiciant.</span> <span class='ocrx_word' id='word_1_56' title='bbox 877 688 1002 730; x_wconf 80' lang='lat' dir='ltr'>Quam</span> <span class='ocrx_word' id='word_1_57' title='bbox 1038 689 1265 727; x_wconf 86' lang='lat' dir='ltr'>sententiam</span> <span class='ocrx_word' id='word_1_58' title='bbox 1302 702 1456 740; x_wconf 85' lang='lat' dir='ltr'>prorsus</span> <span class='ocrx_word' id='word_1_59' title='bbox 1486 702 1583 728; x_wconf 89' lang='lat' dir='ltr'>eom-</span> 
     </span>
     <span class='ocr_line' id='line_1_9' title="bbox 258 744 1585 796; baseline 0.003 -16"><span class='ocrx_word' id='word_1_60' title='bbox 258 745 394 793; x_wconf 90' lang='lat' dir='ltr'>probat</span> <span class='ocrx_word' id='word_1_61' title='bbox 430 744 546 781; x_wconf 87' lang='lat' dir='ltr'>etiam</span> <span class='ocrx_word' id='word_1_62' title='bbox 574 744 756 782; x_wconf 81' lang='lat' dir='ltr'>Socrates.</span> <span class='ocrx_word' id='word_1_63' title='bbox 823 745 898 782; x_wconf 91' lang='lat' dir='ltr'>Sed</span> <span class='ocrx_word' id='word_1_64' title='bbox 935 757 1164 796; x_wconf 85' lang='lat' dir='ltr'>quamquam</span> <span class='ocrx_word' id='word_1_65' title='bbox 1202 745 1344 795; x_wconf 88' lang='lat' dir='ltr'>duplex</span> <span class='ocrx_word' id='word_1_66' title='bbox 1380 746 1585 784; x_wconf 80' lang='lat' dir='ltr'>rhetorices</span> 
     </span>
     <span class='ocr_line' id='line_1_10' title="bbox 258 797 1585 850; baseline 0.002 -14"><span class='ocrx_word' id='word_1_67' title='bbox 258 812 379 847; x_wconf 83' lang='lat' dir='ltr'>genus</span> <span class='ocrx_word' id='word_1_68' title='bbox 409 812 476 849; x_wconf 90' lang='lat' dir='ltr'>per</span> <span class='ocrx_word' id='word_1_69' title='bbox 504 812 544 836; x_wconf 86' lang='lat' dir='ltr'>se</span> <span class='ocrx_word' id='word_1_70' title='bbox 572 803 784 849; x_wconf 89' lang='lat' dir='ltr'>spectatum</span> <span class='ocrx_word' id='word_1_71' title='bbox 811 800 973 838; x_wconf 84' lang='lat' dir='ltr'>discerni</span> <span class='ocrx_word' id='word_1_72' title='bbox 1001 797 1102 838; x_wconf 81' lang='lat' dir='ltr'>rec&#39;te</span> <span class='ocrx_word' id='word_1_73' title='bbox 1121 814 1230 850; x_wconf 86' lang='lat' dir='ltr'>posse</span> <span class='ocrx_word' id='word_1_74' title='bbox 1248 801 1428 849; x_wconf 79' lang='lat' dir='ltr'>largitur,</span> <span class='ocrx_word' id='word_1_75' title='bbox 1457 805 1585 840; x_wconf 88' lang='lat' dir='ltr'>tamen</span> 
     </span>
     <span class='ocr_line' id='line_1_11' title="bbox 258 855 1585 905; baseline 0.002 -13"><span class='ocrx_word' id='word_1_76' title='bbox 258 855 448 892; x_wconf 89' lang='lat' dir='ltr'>neminem</span> <span class='ocrx_word' id='word_1_77' title='bbox 475 868 644 905; x_wconf 89' lang='lat' dir='ltr'>unquam</span> <span class='ocrx_word' id='word_1_78' title='bbox 674 855 838 894; x_wconf 84' lang='lat' dir='ltr'>Athenis</span> <span class='ocrx_word' id='word_1_79' title='bbox 866 856 1059 894; x_wconf 82' lang='lat' dir='ltr'>exstitisse</span> <span class='ocrx_word' id='word_1_80' title='bbox 1077 862 1264 894; x_wconf 86' lang='lat' dir='ltr'>oratorem</span> <span class='ocrx_word' id='word_1_81' title='bbox 1292 856 1497 903; x_wconf 87' lang='lat' dir='ltr'>contendit,</span> <span class='ocrx_word' id='word_1_82' title='bbox 1525 856 1585 894; x_wconf 86' lang='lat' dir='ltr'>cui</span> 
     </span>
     <span class='ocr_line' id='line_1_12' title="bbox 258 910 1584 960; baseline 0.001 -12"><span class='ocrx_word' id='word_1_83' title='bbox 258 910 297 948; x_wconf 89' lang='lat' dir='ltr'>id</span> <span class='ocrx_word' id='word_1_84' title='bbox 331 910 448 948; x_wconf 84' lang='lat' dir='ltr'>fuerit</span> <span class='ocrx_word' id='word_1_85' title='bbox 474 911 725 960; x_wconf 91' lang='lat' dir='ltr'>propositum,</span> <span class='ocrx_word' id='word_1_86' title='bbox 763 915 808 949; x_wconf 90' lang='lat' dir='ltr'>ut</span> <span class='ocrx_word' id='word_1_87' title='bbox 844 911 1098 950; x_wconf 78' lang='lat' dir='ltr'>Athenienses</span> <span class='ocrx_word' id='word_1_88' title='bbox 1137 912 1365 950; x_wconf 77' lang='lat' dir='ltr'>exsisterent</span> <span class='ocrx_word' id='word_1_89' title='bbox 1400 913 1584 950; x_wconf 88' lang='lat' dir='ltr'>meliores.</span> 
     </span>
     <span class='ocr_line' id='line_1_13' title="bbox 257 967 1586 1018; baseline 0.001 -14"><span class='ocrx_word' id='word_1_90' title='bbox 257 967 299 1004; x_wconf 90' lang='lat' dir='ltr'>P.</span> <span class='ocrx_word' id='word_1_91' title='bbox 341 970 431 1004; x_wconf 87' lang='grc'><strong>503.</strong></span> <span class='ocrx_word' id='word_1_92' title='bbox 460 968 506 1004; x_wconf 86' lang='grc' dir='ltr'>Α.</span> <span class='ocrx_word' id='word_1_93' title='bbox 535 987 592 994; x_wconf 92' lang='lat'>——</span> <span class='ocrx_word' id='word_1_94' title='bbox 619 967 660 1004; x_wconf 88' lang='lat' dir='ltr'><strong>C.</strong></span> <span class='ocrx_word' id='word_1_95' title='bbox 729 967 856 1005; x_wconf 86' lang='lat' dir='ltr'>Solere</span> <span class='ocrx_word' id='word_1_96' title='bbox 894 967 995 1004; x_wconf 89' lang='lat' dir='ltr'>enim</span> <span class='ocrx_word' id='word_1_97' title='bbox 1031 972 1217 1012; x_wconf 86' lang='lat' dir='ltr'>oratores,</span> <span class='ocrx_word' id='word_1_98' title='bbox 1267 981 1386 1018; x_wconf 93' lang='lat' dir='ltr'>quum</span> <span class='ocrx_word' id='word_1_99' title='bbox 1422 968 1586 1006; x_wconf 86' lang='lat' dir='ltr'>debeant</span> 
     </span>
     <span class='ocr_line' id='line_1_14' title="bbox 257 1021 1585 1073; baseline 0.002 -15"><span class='ocrx_word' id='word_1_100' title='bbox 257 1021 389 1071; x_wconf 90' lang='lat' dir='ltr'>optimi</span> <span class='ocrx_word' id='word_1_101' title='bbox 419 1034 553 1061; x_wconf 80' lang='lat' dir='ltr'>caussa</span> <span class='ocrx_word' id='word_1_102' title='bbox 579 1022 702 1060; x_wconf 88' lang='lat' dir='ltr'>dicere</span> <span class='ocrx_word' id='word_1_103' title='bbox 731 1026 771 1061; x_wconf 91' lang='lat' dir='ltr'>et</span> <span class='ocrx_word' id='word_1_104' title='bbox 806 1022 1014 1061; x_wconf 84' lang='lat' dir='ltr'>orationem</span> <span class='ocrx_word' id='word_1_105' title='bbox 1050 1036 1158 1061; x_wconf 88' lang='lat' dir='ltr'>suam</span> <span class='ocrx_word' id='word_1_106' title='bbox 1187 1024 1233 1060; x_wconf 87' lang='lat' dir='ltr'>ad</span> <span class='ocrx_word' id='word_1_107' title='bbox 1262 1023 1394 1072; x_wconf 88' lang='lat' dir='ltr'>optimi</span> <span class='ocrx_word' id='word_1_108' title='bbox 1422 1023 1585 1073; x_wconf 88' lang='lat' dir='ltr'>speciem</span> 
     </span>
     <span class='ocr_line' id='line_1_15' title="bbox 258 1079 1586 1130; baseline 0.002 -16"><span class='ocrx_word' id='word_1_109' title='bbox 258 1089 492 1127; x_wconf 85' lang='lat' dir='ltr'>comparare,</span> <span class='ocrx_word' id='word_1_110' title='bbox 532 1082 673 1116; x_wconf 89' lang='lat' dir='ltr'>temere</span> <span class='ocrx_word' id='word_1_111' title='bbox 711 1079 829 1117; x_wconf 85' lang='lat' dir='ltr'>verba</span> <span class='ocrx_word' id='word_1_112' title='bbox 865 1079 1046 1128; x_wconf 90' lang='lat' dir='ltr'>proiieere</span> <span class='ocrx_word' id='word_1_113' title='bbox 1083 1091 1154 1116; x_wconf 92' lang='lat' dir='ltr'>nec</span> <span class='ocrx_word' id='word_1_114' title='bbox 1190 1083 1359 1128; x_wconf 86' lang='lat' dir='ltr'>spectare</span> <span class='ocrx_word' id='word_1_115' title='bbox 1388 1079 1445 1125; x_wconf 93' lang='lat' dir='ltr'>id,</span> <span class='ocrx_word' id='word_1_116' title='bbox 1485 1079 1586 1130; x_wconf 91' lang='lat' dir='ltr'>quod</span> 
     </span>
     <span class='ocr_line' id='line_1_16' title="bbox 258 1133 1584 1172; baseline 0.002 -2"><span class='ocrx_word' id='word_1_117' title='bbox 258 1133 383 1171; x_wconf 83' lang='lat' dir='ltr'>animo</span> <span class='ocrx_word' id='word_1_118' title='bbox 420 1133 571 1171; x_wconf 89' lang='lat' dir='ltr'>laudem</span> <span class='ocrx_word' id='word_1_119' title='bbox 609 1134 791 1172; x_wconf 87' lang='lat' dir='ltr'>bonitatis</span> <span class='ocrx_word' id='word_1_120' title='bbox 831 1134 1015 1172; x_wconf 86' lang='lat' dir='ltr'>conciliet.</span> <span class='ocrx_word' id='word_1_121' title='bbox 1061 1135 1104 1172; x_wconf 91' lang='lat' dir='ltr'>P.</span> <span class='ocrx_word' id='word_1_122' title='bbox 1137 1138 1227 1172; x_wconf 86' lang='lat'><strong>503.</strong></span> <span class='ocrx_word' id='word_1_123' title='bbox 1257 1135 1303 1172; x_wconf 92' lang='lat' dir='ltr'>D.</span> <span class='ocrx_word' id='word_1_124' title='bbox 1333 1155 1389 1162; x_wconf 90' lang='lat'>—</span> <span class='ocrx_word' id='word_1_125' title='bbox 1418 1138 1508 1172; x_wconf 83' lang='lat'>504.</span> <span class='ocrx_word' id='word_1_126' title='bbox 1538 1136 1584 1172; x_wconf 81' lang='lat' dir='ltr'><strong>A.</strong></span> 
     </span>
     <span class='ocr_line' id='line_1_17' title="bbox 257 1189 1585 1240; baseline 0.001 -14"><span class='ocrx_word' id='word_1_127' title='bbox 257 1189 356 1227; x_wconf 86' lang='lat' dir='ltr'>Nam</span> <span class='ocrx_word' id='word_1_128' title='bbox 385 1189 700 1240; x_wconf 72' lang='lat' dir='ltr'>quemadmodum</span> <span class='ocrx_word' id='word_1_129' title='bbox 719 1190 870 1239; x_wconf 87' lang='lat' dir='ltr'>opifices</span> <span class='ocrx_word' id='word_1_130' title='bbox 898 1190 939 1227; x_wconf 91' lang='lat' dir='ltr'>in</span> <span class='ocrx_word' id='word_1_131' title='bbox 967 1190 1132 1239; x_wconf 90' lang='lat' dir='ltr'>corporis</span> <span class='ocrx_word' id='word_1_132' title='bbox 1159 1202 1250 1228; x_wconf 87' lang='lat' dir='ltr'>cura</span> <span class='ocrx_word' id='word_1_133' title='bbox 1269 1194 1477 1235; x_wconf 82' lang='lat' dir='ltr'>versantes,</span> <span class='ocrx_word' id='word_1_134' title='bbox 1505 1190 1585 1227; x_wconf 88' lang='lat' dir='ltr'>vel-</span> 
     </span>
     <span class='ocr_line' id='line_1_18' title="bbox 256 1244 1588 1295; baseline 0.001 -13"><span class='ocrx_word' id='word_1_135' title='bbox 256 1245 314 1282; x_wconf 90' lang='lat' dir='ltr'>uti</span> <span class='ocrx_word' id='word_1_136' title='bbox 350 1244 485 1282; x_wconf 91' lang='lat' dir='ltr'>medici</span> <span class='ocrx_word' id='word_1_137' title='bbox 513 1248 554 1283; x_wconf 91' lang='lat' dir='ltr'>et</span> <span class='ocrx_word' id='word_1_138' title='bbox 588 1245 758 1283; x_wconf 88' lang='lat' dir='ltr'>luctandi</span> <span class='ocrx_word' id='word_1_139' title='bbox 785 1245 976 1293; x_wconf 77' lang='lat' dir='ltr'>magistri,</span> <span class='ocrx_word' id='word_1_140' title='bbox 1005 1245 1044 1282; x_wconf 93' lang='lat' dir='ltr'>id</span> <span class='ocrx_word' id='word_1_141' title='bbox 1064 1246 1304 1295; x_wconf 79' lang='lat' dir='ltr'>&#39;propositum</span> <span class='ocrx_word' id='word_1_142' title='bbox 1331 1246 1513 1291; x_wconf 76' lang='lat' dir='ltr'>habeant,</span> <span class='ocrx_word' id='word_1_143' title='bbox 1542 1250 1588 1283; x_wconf 87' lang='lat' dir='ltr'>ut</span> 
     </span>
     <span class='ocr_line' id='line_1_19' title="bbox 247 1301 1588 1352; baseline 0 -14"><span class='ocrx_word' id='word_1_144' title='bbox 247 1313 393 1350; x_wconf 87' lang='lat' dir='ltr'>-corpus</span> <span class='ocrx_word' id='word_1_145' title='bbox 421 1301 590 1339; x_wconf 90' lang='lat' dir='ltr'>ordinem</span> <span class='ocrx_word' id='word_1_146' title='bbox 619 1302 808 1352; x_wconf 82' lang='lat' dir='ltr'>quendam</span> <span class='ocrx_word' id='word_1_147' title='bbox 836 1306 876 1339; x_wconf 89' lang='lat' dir='ltr'>et</span> <span class='ocrx_word' id='word_1_148' title='bbox 903 1304 1098 1348; x_wconf 86' lang='lat' dir='ltr'>ornatum,</span> <span class='ocrx_word' id='word_1_149' title='bbox 1128 1301 1199 1338; x_wconf 93' lang='lat' dir='ltr'>hoe</span> <span class='ocrx_word' id='word_1_150' title='bbox 1227 1305 1286 1339; x_wconf 90' lang='lat' dir='ltr'>est</span> <span class='ocrx_word' id='word_1_151' title='bbox 1312 1301 1517 1339; x_wconf 87' lang='lat' dir='ltr'>sanitatem</span> <span class='ocrx_word' id='word_1_152' title='bbox 1543 1313 1588 1338; x_wconf 89' lang='lat' dir='ltr'>ac</span> 
     </span>
     <span class='ocr_line' id='line_1_20' title="bbox 256 1356 1587 1407; baseline 0 -13"><span class='ocrx_word' id='word_1_153' title='bbox 256 1357 383 1402; x_wconf 90' lang='lat' dir='ltr'>robur,</span> <span class='ocrx_word' id='word_1_154' title='bbox 411 1356 670 1403; x_wconf 83' lang='lat' dir='ltr'>nanciscatur,</span> <span class='ocrx_word' id='word_1_155' title='bbox 699 1357 755 1395; x_wconf 90' lang='lat' dir='ltr'>ita</span> <span class='ocrx_word' id='word_1_156' title='bbox 781 1356 839 1402; x_wconf 91' lang='lat' dir='ltr'>iis,</span> <span class='ocrx_word' id='word_1_157' title='bbox 861 1357 935 1407; x_wconf 77' lang='lat' dir='ltr'>qui</span> <span class='ocrx_word' id='word_1_158' title='bbox 963 1356 1090 1394; x_wconf 86' lang='lat' dir='ltr'>studia</span> <span class='ocrx_word' id='word_1_159' title='bbox 1116 1360 1281 1394; x_wconf 86' lang='lat' dir='ltr'>tractent</span> <span class='ocrx_word' id='word_1_160' title='bbox 1299 1357 1347 1394; x_wconf 89' lang='lat' dir='ltr'>ad</span> <span class='ocrx_word' id='word_1_161' title='bbox 1377 1356 1587 1394; x_wconf 86' lang='lat' dir='ltr'>animorum</span> 
     </span>
     <span class='ocr_line' id='line_1_21' title="bbox 257 1411 1589 1462; baseline -0.001 -12"><span class='ocrx_word' id='word_1_162' title='bbox 257 1412 402 1450; x_wconf 88' lang='lat' dir='ltr'>cultum</span> <span class='ocrx_word' id='word_1_163' title='bbox 429 1412 678 1461; x_wconf 86' lang='lat' dir='ltr'>pertinentia,</span> <span class='ocrx_word' id='word_1_164' title='bbox 717 1413 790 1449; x_wconf 91' lang='lat' dir='ltr'>hoc</span> <span class='ocrx_word' id='word_1_165' title='bbox 816 1412 941 1461; x_wconf 90' lang='lat' dir='ltr'>ipsum</span> <span class='ocrx_word' id='word_1_166' title='bbox 968 1411 1209 1462; x_wconf 83' lang='lat' dir='ltr'>propositum</span> <span class='ocrx_word' id='word_1_167' title='bbox 1240 1425 1322 1450; x_wconf 87' lang='lat' dir='ltr'>esse</span> <span class='ocrx_word' id='word_1_168' title='bbox 1350 1412 1506 1458; x_wconf 88' lang='lat' dir='ltr'>debere,</span> <span class='ocrx_word' id='word_1_169' title='bbox 1544 1416 1589 1450; x_wconf 87' lang='lat' dir='ltr'>ut</span> 
     </span>
     <span class='ocr_line' id='line_1_22' title="bbox 257 1466 1588 1518; baseline 0 -13"><span class='ocrx_word' id='word_1_170' title='bbox 257 1467 393 1505; x_wconf 84' lang='lat' dir='ltr'>animis</span> <span class='ocrx_word' id='word_1_171' title='bbox 422 1468 644 1506; x_wconf 87' lang='lat' dir='ltr'>concilietur</span> <span class='ocrx_word' id='word_1_172' title='bbox 671 1468 761 1505; x_wconf 91' lang='lat' dir='ltr'>ordo</span> <span class='ocrx_word' id='word_1_173' title='bbox 790 1472 830 1506; x_wconf 90' lang='lat' dir='ltr'>et</span> <span class='ocrx_word' id='word_1_174' title='bbox 858 1472 1013 1506; x_wconf 88' lang='lat' dir='ltr'>ornatus</span> <span class='ocrx_word' id='word_1_175' title='bbox 1040 1467 1216 1518; x_wconf 85' lang='lat' dir='ltr'>quidam,</span> <span class='ocrx_word' id='word_1_176' title='bbox 1254 1468 1320 1518; x_wconf 92' lang='lat' dir='ltr'>qui</span> <span class='ocrx_word' id='word_1_177' title='bbox 1359 1467 1399 1505; x_wconf 89' lang='lat' dir='ltr'>in</span> <span class='ocrx_word' id='word_1_178' title='bbox 1439 1466 1588 1505; x_wconf 87' lang='lat' dir='ltr'>iustitia</span> 
     </span>
     <span class='ocr_line' id='line_1_23' title="bbox 223 1523 1586 1573; baseline -0.001 -11"><span class='ocrx_word' id='word_1_179' title='bbox 223 1559 229 1566; x_wconf 20' lang='grc' dir='ltr'><em>κ</em></span> <span class='ocrx_word' id='word_1_180' title='bbox 257 1535 301 1562; x_wconf 89' lang='lat' dir='ltr'>ac</span> <span class='ocrx_word' id='word_1_181' title='bbox 327 1523 580 1573; x_wconf 87' lang='lat' dir='ltr'>temperantia</span> <span class='ocrx_word' id='word_1_182' title='bbox 617 1528 804 1562; x_wconf 86' lang='lat' dir='ltr'>cernatur.</span> <span class='ocrx_word' id='word_1_183' title='bbox 867 1523 1033 1562; x_wconf 85' lang='lat' dir='ltr'>Tantum</span> <span class='ocrx_word' id='word_1_184' title='bbox 1070 1526 1197 1561; x_wconf 84' lang='lat' dir='ltr'>autem</span> <span class='ocrx_word' id='word_1_185' title='bbox 1234 1524 1385 1569; x_wconf 86' lang='lat' dir='ltr'>abesse,</span> <span class='ocrx_word' id='word_1_186' title='bbox 1422 1527 1469 1561; x_wconf 91' lang='lat' dir='ltr'>ut</span> <span class='ocrx_word' id='word_1_187' title='bbox 1504 1535 1586 1560; x_wconf 90' lang='lat' dir='ltr'>ora-</span> 
     </span>
     <span class='ocr_line' id='line_1_24' title="bbox 256 1578 1587 1624; baseline -0.002 -7"><span class='ocrx_word' id='word_1_188' title='bbox 256 1583 359 1618; x_wconf 82' lang='lat' dir='ltr'>tores</span> <span class='ocrx_word' id='word_1_189' title='bbox 388 1578 528 1617; x_wconf 82' lang='lat' dir='ltr'>civium</span> <span class='ocrx_word' id='word_1_190' title='bbox 568 1579 712 1617; x_wconf 88' lang='lat' dir='ltr'>animos</span> <span class='ocrx_word' id='word_1_191' title='bbox 752 1580 885 1616; x_wconf 87' lang='lat' dir='ltr'>harum</span> <span class='ocrx_word' id='word_1_192' title='bbox 916 1579 1104 1618; x_wconf 81' lang='lat' dir='ltr'>virtutum</span> <span class='ocrx_word' id='word_1_193' title='bbox 1144 1591 1269 1617; x_wconf 87' lang='lat' dir='ltr'>amore</span> <span class='ocrx_word' id='word_1_194' title='bbox 1297 1579 1490 1624; x_wconf 85' lang='lat' dir='ltr'>imbuant,</span> <span class='ocrx_word' id='word_1_195' title='bbox 1529 1578 1587 1615; x_wconf 91' lang='lat' dir='ltr'>in-</span> 
     </span>
     <span class='ocr_line' id='line_1_25' title="bbox 258 1633 1587 1684; baseline -0.001 -12"><span class='ocrx_word' id='word_1_196' title='bbox 258 1635 516 1673; x_wconf 78' lang='lat' dir='ltr'>continentiae</span> <span class='ocrx_word' id='word_1_197' title='bbox 553 1648 644 1673; x_wconf 83' lang='lat' dir='ltr'>vero</span> <span class='ocrx_word' id='word_1_198' title='bbox 682 1639 721 1673; x_wconf 90' lang='lat' dir='ltr'>et</span> <span class='ocrx_word' id='word_1_199' title='bbox 757 1634 968 1672; x_wconf 87' lang='lat' dir='ltr'>iniustitiae</span> <span class='ocrx_word' id='word_1_200' title='bbox 1009 1634 1094 1672; x_wconf 92' lang='lat' dir='ltr'>odio</span> <span class='ocrx_word' id='word_1_201' title='bbox 1131 1635 1322 1684; x_wconf 89' lang='lat' dir='ltr'>repleant,</span> <span class='ocrx_word' id='word_1_202' title='bbox 1360 1638 1405 1672; x_wconf 89' lang='lat' dir='ltr'>ut</span> <span class='ocrx_word' id='word_1_203' title='bbox 1431 1633 1587 1672; x_wconf 88' lang='lat' dir='ltr'>mirifice</span> 
     </span>
     <span class='ocr_line' id='line_1_26' title="bbox 258 1690 1590 1741; baseline -0.001 -13"><span class='ocrx_word' id='word_1_204' title='bbox 258 1690 482 1738; x_wconf 82' lang='lat' dir='ltr'>indulgeant</span> <span class='ocrx_word' id='word_1_205' title='bbox 497 1703 627 1728; x_wconf 85' lang='lat' dir='ltr'>eorum</span> <span class='ocrx_word' id='word_1_206' title='bbox 647 1690 917 1740; x_wconf 86' lang='lat' dir='ltr'>cupiditatibus</span> <span class='ocrx_word' id='word_1_207' title='bbox 935 1694 1175 1741; x_wconf 80' lang='lat' dir='ltr'>augeantque</span> <span class='ocrx_word' id='word_1_208' title='bbox 1198 1690 1304 1737; x_wconf 82' lang='lat' dir='ltr'>vitia,</span> <span class='ocrx_word' id='word_1_209' title='bbox 1330 1702 1429 1740; x_wconf 85' lang='lat' dir='ltr'>quae</span> <span class='ocrx_word' id='word_1_210' title='bbox 1447 1690 1590 1728; x_wconf 87' lang='lat' dir='ltr'>fuerint</span> 
     </span>
     <span class='ocr_line' id='line_1_27' title="bbox 259 1745 1588 1795; baseline -0.001 -11"><span class='ocrx_word' id='word_1_211' title='bbox 259 1746 479 1794; x_wconf 87' lang='lat' dir='ltr'>castiganda</span> <span class='ocrx_word' id='word_1_212' title='bbox 507 1751 546 1784; x_wconf 91' lang='lat' dir='ltr'>et</span> <span class='ocrx_word' id='word_1_213' title='bbox 573 1746 822 1795; x_wconf 89' lang='lat' dir='ltr'>reprimenda.</span> <span class='ocrx_word' id='word_1_214' title='bbox 852 1747 894 1783; x_wconf 91' lang='lat' dir='ltr'><strong>P.</strong></span> <span class='ocrx_word' id='word_1_215' title='bbox 925 1750 1015 1783; x_wconf 83' lang='lat'>504.</span> <span class='ocrx_word' id='word_1_216' title='bbox 1044 1747 1092 1783; x_wconf 82' lang='lat' dir='ltr'>A.</span> <span class='ocrx_word' id='word_1_217' title='bbox 1119 1767 1176 1773; x_wconf 93' lang='lat'>—-</span> <span class='ocrx_word' id='word_1_218' title='bbox 1206 1750 1296 1784; x_wconf 86' lang='lat'><strong>505.</strong></span> <span class='ocrx_word' id='word_1_219' title='bbox 1325 1746 1368 1783; x_wconf 91' lang='lat' dir='ltr'>B.</span> <span class='ocrx_word' id='word_1_220' title='bbox 1393 1766 1449 1772; x_wconf 90' lang='lat'><strong>—</strong></span> <span class='ocrx_word' id='word_1_221' title='bbox 1476 1745 1588 1783; x_wconf 88' lang='lat' dir='ltr'>Hanc</span> 
     </span>
     <span class='ocr_line' id='line_1_28' title="bbox 257 1801 1589 1851; baseline -0.001 -11"><span class='ocrx_word' id='word_1_222' title='bbox 257 1815 348 1841; x_wconf 86' lang='lat' dir='ltr'>vero</span> <span class='ocrx_word' id='word_1_223' title='bbox 377 1802 505 1839; x_wconf 84' lang='lat' dir='ltr'>iudicii</span> <span class='ocrx_word' id='word_1_224' title='bbox 535 1802 779 1840; x_wconf 85' lang='lat' dir='ltr'>acerbitatem</span> <span class='ocrx_word' id='word_1_225' title='bbox 810 1802 1028 1849; x_wconf 88' lang='lat' dir='ltr'>indignatus</span> <span class='ocrx_word' id='word_1_226' title='bbox 1047 1801 1220 1839; x_wconf 83' lang='lat' dir='ltr'>Callicles</span> <span class='ocrx_word' id='word_1_227' title='bbox 1248 1814 1288 1839; x_wconf 91' lang='lat' dir='ltr'>se</span> <span class='ocrx_word' id='word_1_228' title='bbox 1315 1801 1476 1851; x_wconf 85' lang='lat' dir='ltr'>amplius</span> <span class='ocrx_word' id='word_1_229' title='bbox 1504 1813 1589 1839; x_wconf 89' lang='lat' dir='ltr'>cum</span> 
     </span>
     <span class='ocr_line' id='line_1_29' title="bbox 258 1857 1588 1907; baseline -0.002 -11"><span class='ocrx_word' id='word_1_230' title='bbox 258 1859 412 1896; x_wconf 88' lang='lat' dir='ltr'>Socrate</span> <span class='ocrx_word' id='word_1_231' title='bbox 441 1858 625 1896; x_wconf 85' lang='lat' dir='ltr'>disserere</span> <span class='ocrx_word' id='word_1_232' title='bbox 653 1858 752 1896; x_wconf 88' lang='lat' dir='ltr'>velle</span> <span class='ocrx_word' id='word_1_233' title='bbox 780 1861 906 1907; x_wconf 86' lang='lat' dir='ltr'>negat.</span> <span class='ocrx_word' id='word_1_234' title='bbox 964 1857 1039 1895; x_wconf 87' lang='lat' dir='ltr'>Sed</span> <span class='ocrx_word' id='word_1_235' title='bbox 1066 1870 1156 1894; x_wconf 87' lang='lat' dir='ltr'>mox</span> <span class='ocrx_word' id='word_1_236' title='bbox 1192 1870 1236 1895; x_wconf 88' lang='lat' dir='ltr'>eo</span> <span class='ocrx_word' id='word_1_237' title='bbox 1274 1857 1410 1895; x_wconf 87' lang='lat' dir='ltr'>saltem</span> <span class='ocrx_word' id='word_1_238' title='bbox 1442 1869 1588 1906; x_wconf 90' lang='lat' dir='ltr'>permo-</span> 
     </span>
     <span class='ocr_line' id='line_1_30' title="bbox 257 1911 1590 1962; baseline -0.002 -9"><span class='ocrx_word' id='word_1_239' title='bbox 257 1918 382 1961; x_wconf 84' lang='lat' dir='ltr'>vetur,</span> <span class='ocrx_word' id='word_1_240' title='bbox 410 1918 455 1952; x_wconf 87' lang='lat' dir='ltr'>ut</span> <span class='ocrx_word' id='word_1_241' title='bbox 482 1927 522 1951; x_wconf 89' lang='lat' dir='ltr'>se</span> <span class='ocrx_word' id='word_1_242' title='bbox 550 1913 606 1951; x_wconf 92' lang='lat' dir='ltr'>illi</span> <span class='ocrx_word' id='word_1_243' title='bbox 635 1914 771 1952; x_wconf 86' lang='lat' dir='ltr'>saltem</span> <span class='ocrx_word' id='word_1_244' title='bbox 799 1913 1103 1951; x_wconf 86' lang='lat' dir='ltr'>auscultaturum</span> <span class='ocrx_word' id='word_1_245' title='bbox 1129 1913 1352 1962; x_wconf 90' lang='lat' dir='ltr'>polliceatur</span> <span class='ocrx_word' id='word_1_246' title='bbox 1365 1941 1374 1958; x_wconf 93' lang='lat'><strong><em>‚</em></strong></span> <span class='ocrx_word' id='word_1_247' title='bbox 1412 1911 1590 1950; x_wconf 77' lang='lat' dir='ltr'>videlicet</span> 
     </span>
     <span class='ocr_line' id='line_1_31' title="bbox 257 1968 1587 2020; baseline -0.002 -13"><span class='ocrx_word' id='word_1_248' title='bbox 257 1982 307 2008; x_wconf 89' lang='lat' dir='ltr'>ne</span> <span class='ocrx_word' id='word_1_249' title='bbox 344 1981 465 2007; x_wconf 89' lang='lat' dir='ltr'>sermo</span> <span class='ocrx_word' id='word_1_250' title='bbox 503 1969 747 2019; x_wconf 88' lang='lat' dir='ltr'>imperfectus</span> <span class='ocrx_word' id='word_1_251' title='bbox 784 1968 1034 2020; x_wconf 86' lang='lat' dir='ltr'>relinquatur.</span> <span class='ocrx_word' id='word_1_252' title='bbox 1079 1969 1121 2006; x_wconf 92' lang='lat' dir='ltr'><strong>P.</strong></span> <span class='ocrx_word' id='word_1_253' title='bbox 1154 1972 1244 2006; x_wconf 87' lang='lat'><strong>505.</strong></span> <span class='ocrx_word' id='word_1_254' title='bbox 1273 1969 1313 2006; x_wconf 88' lang='lat' dir='ltr'><strong>C.</strong></span> <span class='ocrx_word' id='word_1_255' title='bbox 1341 1988 1397 1995; x_wconf 94' lang='lat'>——</span> <span class='ocrx_word' id='word_1_256' title='bbox 1427 1971 1516 2005; x_wconf 88' lang='grc'><strong>506.</strong></span> <span class='ocrx_word' id='word_1_257' title='bbox 1546 1968 1587 2005; x_wconf 81' lang='lat' dir='ltr'>G.</span> 
     </span>
     <span class='ocr_line' id='line_1_32' title="bbox 257 2023 1588 2076; baseline -0.002 -13"><span class='ocrx_word' id='word_1_258' title='bbox 257 2047 314 2052; x_wconf 97' lang='lat'><strong>—</strong></span> <span class='ocrx_word' id='word_1_259' title='bbox 350 2026 488 2076; x_wconf 90' lang='lat' dir='ltr'>Itaque</span> <span class='ocrx_word' id='word_1_260' title='bbox 527 2025 700 2063; x_wconf 85' lang='lat' dir='ltr'>Socrates</span> <span class='ocrx_word' id='word_1_261' title='bbox 738 2025 814 2062; x_wconf 83' lang='lat' dir='ltr'>iam</span> <span class='ocrx_word' id='word_1_262' title='bbox 852 2024 1004 2062; x_wconf 87' lang='lat' dir='ltr'>Callicle</span> <span class='ocrx_word' id='word_1_263' title='bbox 1041 2026 1197 2073; x_wconf 83' lang='lat' dir='ltr'>optante</span> <span class='ocrx_word' id='word_1_264' title='bbox 1236 2023 1339 2061; x_wconf 90' lang='lat' dir='ltr'>solus</span> <span class='ocrx_word' id='word_1_265' title='bbox 1378 2035 1588 2060; x_wconf 89' lang='lat' dir='ltr'>sermonem</span> 
     </span>
     <span class='ocr_line' id='line_1_33' title="bbox 257 2078 1587 2131; baseline -0.002 -12"><span class='ocrx_word' id='word_1_266' title='bbox 257 2081 500 2131; x_wconf 89' lang='lat' dir='ltr'>persequitur</span> <span class='ocrx_word' id='word_1_267' title='bbox 527 2081 689 2119; x_wconf 84' lang='lat' dir='ltr'>ulterius</span> <span class='ocrx_word' id='word_1_268' title='bbox 719 2080 800 2130; x_wconf 87' lang='lat' dir='ltr'>ipse</span> <span class='ocrx_word' id='word_1_269' title='bbox 829 2093 868 2118; x_wconf 89' lang='lat' dir='ltr'>se</span> <span class='ocrx_word' id='word_1_270' title='bbox 897 2080 1134 2128; x_wconf 83' lang='lat' dir='ltr'>interrogans</span> <span class='ocrx_word' id='word_1_271' title='bbox 1170 2078 1319 2129; x_wconf 88' lang='lat' dir='ltr'>sibique</span> <span class='ocrx_word' id='word_1_272' title='bbox 1346 2079 1587 2127; x_wconf 88' lang='lat' dir='ltr'>respondens.</span> 
     </span>
     <span class='ocr_line' id='line_1_34' title="bbox 257 2134 1589 2185; baseline -0.003 -10"><span class='ocrx_word' id='word_1_273' title='bbox 257 2137 470 2175; x_wconf 86' lang='lat' dir='ltr'>Prudenter</span> <span class='ocrx_word' id='word_1_274' title='bbox 514 2149 606 2175; x_wconf 84' lang='lat' dir='ltr'>vero</span> <span class='ocrx_word' id='word_1_275' title='bbox 643 2135 859 2174; x_wconf 83' lang='lat' dir='ltr'>summatim</span> <span class='ocrx_word' id='word_1_276' title='bbox 902 2135 978 2173; x_wconf 81' lang='lat' dir='ltr'>iam</span> <span class='ocrx_word' id='word_1_277' title='bbox 1015 2134 1156 2184; x_wconf 86' lang='lat' dir='ltr'>repetit</span> <span class='ocrx_word' id='word_1_278' title='bbox 1200 2146 1298 2185; x_wconf 85' lang='lat' dir='ltr'>quae</span> <span class='ocrx_word' id='word_1_279' title='bbox 1344 2138 1458 2172; x_wconf 86' lang='lat' dir='ltr'>antea</span> <span class='ocrx_word' id='word_1_280' title='bbox 1503 2146 1589 2172; x_wconf 91' lang='lat' dir='ltr'>cum</span> 
     </span>
     <span class='ocr_line' id='line_1_35' title="bbox 258 2189 1589 2241; baseline -0.002 -11"><span class='ocrx_word' id='word_1_281' title='bbox 258 2192 412 2230; x_wconf 86' lang='lat' dir='ltr'>Callicle</span> <span class='ocrx_word' id='word_1_282' title='bbox 440 2192 681 2231; x_wconf 86' lang='lat' dir='ltr'>disseruerat.</span> <span class='ocrx_word' id='word_1_283' title='bbox 712 2192 926 2229; x_wconf 89' lang='lat' dir='ltr'>Iucundum</span> <span class='ocrx_word' id='word_1_284' title='bbox 953 2195 994 2229; x_wconf 87' lang='lat' dir='ltr'>et</span> <span class='ocrx_word' id='word_1_285' title='bbox 1010 2191 1151 2228; x_wconf 89' lang='lat' dir='ltr'>bonum</span> <span class='ocrx_word' id='word_1_286' title='bbox 1167 2190 1295 2239; x_wconf 81' lang='lat' dir='ltr'>igitur,</span> <span class='ocrx_word' id='word_1_287' title='bbox 1324 2189 1460 2241; x_wconf 87' lang='lat' dir='ltr'>inquit,</span> <span class='ocrx_word' id='word_1_288' title='bbox 1488 2190 1589 2228; x_wconf 88' lang='lat' dir='ltr'>inter</span> 
     </span>
     <span class='ocr_line' id='line_1_36' title="bbox 258 2245 1589 2296; baseline -0.003 -10"><span class='ocrx_word' id='word_1_289' title='bbox 258 2261 298 2286; x_wconf 91' lang='lat' dir='ltr'>se</span> <span class='ocrx_word' id='word_1_290' title='bbox 346 2248 509 2288; x_wconf 81' lang='lat' dir='ltr'>invicem</span> <span class='ocrx_word' id='word_1_291' title='bbox 548 2249 699 2287; x_wconf 85' lang='lat' dir='ltr'>diversa</span> <span class='ocrx_word' id='word_1_292' title='bbox 742 2251 851 2285; x_wconf 86' lang='lat' dir='ltr'>sunt:</span> <span class='ocrx_word' id='word_1_293' title='bbox 909 2246 1116 2284; x_wconf 89' lang='lat' dir='ltr'>iucundum</span> <span class='ocrx_word' id='word_1_294' title='bbox 1160 2258 1271 2296; x_wconf 89' lang='lat' dir='ltr'>porro</span> <span class='ocrx_word' id='word_1_295' title='bbox 1317 2245 1405 2282; x_wconf 88' lang='lat' dir='ltr'>boni</span> <span class='ocrx_word' id='word_1_296' title='bbox 1456 2257 1589 2283; x_wconf 84' lang='lat' dir='ltr'>caussa</span> 
     </span>
     <span class='ocr_line' id='line_1_37' title="bbox 258 2300 1587 2352; baseline -0.003 -10"><span class='ocrx_word' id='word_1_297' title='bbox 258 2308 317 2342; x_wconf 90' lang='lat' dir='ltr'>est</span> <span class='ocrx_word' id='word_1_298' title='bbox 342 2304 575 2342; x_wconf 84' lang='lat' dir='ltr'>faciendum:</span> <span class='ocrx_word' id='word_1_299' title='bbox 606 2305 748 2341; x_wconf 89' lang='lat' dir='ltr'>bonurn</span> <span class='ocrx_word' id='word_1_300' title='bbox 775 2307 903 2341; x_wconf 90' lang='lat' dir='ltr'>autem</span> <span class='ocrx_word' id='word_1_301' title='bbox 930 2302 1026 2340; x_wconf 90' lang='lat' dir='ltr'>illud</span> <span class='ocrx_word' id='word_1_302' title='bbox 1054 2306 1131 2348; x_wconf 87' lang='lat' dir='ltr'>est,</span> <span class='ocrx_word' id='word_1_303' title='bbox 1168 2313 1243 2352; x_wconf 91' lang='lat' dir='ltr'>quo</span> <span class='ocrx_word' id='word_1_304' title='bbox 1272 2304 1471 2351; x_wconf 84' lang='lat' dir='ltr'>praesente</span> <span class='ocrx_word' id='word_1_305' title='bbox 1499 2300 1587 2339; x_wconf 93' lang='lat' dir='ltr'>boni</span> 
     </span>
     <span class='ocr_line' id='line_1_38' title="bbox 258 2356 1587 2409; baseline -0.003 -11"><span class='ocrx_word' id='word_1_306' title='bbox 258 2359 474 2398; x_wconf 84' lang='lat' dir='ltr'>evadimus:</span> <span class='ocrx_word' id='word_1_307' title='bbox 521 2359 609 2397; x_wconf 90' lang='lat' dir='ltr'>boni</span> <span class='ocrx_word' id='word_1_308' title='bbox 647 2372 738 2398; x_wconf 85' lang='lat' dir='ltr'>vero</span> <span class='ocrx_word' id='word_1_309' title='bbox 775 2371 925 2404; x_wconf 89' lang='lat' dir='ltr'>sumus,</span> <span class='ocrx_word' id='word_1_310' title='bbox 975 2358 1125 2409; x_wconf 90' lang='lat' dir='ltr'>quando</span> <span class='ocrx_word' id='word_1_311' title='bbox 1162 2357 1286 2396; x_wconf 82' lang='lat' dir='ltr'>virtus</span> <span class='ocrx_word' id='word_1_312' title='bbox 1324 2356 1432 2395; x_wconf 89' lang='lat' dir='ltr'>nobis</span> <span class='ocrx_word' id='word_1_313' title='bbox 1469 2357 1587 2402; x_wconf 86' lang='lat' dir='ltr'>adest,</span> 
     </span>
     <span class='ocr_line' id='line_1_39' title="bbox 258 2410 1588 2467; baseline -0.003 -14"><span class='ocrx_word' id='word_1_314' title='bbox 258 2428 355 2467; x_wconf 91' lang='lat' dir='ltr'>quae</span> <span class='ocrx_word' id='word_1_315' title='bbox 393 2416 546 2467; x_wconf 90' lang='lat' dir='ltr'>quidem</span> <span class='ocrx_word' id='word_1_316' title='bbox 583 2415 714 2453; x_wconf 88' lang='lat' dir='ltr'>ordine</span> <span class='ocrx_word' id='word_1_317' title='bbox 754 2418 794 2452; x_wconf 92' lang='lat' dir='ltr'>et</span> <span class='ocrx_word' id='word_1_318' title='bbox 831 2417 967 2452; x_wconf 89' lang='lat' dir='ltr'>ornatu</span> <span class='ocrx_word' id='word_1_319' title='bbox 1005 2410 1174 2467; x_wconf 78' lang='grc' dir='ltr'>(κόσμῳ)</span> <span class='ocrx_word' id='word_1_320' title='bbox 1210 2412 1385 2451; x_wconf 84' lang='lat' dir='ltr'>efficitur.</span> <span class='ocrx_word' id='word_1_321' title='bbox 1451 2413 1588 2463; x_wconf 85' lang='lat' dir='ltr'>Itaque</span> 
     </span>
     <span class='ocr_line' id='line_1_40' title="bbox 258 2467 1589 2522; baseline -0.003 -13"><span class='ocrx_word' id='word_1_322' title='bbox 258 2471 428 2518; x_wconf 87' lang='lat' dir='ltr'>animus,</span> <span class='ocrx_word' id='word_1_323' title='bbox 459 2471 524 2522; x_wconf 70' lang='lat' dir='ltr'>qui</span> <span class='ocrx_word' id='word_1_324' title='bbox 552 2471 709 2509; x_wconf 79' lang='lat' dir='ltr'>virtutis</span> <span class='ocrx_word' id='word_1_325' title='bbox 736 2470 923 2520; x_wconf 86' lang='lat' dir='ltr'>particeps</span> <span class='ocrx_word' id='word_1_326' title='bbox 951 2473 1030 2516; x_wconf 90' lang='lat' dir='ltr'>est,</span> <span class='ocrx_word' id='word_1_327' title='bbox 1067 2469 1160 2507; x_wconf 75' lang='lat' dir='ltr'>item</span> <span class='ocrx_word' id='word_1_328' title='bbox 1186 2472 1245 2506; x_wconf 88' lang='lat' dir='ltr'>est</span> <span class='ocrx_word' id='word_1_329' title='bbox 1272 2470 1370 2506; x_wconf 90' lang='lat' dir='ltr'>bene</span> <span class='ocrx_word' id='word_1_330' title='bbox 1394 2467 1589 2506; x_wconf 87' lang='lat' dir='ltr'>ordinatus</span> 
     </span>
     <span class='ocr_line' id='line_1_41' title="bbox 259 2521 1589 2578; baseline -0.003 -13"><span class='ocrx_word' id='word_1_331' title='bbox 259 2524 438 2577; x_wconf 86' lang='grc' dir='ltr'>(κόσμος)</span> <span class='ocrx_word' id='word_1_332' title='bbox 475 2526 636 2577; x_wconf 89' lang='lat' dir='ltr'>ideoque</span> <span class='ocrx_word' id='word_1_333' title='bbox 672 2531 886 2576; x_wconf 87' lang='lat' dir='ltr'>temperans</span> <span class='ocrx_word' id='word_1_334' title='bbox 925 2521 1141 2578; x_wconf 74' lang='grc' dir='ltr'><strong>(σώφρων).</strong></span> <span class='ocrx_word' id='word_1_335' title='bbox 1196 2524 1425 2573; x_wconf 83' lang='lat' dir='ltr'>Temperans</span> <span class='ocrx_word' id='word_1_336' title='bbox 1461 2527 1589 2561; x_wconf 88' lang='lat' dir='ltr'>autem</span> 
     </span>
     <span class='ocr_line' id='line_1_42' title="bbox 260 2578 1589 2633; baseline -0.005 -12"><span class='ocrx_word' id='word_1_337' title='bbox 260 2582 411 2621; x_wconf 85' lang='lat' dir='ltr'>animus</span> <span class='ocrx_word' id='word_1_338' title='bbox 438 2595 484 2620; x_wconf 90' lang='lat' dir='ltr'>ea</span> <span class='ocrx_word' id='word_1_339' title='bbox 510 2582 613 2629; x_wconf 86' lang='lat' dir='ltr'>facit,</span> <span class='ocrx_word' id='word_1_340' title='bbox 642 2595 739 2633; x_wconf 88' lang='lat' dir='ltr'>quae</span> <span class='ocrx_word' id='word_1_341' title='bbox 768 2586 808 2620; x_wconf 92' lang='lat' dir='ltr'>et</span> <span class='ocrx_word' id='word_1_342' title='bbox 825 2594 915 2630; x_wconf 85' lang='lat' dir='ltr'>erga</span> <span class='ocrx_word' id='word_1_343' title='bbox 934 2581 1024 2619; x_wconf 91' lang='lat' dir='ltr'>deos</span> <span class='ocrx_word' id='word_1_344' title='bbox 1052 2585 1092 2619; x_wconf 90' lang='lat' dir='ltr'>et</span> <span class='ocrx_word' id='word_1_345' title='bbox 1119 2592 1210 2629; x_wconf 80' lang='lat' dir='ltr'>erga</span> <span class='ocrx_word' id='word_1_346' title='bbox 1227 2579 1399 2618; x_wconf 84' lang='lat' dir='ltr'>homines</span> <span class='ocrx_word' id='word_1_347' title='bbox 1417 2578 1589 2617; x_wconf 83' lang='lat' dir='ltr'>facienda</span> 
     </span>
     <span class='ocr_line' id='line_1_43' title="bbox 258 2635 1589 2686; baseline -0.005 -9"><span class='ocrx_word' id='word_1_348' title='bbox 258 2643 360 2685; x_wconf 87' lang='lat' dir='ltr'>sunt,</span> <span class='ocrx_word' id='word_1_349' title='bbox 387 2639 460 2676; x_wconf 90' lang='lat' dir='ltr'>hoc</span> <span class='ocrx_word' id='word_1_350' title='bbox 489 2642 548 2676; x_wconf 88' lang='lat' dir='ltr'>est</span> <span class='ocrx_word' id='word_1_351' title='bbox 574 2642 716 2684; x_wconf 84' lang='lat' dir='ltr'>sancta,</span> <span class='ocrx_word' id='word_1_352' title='bbox 747 2637 812 2675; x_wconf 92' lang='lat' dir='ltr'>ubi</span> <span class='ocrx_word' id='word_1_353' title='bbox 841 2638 888 2675; x_wconf 89' lang='lat' dir='ltr'>de</span> <span class='ocrx_word' id='word_1_354' title='bbox 917 2636 988 2674; x_wconf 84' lang='lat' dir='ltr'>diis</span> <span class='ocrx_word' id='word_1_355' title='bbox 1017 2636 1159 2685; x_wconf 84' lang='lat' dir='ltr'>agitur,</span> <span class='ocrx_word' id='word_1_356' title='bbox 1189 2639 1303 2686; x_wconf 86' lang='lat' dir='ltr'>atque</span> <span class='ocrx_word' id='word_1_357' title='bbox 1331 2635 1450 2682; x_wconf 85' lang='lat' dir='ltr'>iusta,</span> <span class='ocrx_word' id='word_1_358' title='bbox 1488 2635 1589 2686; x_wconf 87' lang='lat' dir='ltr'>quod</span> 
     </span>
     <span class='ocr_line' id='line_1_44' title="bbox 260 2690 1590 2732; baseline -0.003 0"><span class='ocrx_word' id='word_1_359' title='bbox 260 2695 309 2732; x_wconf 87' lang='lat' dir='ltr'>ad</span> <span class='ocrx_word' id='word_1_360' title='bbox 345 2694 518 2732; x_wconf 85' lang='lat' dir='ltr'>homines</span> <span class='ocrx_word' id='word_1_361' title='bbox 554 2694 704 2732; x_wconf 85' lang='lat' dir='ltr'>attinet.</span> <span class='ocrx_word' id='word_1_362' title='bbox 779 2692 884 2731; x_wconf 84' lang='lat' dir='ltr'>Talis</span> <span class='ocrx_word' id='word_1_363' title='bbox 921 2696 1049 2731; x_wconf 88' lang='lat' dir='ltr'>autem</span> <span class='ocrx_word' id='word_1_364' title='bbox 1086 2691 1250 2729; x_wconf 83' lang='lat' dir='ltr'>hominis</span> <span class='ocrx_word' id='word_1_365' title='bbox 1287 2690 1437 2730; x_wconf 86' lang='lat' dir='ltr'>animus</span> <span class='ocrx_word' id='word_1_366' title='bbox 1473 2690 1590 2728; x_wconf 83' lang='lat' dir='ltr'>etiam</span> 
     </span>
     <span class='ocr_line' id='line_1_45' title="bbox 260 2746 1590 2801; baseline -0.004 -12"><span class='ocrx_word' id='word_1_367' title='bbox 260 2750 371 2790; x_wconf 82' lang='lat' dir='ltr'>fortis</span> <span class='ocrx_word' id='word_1_368' title='bbox 400 2750 492 2789; x_wconf 85' lang='lat' dir='ltr'>erit:</span> <span class='ocrx_word' id='word_1_369' title='bbox 521 2762 645 2801; x_wconf 90' lang='lat' dir='ltr'>neque</span> <span class='ocrx_word' id='word_1_370' title='bbox 674 2749 776 2788; x_wconf 89' lang='lat' dir='ltr'>enim</span> <span class='ocrx_word' id='word_1_371' title='bbox 804 2748 878 2788; x_wconf 82' lang='lat' dir='ltr'>viri</span> <span class='ocrx_word' id='word_1_372' title='bbox 907 2747 1154 2798; x_wconf 86' lang='lat' dir='ltr'>temperantis</span> <span class='ocrx_word' id='word_1_373' title='bbox 1172 2750 1231 2786; x_wconf 80' lang='lat' dir='ltr'>est</span> <span class='ocrx_word' id='word_1_374' title='bbox 1258 2747 1391 2786; x_wconf 87' lang='lat' dir='ltr'>cedere</span> <span class='ocrx_word' id='word_1_375' title='bbox 1417 2746 1590 2796; x_wconf 84' lang='lat' dir='ltr'>volupta-</span> 
     </span>
    </p>
   </div>
  </div>
 </body>
</html>
