1722 2964
509 75 926 111 PROTAGORAS.
957 74 1000 111 P.
1022 75 1102 111 349.
1132 73 1213 110 s'r.
1495 68 1574 111 147

154 190 182 251 ἢ
209 190 378 253 ἑκάστω
403 210 494 237 των
516 187 752 273 ὀνομάτων
771 185 944 234 τούτων
961 185 1199 233 ὑπόκειταί
1216 206 1282 240 τις
1309 190 1419 239 ἴδιος
1443 184 1576 233 ουσία

156 261 232 306 καὶ
257 262 438 318 πρᾶγμα
462 263 564 317 ἔχον
589 257 752 303 ἑαυτοῦ
777 254 973 314 δύναμιν
997 258 1197 314 ἕκαστον,
1222 251 1306 300 οὐκ
1329 251 1382 300 ὂν
1405 251 1502 300 οἷον
1525 252 1575 300 τὸ

155 331 310 388 ἕτερον
333 324 485 372 αὐτων
507 323 556 371 τὸ
581 327 755 384 ἔτερον;
782 328 962 382 ἔφησθα
986 343 1070 370 ουν
1094 322 1151 369 σὺ
1175 341 1258 369 ουκ
1281 320 1478 381 ὀνόματα
1503 323 1575 368 ἐπὶ

157 397 225 442 ἑνὶ
248 394 378 452 εἶναι,
403 391 516 440 ἀλλὰ
534 395 720 439 ἕκαστον
744 395 846 454 ἰδίῳ
866 390 1090 451 πράγματι
1113 393 1203 438 τῶν
1226 388 1458 449 ὀνομάτων
1476 389 1576 436 του’-

153 482 245 510 των
271 465 546 519 ἐπικεῖσθαι,
571 458 715 506 πάντα
741 459 791 505 δὲ
814 462 954 505 ταῦτα
977 458 1111 519 μόρια
1144 458 1261 506 εἶναι
1285 455 1467 518 ἀρετῆς,
1493 456 1578 519 οὐχ

156 530 215 583 ὡς
239 527 292 576 τά
315 532 398 576 τοῦ
421 530 591 588 χρυσοῦ
612 526 744 588 μόρια
767 526 897 586 ὅμοιά
923 529 1043 574 ἐστιν
1066 524 1272 586 ἀλλήλοις
1293 529 1446 588 καὶτῷ
1470 525 1577 588 ὅλῳ,

156 592 212 645 οὗ
235 596 368 657 μόριά
394 599 535 655 ἐστιν,
567 593 667 642 ἀλλ’
694 591 753 648 ὥς
783 593 838 641 τά
875 597 958 640 τοῦ
981 593 1219 655 προςεόπου
1251 593 1385 654 μόρια
1416 596 1491 641 καὶ
1515 597 1580 656 τῷ

155 665 269 727 ὅλῳ,
295 658 351 711 οὗ
373 663 506 725 μόριά
530 667 672 722 ἐστιν,
700 664 773 710 καὶ
798 661 1004 721 ἀλλήλοις
1029 662 1239 723 ἀνόμοια,
1267 667 1390 709 ἰδίαν
1415 666 1579 710 ἕκαστα

158 732 352 792 δύναμιν
384 737 552 792 ἔχοντα.
585 733 724 778 ταῦτα
759 733 903 790 εἰμέν
935 746 1004 778 σοι
1029 735 1156 778 δοκεῖ
1186 735 1250 777 ἔτι
1282 728 1432 790 ὥσπερ
1463 730 1577 790 τότε,

155 800 296 860 φάθι·
325 805 366 847 εἰ
390 801 439 846 δὲ
462 797 607 854 ἄλλως
631 817 746 858 πως,
780 801 911 845 τοῦτο
940 797 1155 858 διόρισαι,
1191 796 1250 852 [ὃς
1277 804 1417 857 ἔγωγε
1439 797 1579 846 οὐδέν

156 884 225 916 σοι
249 867 474 926 ὑπόλογον
497 872 700 926 τίθεμαι,
739 865 817 913 ἐάν
851 885 914 926 πῃ
947 865 1059 926 ἄλλῃ
1091 869 1179 914 νῦν
1209 865 1379 926 φήσῃς·
1414 864 1467 913 οὐ
1491 865 1578 927 γάρ

154 934 213 983 ἂν
236 934 527 995 θαυμάζοιμι,
562 940 602 982 εἰ
624 934 723 982 τότε
747 932 1110 995 άποπειρεόμενός
1133 954 1221 994 μου
1245 937 1386 981 ταῦτα
1411 939 1574 994 ἔλεγες.

257 1002 363 1062 Cap.
388 1002 595 1050 XXXIV.
620 1000 738 1050 'Am'
766 1001 852 1060 ἐγώ
871 1016 956 1060 σοι,
983 1008 1085 1062 ἔφη,
1106 1004 1235 1061 λέγω,
1263 997 1297 1048 ὦ
1318 1001 1572 1062 Σώκρατες,
1597 1016 1631 1049 D

155 1070 221 1118 ὅτι
246 1074 387 1118 ταῦτα
411 1070 557 1117 πάντα
581 1070 712 1131 μόρια
735 1072 819 1130 μέν
844 1072 962 1117 ἐστιν
986 1069 1167 1131 ἀρετῆς,
1201 1073 1274 1116 καὶ
1299 1069 1353 1116 τά
1375 1071 1458 1130 μὲν
1481 1073 1578 1118 τέτ-

154 1158 267 1198 ταρα
300 1138 450 1185 αὐτῶν
481 1140 684 1192 ἐπιεικῶς
717 1137 1003 1198 παραπλήσια
1035 1137 1243 1197 ἀλλήλοις
1277 1137 1422 1197 ἐστίν,
1466 1137 1494 1197 ἡ
1529 1139 1580 1185 δὲ

156 1205 343 1266 ἀνδρεία
373 1206 493 1253 πάνυ
530 1205 645 1253 πολὺ
678 1209 894 1265 διαφέρον
934 1206 1116 1253 πάντων
1151 1205 1335 1253 τούτων.
1397 1200 1486 1253 ὦδε
1529 1207 1580 1253 δὲ

155 1273 343 1333 γνώσει,
370 1273 436 1321 ὅτι
464 1274 550 1333 ἐγώ
576 1273 728 1333 ἀληθῆ
750 1276 884 1332 λέγω·
934 1273 1137 1334 εὑρήσεις
1161 1273 1246 1335 γὰρ
1271 1273 1463 1329 πολλούς
1487 1276 1580 1321 ταῖν

156 1340 415 1403 ἀνθρώπων
466 1341 768 1396 ἀδικωτάτους
815 1343 896 1402 μὲν
942 1340 1075 1396 ὄντας
1130 1344 1205 1388 καὶ
1252 1341 1579 1396 ἀνοσιωτάτους

248 1475 287 1508 C.
313 1469 547 1518 ὑπόλογον
568 1472 788 1519 τίθεμαι]
814 1475 913 1508 Vett.
938 1475 1039 1509 editt.
1066 1469 1142 1508 ὑπὸ
1161 1470 1274 1518 λόγον
1290 1487 1322 1508 τ.
1346 1475 1453 1511 Bodl.
1470 1476 1579 1511 vind.

157 1513 233 1553 υπὸ
252 1514 318 1563 λόγ
321 1531 386 1554 ων.
419 1521 535 1553 Recte
553 1520 763 1563 Stephanus
780 1520 875 1554 vidit
891 1519 1122 1553 scribendum
1141 1531 1221 1553 esse
1239 1515 1431 1564 ὑπόλογον
1448 1533 1481 1554 τ.

245 1564 393 1598 ταῦτα
394 1562 588 1620 ἔλεγες]
608 1565 770 1604 Bekker,
789 1565 1018 1607 Stallbaum,
1036 1566 1102 1600 Ast
1121 1576 1140 1598 e
1157 1565 1235 1598 solo
1255 1565 1366 1599 Coisl.
1385 1565 1580 1599 ediderunt

154 1605 278 1642 ταῦτά
292 1621 371 1649 πως
388 1607 525 1654 ἔλεγες.

200 1721 242 1755 Β.
283 1719 408 1760 ἴδιος
443 1715 580 1755 οὐσία
609 1740 656 1745 -
686 1716 827 1755 δύνα-

155 1777 234 1808 μιν
258 1762 473 1810 ἕκαστον]
508 1767 555 1802 Η.
580 1778 612 1802 6.
646 1778 699 1800 311
730 1768 830 1799 11111-

157 1812 312 1853 cuique
333 1812 485 1844 horum
499 1812 720 1845 nominum
733 1813 830 1845 sub-

153 1858 278 1889 iecta
312 1860 378 1889 est
396 1858 582 1899 propria.
611 1857 829 1899 quaedam

154 1903 317 1934 natura
337 1912 387 1934 36
405 1912 475 1934 res
501 1913 622 1934 suam
640 1903 830 1936 sibivim

153 1946 326 1979 habens
344 1949 387 1980 et
405 1947 456 1980 ab
462 1947 829 2000 ‚aliisdiversam.

152 1992 194 2024 P.
213 1993 278 2024 329
297 1991 344 2024 O·
362 1986 473 2025 ταῦτ’
492 1983 562 2026 οὖν
579 1987 678 2026 αὐτοὶ
696 1990 830 2026 δίελθέ

182 2046 219 2070 οι
249 2031 414 2091 ἀκριβῶς
443 2037 495 2091 τῷ
519 2032 636 2090 λόγῳ,
669 2033 831 2093 πότερον

150 2047 197 2115 ἕν
175 2079 282 2134 νμέν
295 2081 335 2114 τί
348 2074 489 2135 ἐστινῆ
508 2076 636 2125 ἀρετή,
655 2077 769 2135 μόρια
787 2080 830 2116 δε

155 2120 275 2169 αυτῆς
308 2121 410 2160 ἔστιν
446 2122 470 2170 ἡ
489 2123 732 2180 δικαιοσυνη
765 2126 831 2161 καὶ

154 2166 378 2223 σωφροσύνη
395 2171 463 2205 καὶ
481 2167 650 2227 ὁσιότης,
676 2167 702 2217 η“
717 2169 830 2206 ταῦτ’

155 2209 299 2249 ἐστὶν
274 2228 298 2249 α
314 2216 385 2250 νῦν
402 2212 451 2260 δὴ
469 2212 564 2273 {yn}
559 2215 688 2272 ἔλεγον
704 2214 832 2252 πάντα

156 2255 327 2314 ὀνόματα
351 2261 419 2295 τοῦ
445 2273 565 2296 αυτου
591 2258 675 2302 ἑνὸς
706 2259 828 2302 ὄντος.

203 2305 243 2340 C.
298 2301 352 2344 ὡς
393 2303 532 2351 ἔγωγε
571 2327 616 2331 -
655 2304 826 2353 φήσῃς]

154 2361 300 2392 neque
335 2352 448 2383 enim
481 2363 503 2385 a
535 2351 577 2386 fie
606 2355 831 2387 rationem

158 2397 305 2438 exigo,
349 2397 387 2428 si
412 2397 518 2439 quid
543 2398 683 2431 aliter
705 2399 832 2431 dixe-

155 2442 235 2473 ris:
298 2441 412 2474 denn
451 2443 517 2475 ich
555 2444 723 2476 rechne
763 2444 831 2476 dir

158 2496 202 2518 es
238 2486 367 2518 nicht
407 2497 477 2528 an,
517 2498 642 2520 wenn
677 2489 728 2521 du
758 2491 828 2521 etc.

154 2531 190 2565 11.
218 2542 248 2565 e.
290 2542 434 2573 neque
477 2534 588 2565 enim
627 2544 721 2566 11163
760 2544 827 2567 16-

155 2576 266 2617 fert3
307 2587 386 2619 ego
417 2578 530 2610 6111111
560 2578 674 2611 nihil
706 2589 829 2618 61110,

158 2621 194 2652 si
220 2622 323 2663 quid
348 2622 490 2655 aliter
512 2623 693 2656 dixeris.
732 2624 829 2657 Vere

156 2664 453 2700 Marklandus
476 2668 599 2702 Lectt.
622 2669 770 2710 Lysiae.
795 2681 828 2712 p.

156 2711 242 2742 442:
266 2706 483 2756 ,,ὗπόλογον
499 2714 700 2747 ποιεῖσθαι
717 2714 829 2748 τοῦτο

162 2759 217 2787 est
244 2755 374 2790 huius
402 2760 469 2791 rei
497 2760 720 2792 rationem
751 2760 829 2792 ha·

157 2799 281 2844 bere,
320 2802 397 2836 fere
439 2814 518 2837 611111
559 2804 829 2848 significatione

900 1723 1221 1755 excusationis
1276 1722 1337 1756 vel
1394 1723 1579 1757 absolu·

899 1766 1080 1801 tionis.“
1130 1769 1228 1803 conf.
1261 1768 1498 1802 Hermann.
1531 1770 1580 1802 ad

897 1813 1056 1848 Lucian
1088 1814 1145 1846 De
1162 1814 1262 1847 Hist.
1282 1824 1424 1849 consor.
1448 1825 1484 1857 p.
1502 1815 1581 1850 318.

899 1858 1020 1890 Stazlb.

940 1902 1036 1953 Cap.
1071 1903 1236 1939 XXXIV.
1284 1905 1330 1936 D.
1365 1898 1580 1956 εὑρήσεις

899 1943 1127 2026 ζέἱξαπείᾆηλ
1136 1945 1580 2037 οθὲἷ1ἰ6ξῖ1ᾶι131ὣὲἓ1ζιέῗ

899 2040 980 2072 11166
1005 2039 1126 2072 dicas:
1166 2039 1220 2071 du
1249 2041 1374 2072 wirst
1404 2042 1581 2073 nemlz'clz

900 2083 1059 2117 finden
1083 2087 1153 2117 ete.
1201 2085 1386 2118 Phaedon.
1414 2096 1448 2128 p.
1467 2085 1578 2118 91A:

899 2124 972 2184 ἐγω
1002 2140 1068 2173 μοι
1107 2129 1208 2163 δοκῶ
1241 2130 1426 2163 τοσοῦτον
1456 2125 1579 2173 μόνον

901 2169 1057 2208 ἐκείνων
1074 2173 1254 2209 διοίσειν·
1275 2187 1321 2208 ου
1339 2170 1411 2219 γὰρ
1427 2194 1474 2198 -
1487 2186 1579 2218 προ-

900 2215 1126 2264 θυμήσομαι
1149 2232 1184 2253 κ.
1211 2232 1242 2253 τ.
1268 2221 1300 2253 λ.
1345 2222 1473 2262 Neque
1497 2224 1578 2254 tan-

899 2268 976 2298 tum
1008 2269 1091 2308 post
1123 2275 1232 2298 voees
1267 2265 1578 2299 demonstrativas

899 2311 960 2343 1116
983 2321 1072 2342 usus
1096 2311 1274 2351 invaluit,
1313 2311 1380 2343 sed
1404 2312 1518 2343 etiam
1540 2312 1580 2343 in

900 2356 986 2388 aliis
1019 2356 1124 2388 locis.
1159 2357 1219 2410 P.
1245 2335 1311 2388 328
1334 2356 1383 2388 B:
1417 2351 1580 2390 ἐπειδὰν

898 2396 970 2444 »γάρ
994 2412 1051 2439 τις
1074 2394 1170 2443 παρ’
1188 2395 1281 2444 ε’μοῦ
1303 2396 1414 2454 μάθῃ
1437 2413 1474 2436 κ.
1492 2413 1524 2434 τ.
1545 2402 1576 2434 λ.

898 2446 1045 2478 Menon.
1078 2456 1113 2497 p.
1133 2447 1175 2478 72
1197 2446 1247 2478 E:
1281 2440 1424 2480 ουκοῦν
1455 2465 1501 2470 -
1533 2445 1578 2498 τῇ

899 2485 1011 2543 αὐτῇ
1017 2486 1118 2534 ἰσχύι
1136 2485 1272 2545 ἰσχυρὰ
1290 2488 1418 2533 ἕςσται
1446 2486 1486 2524 τὸ
1506 2486 1578 2534 γὰρ

898 2535 943 2578 τῇ
962 2530 1060 2590 αὐτῆ
1079 2535 1191 2569 τοῦτο
1204 2533 1315 2589 λέγω.
1356 2537 1442 2569 Mox
1446 2548 1494 2589 p.
1512 2538 1577 2569 351

900 2580 948 2612 C:
981 2570 1052 2623 ἐγω
1075 2576 1147 2625 γὰρ
1172 2578 1285 2625 λέγω,
1310 2576 1408 2614 καθ’
1430 2577 1453 2614 ὃ
1477 2576 1578 2623 ἡδέα

899 2620 1021 2668 ἐστίν,
1045 2627 1110 2660 ubi
1124 2627 1280 2660 voculae
1297 2627 1354 2659 vis
1373 2637 1395 2659 a
1411 2626 1577 2660 librariis

898 2670 1072 2725 neglecta
1088 2673 1216 2705 turbas
1233 2671 1347 2706 dedit.
1365 2691 1407 2695 —
1424 2673 1454 2704 F
1460 2682 1576 2704 ormu-

898 2716 973 2748 lam
999 2712 1044 2759 ἔχ
1054 2727 1072 2750 ε
1095 2712 1152 2760 δή
1185 2717 1388 2758 ‘subsiste,
1413 2720 1576 2758 quaeso’

898 2761 1103 2794 illustravit
1124 2763 1363 2797 Hermann.
1388 2762 1434 2795 ad
1450 2763 1575 2805 Viger.

899 2816 934 2848 p.
953 2808 1029 2840 754.
1056 2806 1176 2840 Stanb.

1206 2861 1259 2902 10
1268 2865 1287 2886 '³‘
