1676 2938
406 209 651 250 GORGIAS.
681 210 725 248 P.
759 211 852 248 520.
885 209 980 248 521.
1010 208 1070 247 ed.
1103 207 1159 248 St.
1395 209 1474 245 323

118 317 260 373 ὥςπερ
288 319 402 374 ἤρξω
431 318 797 373 παῤῥησιοέζεσθαι
823 319 931 371 πρὸς
959 316 1044 372 ἐμέ,
1073 317 1279 359 διατελεῖν
1307 317 1334 357 ἃ
1362 317 1478 365 νοεῖς

117 385 264 439 λέγων.
293 385 365 428 καὶ
391 391 475 427 νῦν
503 381 550 426 εὖ
578 383 649 426 καὶ
676 384 882 438 γενναίως
911 382 1011 425 εἰπέ.
1063 383 1201 424 ΚΑΛ.
1240 380 1365 436 Λέγω
1393 381 1477 423 τοί-

117 466 224 500 νυν,
272 449 336 492 ὅτι
387 451 445 499 ὠς
484 451 809 505 διακονήσοντα.
867 450 968 490 Σῼ.
1024 448 1358 490 Κολακεύσοντα
1394 449 1478 500 ἄρα

119 531 184 571 με,
215 511 248 558 ὦ
275 517 566 570 γενναιότατε,
607 517 877 567 παρακαλεῖς.
937 515 1069 555 ΚΑΛ.
1112 514 1175 555 Εἴ
1211 524 1279 556 σοι
1317 512 1480 554 Μυσόν

121 597 166 635 γε
194 581 318 636 ἥδιον
345 584 500 630 καλεῖν,
532 575 565 622 ὦ
596 581 846 634 Σώκρατες·
888 579 945 629 ὡς
973 579 1009 620 εἰ
1036 578 1094 633 μὴ
1122 579 1257 621 ταῦτα
1285 593 1331 632 γε
1360 579 1479 632 ποιή-

120 657 206 697 σεις
235 671 281 676 -
313 648 414 688 ΣΩ.
445 646 526 700 Μὴ
555 645 676 700 εἴπῃς
704 643 728 687 ὃ
757 645 960 694 πολλάκις
990 645 1182 699 εἴρηκας,
1212 644 1277 685 ὅτι
1304 644 1478 685 ἀποκτε-

119 716 187 754 νεῖ
210 727 261 766 με
295 712 319 754 ὁ
349 712 636 766 βουλόμενος,
667 711 738 753 ἵνα
765 709 822 765 μὴ
853 706 908 752 αὖ
936 710 1007 752 καὶ
1037 709 1120 763 ἐγὼ
1150 710 1254 751 εἴπω
1272 743 1281 760 ,
1312 708 1376 751 ὅτι
1405 724 1478 751 πο-

186 858 226 890 Β.
275 857 338 890 Εἴ
359 867 427 890 σοι
455 855 612 889 Μυσόν
635 855 704 899 γε]
730 859 840 896 μισῶν
864 857 952 888 Ven.
979 855 1019 888 Σ.
1045 855 1148 888 Vind.
1173 854 1205 888 2.
1224 855 1351 888 -Pro
1377 853 1481 898 ἥδιοι

120 904 197 936 Par.
222 903 276 936 W.
301 902 403 935 ἴδιον.
417 903 550 934 ——-P.ar
575 903 612 935 F.
639 903 765 934 καλῶν.
789 901 880 935 Flor.
906 913 951 934 m.
975 902 1097 936 καλεῖς
1125 900 1230 936 Coisl.
1256 902 1480 943 παρακαλεῖν

188 950 258 981 ἵνα
287 945 338 992 μή
369 941 420 981 αὖ
453 946 530 990 έγοῖ
567 947 699 992 είπω]
748 948 790 980 V.
814 941 861 980 αὖ
885 946 941 979 καὶ
967 945 1047 991 ἐγώ.
1081 946 1149 980 Sed
1174 947 1230 980 ua)
1259 957 1339 979 cum
1363 946 1480 979 Clark.

121 994 199 1029 Vat.
225 994 332 1027 Coisl.
355 994 497 1037 plurimi
520 993 582 1026 alii
605 1004 671 1026 om.

167 1122 215 1161 εὖ
240 1128 308 1161 καὶ
333 1127 568 1172 γενναίως]
594 1129 700 1160 bene
725 1132 766 1160 et

122 1174 421 1213 confidenter,
453 1173 567 1206 haud
598 1173 765 1206 timide.

121 1230 153 1252 v.
177 1219 222 1252 ad
223 1230 320 1273 cap.
344 1198 472 1253 XXXI.
497 1219 603 1262 Legg.
629 1230 662 1261 p.
687 1217 763 1252 618.

122 1265 169 1297 C:
195 1276 235 1298 ευ
259 1264 315 1297 καὶ
341 1261 528 1305 αἰδρειως
553 1263 764 1307 1X.p.855.

123 1311 172 1342 A.
199 1304 241 1342 εὖ
256 1322 289 1343 τε
307 1309 362 1343 καὶ
381 1275 766 1365 ἅνδρείως.Ο113.1“1111ᾶ.

122 1354 244 1398 p.160.
258 1356 310 1388 D·
334 1354 413 1387 εἰπὲ
437 1349 478 1388 εὖ
501 1356 557 1387 καὶ
570 1351 766 1410 ἅιδρειως.

123 1401 266 1433 Theaet
288 1411 329 1457 p.
354 1399 430 1435 147.
455 1401 505 1432 D:
541 1394 583 1433 εὖ
614 1401 670 1433 καὶ
703 1398 766 1432 ἄν·

124 1445 252 1488 δρειως
276 1443 488 1488 αποκρίνου.

167 1492 206 1524 Β.
222 1489 564 1524 Κολακεύσοντα
587 1488 673 1532 ἄρα
693 1489 764 1534 με]

123 1537 416 1570 Heindorfius
469 1539 547 1569 ante
602 1535 765 1569 κολακεύ-

127 1592 192 1614 σοι
194 1594 231 1614 τα
249 1582 419 1615 excidisse
442 1581 587 1625 putabat
605 1582 766 1615 voculam

123 1624 435 1671 ‘529.Vu1gatam
465 1626 616 1660 defendit
646 1628 767 1659 Butt—

123 1683 303 1705 mannus
344 1673 481 1706 collatis
511 1673 583 1706 illis
621 1683 652 1715 p.
689 1671 765 1706 514.

169 1763 233 1796 Εἴ
261 1774 331 1796 σοι
366 1760 529 1795 Μυσόν
564 1774 609 1806 γε
643 1760 768 1805 ἣδιον

125 1807 228 1852 καλ.]
287 1808 400 1841 Locus
435 1808 582 1840 multum
612 1812 767 1840 vexatus.

126 1853 370 1886 Cornarius
394 1853 484 1886 coni.
509 1852 544 1885 εἰ
558 1851 605 1896 μή
619 1863 672 1886 σοι
687 1853 766 1885 Mv-

127 1901 200 1931 σῶν
223 1900 410 1942 γίγνεσθαι
436 1897 535 1941 ἥδιον
559 1899 666 1932 λείαν.
698 1898 768 1931 Ca-

125 1943 369 1986 saubonus,
421 1947 506 1976 test-e
555 1943 766 1984 Routhio,

125 1989 229 2022 scribi
258 1990 376 2022 iussit:
409 1989 445 2021 εἰ
471 1986 518 2032 μή
551 1999 603 2021 σοι
629 1989 767 2020 Μυσεῦι

125 2046 164 2077 γε
188 2033 288 2077 ἥδιον
311 2030 405 2068 εἶναι
427 2036 539 2073 λείαν,
574 2034 664 2076 quod
697 2034 768 2076 pla-

126 2081 200 2112 cuit
222 2080 509 2119 Heindorfio,
541 2080 768 2112 Buttman-

126 2135 196 2166 no,
222 2126 309 2158 aliis.
357 2125 530 2158 Videlicet
559 2124 650 2167 apud
681 2125 767 2158 Sui-

127 2170 221 2203 dam
264 2171 427 2214 leguntur
471 2171 572 2203 haec·
629 2171 769 2202 Μυσῶν

127 2216 215 2247 λεία·
257 2218 422 2257 παροιμία
454 2214 510 2248 ἐπὶ
551 2217 620 2248 τῶν
658 2218 768 2249 κακῶς

129 2260 425 2302 διαρπαζομένων
486 2260 530 2295 Οἱ
563 2257 628 2304 γὰρ
669 2263 766 2302 περί-

129 2318 214 2338 οικοι
252 2303 320 2338 κατ’
359 2304 498 2339 ἐκεῖνον
534 2305 596 2338 τὸν
637 2305 769 2348 χρόνον

130 2350 210 2385 τοὺς
235 2348 384 2385 Μυσοὺς
417 2350 606 2393 ἐληΐζοντο.
660 2352 768 2384 Acce-

129 2396 179 2428 dit
190 2396 282 2438 quod
295 2397 388 2428 Tim
400 2407 419 2428 a
430 2407 503 2428 eus
517 2396 629 2430 Gloss.
643 2407 674 2439 p.
691 2395 767 2429 174.

128 2452 205 2476 voe.
243 2443 317 2474 λεία
356 2445 512 2474 recenset
551 2442 587 2473 in
626 2452 768 2474 numero

128 2497 250 2519 vocum
273 2486 551 2528 Platonicamm,
585 2497 689 2528 quum
720 2491 768 2519 ta-

128 2542 206 2564 men
236 2531 339 2564 hodie
367 2542 538 2573 nusquam
572 2531 662 2573 apud
694 2532 769 2564 Pla-

129 2581 245 2610 tonem
267 2577 414 2619 legatur.
448 2576 614 2617 Quocirca
637 2587 680 2609 ex
703 2577 769 2610 hac

128 2633 164 2654 re
187 2621 382 2655 iudicarunt
406 2632 566 2664 magnam
590 2622 769 2654 conciliari

130 2667 385 2700 Gasauboni
421 2667 548 2699 rationi
576 2667 770 2700 verisimili-

128 2711 257 2745 tudinis
287 2713 446 2755 speciem.
508 2712 635 2744 Verum
666 2718 771 2756 negat

131 2756 568 2791 Schleiermacherus
633 2767 770 2800 prover-

834 1126 891 1160 bio
916 1126 969 1159 illi
994 1127 1052 1160 hic
1069 1137 1144 1160 esse
1159 1126 1284 1168 locum,
1309 1125 1481 1169 siquidem

834 1184 916 1205 vera
963 1173 1008 1205 sit
1054 1172 1181 1205 Suidae
1233 1172 1479 1214 interpretatio.

836 1219 951 1259 Quum
976 1219 1068 1250 enim
1092 1218 1264 1250 sententia
1287 1218 1481 1260 requiratur

834 1264 937 1296 haec:
963 1264 1054 1296 nisi
1069 1264 1208 1296 mavis
1226 1263 1480 1306 turpissimi

835 1310 1060 1351 cuiusque
1129 1308 1301 1351 praeda
1371 1318 1480 1348 esse,

835 1358 957 1396 sponte
989 1355 1038 1386 ait
1070 1364 1233 1396 apparere
1262 1354 1410 1386 multum
1436 1354 1479 1385 ab

834 1400 900 1432 11οο
929 1400 1006 1432 1000
1041 1399 1225 1432 abhorrere
1260 1399 1478 1442 grammatici

834 1445 1150 1488 interpretationem
1166 1456 1174 1486 ς
1235 1456 1316 1478 nam
1361 1455 1481 1477 secun-

835 1491 914 1523 dum
953 1491 1057 1523 huius
1096 1490 1302 1523 sententiam
1340 1490 1480 1522 Μυσῶν

835 1538 931 1569 λείαν
969 1536 1039 1568 dici
1073 1536 1280 1578 praedam
1313 1546 1365 1568 ex
1396 1536 1480 1577 My-

835 1582 894 1614 sis
931 1581 1143 1623 ablatam,
1186 1592 1230 1614 ex
1268 1581 1372 1613 huius
1413 1580 1481 1613 loci

834 1627 968 1660 ratione
1003 1637 1077 1659 esse
1110 1626 1234 1659 debere
1273 1637 1294 1669 p
1306 1638 1321 1659 r
1330 1638 1350 1660 a
1361 1638 1378 1659 e
1387 1626 1408 1658 d
1418 1636 1438 1658 a
1446 1637 1479 1657 m

835 1684 856 1705 a
879 1672 1020 1715 Mysis
1054 1677 1195 1705 actam
1227 1676 1267 1704 et
1290 1683 1360 1714 rep
1374 1675 1482 1704 orta-

835 1722 849 1750 t
861 1728 931 1750 am.
981 1718 1152 1759 Quocirca
1185 1718 1206 1750 S
1219 1728 1237 1749 0
1249 1717 1369 1750 hleie
1380 1728 1437 1749 rm
1448 1727 1481 1749 a·

836 1763 886 1795 ch
895 1773 913 1795 e
923 1774 939 1795 r
949 1774 973 1795 u
982 1774 998 1795 s
1028 1763 1115 1795 haec
1145 1764 1388 1805 interpretatur
1411 1763 1479 1795 sic:

845 1807 950 1841 Wemn
973 1808 1021 1841 du
1044 1808 1146 1840 lieber
1169 1808 1224 1840 ein
1241 1808 1373 1851 Mysier
1395 1806 1480 1839 heis-

836 1864 895 1886 sen
911 1853 1025 1895 willst,
1050 1854 1122 1886 h.e.
1136 1853 1281 1886 homin
1293 1865 1352 1885 em
1378 1852 1481 1884 stul-

836 1904 920 1931 tum
963 1909 1013 1931 ac
1055 1909 1071 1931 s
1083 1899 1290 1931 ecordem.
1354 1897 1482 1930 Attulit

836 1943 896 1976 ille
931 1949 1108 1986 praeterea
1138 1945 1165 1976 I.
1205 1945 1232 1976 B
1243 1955 1260 1977 6
1270 1944 1294 1976 k
1304 1943 1328 1975 k
1337 1954 1355 1975 e
1366 1943 1400 1975 ri
1430 1944 1481 1975 in-

836 1990 1118 2031 terpretationem
1148 1989 1257 2022 hanc:
1299 1988 1404 2021 Wenn
1433 1988 1482 2021 du

836 2034 1010 2067 duo-chaus
1058 2035 1122 2067 das
1169 2035 1263 2077 Βίης]
1309 2033 1360 2067 bei
1405 2033 1482 2066 dem

837 2079 1068 2113 schleclztesten
1081 2079 1218 2113 Namen
1229 2090 1363 2112 momen
1373 2078 1480 2120 millet,

837 2125 903 2157 den
925 2137 1008 2157 man
1031 2125 1101 2158 ilzm
1120 2125 1223 2168 yeben
1247 2125 1353 2166 kann,
1379 2135 1481 2166 quam

836 2175 949 2203 tamen
979 2171 1108 2203 fatetur
1139 2170 1205 2203 sibi
1245 2181 1315 2203 non
1347 2170 1482 2202 satisfa-

837 2227 924 2249 cere.
971 2217 1180 2249 Ficinus:
1204 2216 1248 2248 si
1273 2215 1411 2248 mavis
1425 2240 1433 2256 ‚
1452 2225 1480 2256 vo

837 2262 1067 2303 Socrates,
1116 2263 1268 2303 Mysus
1315 2260 1480 2301 vocari,

837 2306 1056 2340 vocabere
1088 2307 1258 2349 utique,
1291 2305 1382 2337 nisi
1411 2305 1481 2337 mi—

837 2352 882 2384 hi
914 2351 1173 2384 credideris.
1229 2351 1403 2383 Astius:
1437 2350 1479 2382 Si

837 2398 1008 2439 Mysum
1033 2397 1173 2429 mavis
1197 2397 1241 2428 in
1271 2396 1479 2428 iudicium

837 2453 1010 2482 vocare,
1046 2442 1244 2481 Socrate,
1276 2445 1381 2474 esto.
1422 2440 1480 2472 Vi-

838 2487 909 2528 des,
935 2491 1066 2529 quanta
1090 2488 1136 2520 sit
1159 2486 1201 2519 de
1225 2487 1294 2519 loci
1317 2487 1480 2528 interpre-

838 2534 967 2565 tatione
980 2532 1149 2565 dissensio
1161 2532 1339 2564 hominum
1357 2531 1481 2564 doctis-

838 2579 1011 2610 simorum.
1035 2579 1108 2610 Iam
1132 2588 1212 2610 vero
1237 2577 1358 2610 audias
1376 2577 1480 2608 etiam

838 2622 1143 2678 Olympiodorum,
1167 2623 1226 2665 qui
1249 2623 1336 2655 haec
1356 2621 1478 2653 habet:

838 2665 881 2699 Ἡ
900 2669 1066 2708 παροιμία
1097 2666 1184 2723 αὕτη
1216 2666 1253 2700 ἐκ
1288 2670 1348 2699 τοῦ
1379 2664 1478 2707 Τηλέ-

841 2725 912 2753 φου
939 2711 1036 2745 ἐστὶν
1060 2710 1273 2755 Εὐριπιδου.
1319 2710 1395 2744 ἐκεῖ
1412 2708 1479 2754 γὰρ

839 2757 952 2801 ἐρωτᾷ
975 2770 1022 2792 τις
1046 2759 1127 2800 περὶ
1155 2761 1214 2790 τοῦ
1242 2755 1400 2799 Τηλέφου
1425 2757 1485 2787 καί

1140 2823 1214 2856 21*
