1696 2976
455 148 872 189 PRoTAeoaAS.
904 149 944 188 Ρ.
964 153 1042 188 330.
1075 150 1154 186 ετ.
1359 132 1362 134 ’
1455 145 1509 188 95

104 264 178 309 καὶ
200 266 279 310 τοῦ
302 262 424 322 ὅλου,
449 262 545 310 ἀλλ’
574 261 602 322 ἢ
624 264 804 322 μεγέθει
828 266 901 310 καὶ
926 262 1199 324 σμικρότητι,
1218 262 1420 316 Ἐκείνως
1437 283 1511 322 μοι

102 335 323 390 φαίνεται,
349 351 382 378 ω
403 330 651 391 Σώκρατες,
671 330 818 390 ὥσπερ
843 331 895 377 τὰ
911 335 990 378 τοῦ
1013 346 1252 390 προσωπου
1268 329 1399 392 μόρια
1424 335 1511 390 ἔχει
1536 345 1564 376 Ε

103 399 212 460 πρὸς
234 399 283 446 τὸ
307 399 412 446 ὅλον
428 399 676 459 πρόσωπον.
705 398 904 458 Πότερον
927 391 1023 458 οὖν,
1048 394 1104 459 ἦν
1128 398 1170 446 δ’
1200 398 1308 459 ἐγώ,
1335 401 1409 445 καὶ
1432 418 1510 458 με-

102 467 462 527 ταλαμβάνουσιν
492 471 537 514 οἱ
565 465 797 527 ἅνθρωποι
827 467 996 514 τούτων
1026 471 1116 514 τῶν
1145 470 1220 527 τῆς
1251 466 1407 527 ἀρετῆς
1430 486 1511 526 μο-

103 541 214 595 ρίων
244 540 291 582 οἶ
319 555 401 595 μεν
423 534 553 594 ἄλλο,
590 539 634 582 οἱ
663 536 711 581 δε
744 533 874 593 ἄλλο,
908 533 935 594 ἢ
961 534 1154 595 ἀνάγκη,
1189 534 1348 594 ἐανπερ
1373 555 1437 589 τις
1461 539 1510 581 ἐν

103 602 233 664 λάβη,
257 603 414 650 ἅπαντ’
445 608 580 663 ἔχειν;
616 601 849 662 Οὐδαμῶς,
875 622 982 662 εφη,
1016 605 1109 650 ἐπεὶ
1134 606 1289 650 πολλοὶ
1312 602 1514 663 ἀνδρεῖοί

103 675 232 729 εἰσιν,
257 670 402 718 ἄδικοι
435 675 505 730 δέ,
538 674 612 718 καὶ
636 676 798 718 δίκαιοι
830 672 908 729 αὐ,
941 674 1083 758 σοφοὶ,
1103 673 1152 718 δε
1176 670 1240 718 οὗ.
1281 670 1402 718 ’Ἐστι
1425 690 1508 730 γαρ

101 741 184 786 οὐν
207 742 280 786 καὶ
303 742 440 786 ταῦτα
464 739 595 800 μόρια
627 742 702 799 τῆς
725 738 896 801 ἀρετῆς,
923 744 1037 798 ἔφην
1062 738 1169 798 ἐγώ,
1203 745 1339 798 σοφία
1363 759 1410 786 τε
1434 741 1508 785 καὶ
1522 757 1587 788 330

101 805 309 868 ἆνδρεια;
336 807 526 856 Πάντων
548 806 735 867 μάλιστα
761 807 920 867 δήπου,
946 812 1051 866 ἔφη·
1086 810 1158 854 καὶ
1176 807 1383 867 μέγιστόν
1407 827 1456 866 γε
1480 806 1507 865 ἡ

101 881 237 934 σοφία
245 880 335 923 τῶν
344 881 523 937 μορίων.
539 873 755 923 Ἕκαστον
772 876 821 922 δὲ
837 874 986 922 αὐτῶν
996 868 1201 934 ἐστιν,ἧν
1220 874 1260 921 δ’
1275 875 1376 934 ἐγώ,
1387 873 1508 932 ἄλλο,

99 941 148 989 τὸ
160 944 210 990 δὲ
232 943 360 1000 ἄλλω
387 938 552 991 ΝαίῘΗ
572 946 645 995 καὶ
670 943 862 1003 δύναμιν
877 942 1025 990 αὐτῶν
1048 947 1234 990 ἕκαστον
1259 948 1379 990 ἰδίαν
1406 949 1509 1002 ἔχει,

100 1010 246 1071 ὥσπερ
270 1011 323 1058 τὰ
338 1015 416 1059 τοῦ
441 1011 701 1072 προσώπου;
727 1011 809 1059 οὐκ
834 1017 952 1059 ἔστιν
975 1011 1206 1071 ὀφθαλμὸς
1221 1009 1318 1058 οἷον
1334 1011 1387 1058 τὰ
1404 1004 1508 1069 ὦτα,

99 1167 202 1200 Bodl.
219 1178 273 1220 pr.
282 1179 327 1200 m.
346 1171 382 1200 et
395 1169 479 1201 Vat.
498 1167 615 1211 Vulgo
633 1166 708 1201 τῶν
725 1161 861 1211 ἑτέρων
877 1163 1048 1212 αλλήλων
1065 1166 1131 1200 καὶ
1149 1166 1215 1201 τοῦ
1233 1161 1345 1209 ὅλους
1363 1167 1428 1200 sed
1438 1178 1509 1221 ap-

98 1216 204 1255 paret
219 1207 394 1255 οἷλλήλων
410 1223 490 1246 esse
507 1215 886 1264 interpretamentum
897 1215 1091 1247 verborum
1119 1212 1165 1246 τά
1182 1210 1302 1266 ,ἕτερα
1331 1212 1404 1246 τῶν
1432 1207 1510 1246 ἕτέ-

98 1270 190 1311 οων,
223 1262 396 1309 recteque
428 1258 500 1291 dici
531 1259 650 1300 potuit
672 1262 737 1290 aut
769 1253 814 1291 τὰ
838 1253 950 1301 μόρια
974 1256 1151 1312 διαφέρει
1169 1253 1343 1310 αλληλων
1358 1255 1424 1291 καὶ
1442 1257 1508 1290 τοῦ

98 1304 204 1345 ολου,
235 1306 298 1336 aut
316 1298 361 1336 τὰ
389 1299 506 1346 μόρια
535 1303 648 1345 διαφ.
679 1298 724 1336 τὰ
749 1300 856 1346 ε’τερα
881 1303 954 1337 τῶν
971 1298 1106 1346 ἑτέρων
1122 1302 1187 1336 καὶ
1206 1303 1272 1336 τοῦ
1290 1297 1393 1337 ολου.
1440 1303 1509 1336 1110

98 1348 202 1381 modo
236 1349 408 1381 Socrates
440 1350 660 1382 sententiam
692 1349 798 1381 huius
831 1349 906 1382 loci
937 1354 1108 1392 repetens
1132 1361 1166 1392 p.
1185 1349 1296 1382 3490
1328 1350 1385 1382 bis
1408 1348 1509 1382 locu-

98 1399 156 1426 tus
175 1398 241 1428 est.

142 1529 186 1562 Ε.
233 1524 695 1580 μεταλαμβανουσιν
725 1548 770 1552 -

97 1570 144 1607 οἴ
158 1570 206 1607 δὲ
223 1565 349 1617 allo]
385 1575 490 1615 Quod
513 1574 768 1617 Stephanus

96 1613 215 1652 ἄλλου
246 1619 440 1661 legendum
472 1620 633 1661 censuit,
673 1620 771 1663 fugit

95 1665 212 1696 virum
252 1665 438 1707 egregium
471 1675 515 1697 ea
546 1666 650 1697 verbi
683 1675 767 1698 con

96 1710 299 1742 structione
323 1709 396 1741 loci
419 1710 639 1742 sententiam
656 1710 767 1753 plane

95 1755 265 1807 perverti.
344 1753 610 1787 Construuntnr
673 1756 769 1787 enim

95 1796 279 1850 μετέχειν,
302 1795 567 1842 μεταδιδόναι,
580 1801 771 1843 μεταλαμ-

97 1839 249 1888 βάνειν,
279 1844 427 1886 aliaque
459 1844 495 1876 id
517 1855 633 1887 genus
656 1846 770 1878 verba

97 1899 178 1921 cum
197 1889 430 1930 accusativo,
463 1890 526 1922 ubi
555 1891 635 1931 quis
659 1891 696 1922 in
712 1901 768 1923 so-

97 1935 271 1966 cietatem
296 1937 333 1966 et
355 1935 622 1976 possessionem
654 1935 770 1968 alicu-

96 1981 153 2012 ius
184 1980 255 2017 rei,
295 1989 389 2021 quae
422 1979 466 2011 de
498 1979 666 2022 pluribus
696 1991 770 2013 una

96 2028 163 2063 est,
187 2025 353 2067 integrae
371 2027 480 2066 atque
493 2025 626 2066 plenae
643 2026 770 2058 venire

96 2070 240 2102 dicitur.
303 2070 408 2110 Quod
446 2070 532 2111 quid
564 2071 635 2102 sibi
667 2070 767 2108 velit,

94 2114 209 2147 liceat
239 2114 403 2156 exemplo
432 2114 554 2156 aliquo
577 2115 768 2147 declarare

94 2159 320 2210 diligentius.
350 2159 464 2192 Recte
481 2159 615 2193 dicitur
627 2158 769 2203 μετέχω

96 2203 171 2238 τῶν
186 2199 403 2257 κτημάτων,
438 2205 523 2247 quia
547 2206 665 2248 ipsum
686 2217 767 2239 ver-

94 2250 179 2282 bum
194 2247 367 2292 μετέχειν
381 2249 568 2292 significat
592 2252 704 2283 etiam
721 2251 766 2283 ab

95 2295 178 2326 aliis
202 2295 375 2327 bonorum
403 2299 546 2338 partem
569 2297 766 2338 possideri.

94 2339 189 2372 unde
215 2339 269 2376 fit,
300 2342 341 2371 ut
361 2340 399 2371 in
422 2339 492 2372 hac
515 2341 766 2383 similibusque

95 2385 292 2417 sententiis
311 2386 497 2416 constanti
512 2395 580 2418 usu
596 2386 766 2428 frequen-

94 2433 193 2462 tetur
209 2439 317 2462 casus
339 2430 532 2462 secundus.
566 2430 637 2463 Sed
654 2442 767 2473 quan—

94 2474 139 2507 do
161 2478 198 2507 te
222 2478 362 2517 partem
384 2474 570 2507 dimidiam
591 2476 767 2508 bonorum

93 2520 273 2562 integram
290 2518 474 2562 possidere
484 2519 691 2562 significare
704 2532 766 2554 vo-

94 2564 224 2603 lueris,
257 2575 329 2597 non
352 2565 486 2617 poteris
496 2565 621 2616 ⁶aliter
643 2565 766 2599 dicere

94 2610 182 2662 nisi
187 2612 259 2642 sie.
290 2606 432 2653 μετέχω
464 2608 537 2642 τῶν
566 2605 767 2664 κτημάτων

96 2650 140 2687 τὸ
155 2647 289 2698 ἥμισυς
322 2654 506 2697 genitivus
532 2657 628 2687 enim
645 2657 682 2688 in
698 2657 767 2688 tali

95 2701 280 2733 sententia
317 2701 463 2742 ineptus
501 2700 608 2734 foret.
646 2701 766 2734 Stallb.

96 2743 152 2775 De
183 2746 354 2787 proximis
384 2745 508 2777 verbis
543 2745 765 2789 Protagorae

96 2798 128 2820 v.
148 2788 194 2820 ad
209 2800 242 2832 p.
259 2792 324 2823 323
342 2791 384 2823 Ε.

140 2833 180 2865 Ρ.
198 2836 275 2867 330.
314 2829 530 2878 μέγιστόν
561 2846 610 2879 γε
640 2830 664 2879 ἡ
697 2846 765 2869 σο-

96 2875 197 2922 φία]
233 2878 423 2914 consentit
443 2881 663 2923 Protagoras
685 2892 765 2914 cum

838 1530 989 1563 Socrate
1015 1533 1159 1563 ceteras
1188 1531 1340 1563 virtutes
1363 1530 1510 1573 sapien-

837 1576 892 1608 tia
910 1587 939 1609 s.
958 1576 1118 1608 scientia
1143 1575 1324 1608 contineri
1339 1575 1506 1608 docente.

870 1636 1091 1676 ‘'Exactov
1123 1641 1171 1676 δὲ
1203 1637 1355 1676 αὐτῶν
1385 1661 1430 1666 —-
1461 1639 1509 1676 τὸ

837 1685 886 1722 δὲ
904 1682 1094 1743 &azoLIL
1106 1700 1137 1721 e.
1156 1683 1283 1722 αὐτῶν
1300 1685 1510 1722 &igumenon

839 1729 879 1766 τὸ
913 1745 982 1776 μεν
1012 1734 1103 1766 αλλο
1130 1729 1227 1775 ἐστι’,
1261 1730 1302 1767 τὸ
1336 1730 1379 1767 δε
1403 1727 1506 1766 allo.

836 1779 978 1810 Phileb.
1003 1789 1038 1821 p.
1061 1780 1103 1810 56
1127 1780 1178 1813 D:
1221 1778 1274 1821 πῇ
1306 1789 1396 1812 ποτε
1429 1778 1511 1811 διο-

838 1834 1145 1924 &faffzz‘iq‘ssig
1162 1817 1506 1924 ιῖλὲἒῖρμἧξέιῄῗῖ

838 1915 872 1946 h.
892 1925 922 1946 e.
941 1926 1033 1956 την
1029 1925 1097 1947 ιιεν
1113 1908 1245 1957 ἄλλην,
1275 1909 1345 1957 τὴν
1363 1910 1406 1947 δε
1423 1908 1504 1947 ἄλλ.

838 1960 976 1992 Eodem
993 1959 1095 1991 modo
1118 1970 1153 2002 p.
1171 1961 1237 1992 320
1254 1959 1282 1991 B
1302 1963 1337 1992 et
1354 1960 1453 1991 infra
1470 1970 1505 2001 p.

838 2005 962 2037 331Β
987 2015 1021 2046 p.
1040 2005 1163 2037 334A.
1183 2015 1219 2046 p
1236 2006 1360 2037 34313.
1386 2016 1420 2046 p.
1439 2007 1505 2037 355

838 2050 883 2081 D.
916 2049 1074 2092 Sophist.
1098 2061 1133 2092 p.
1151 2049 1275 2082 221E.
1307 2049 1452 2082 Politie.
1469 2061 1504 2092 p.

838 2096 901 2127 291
934 2095 975 2127 Ε.
1015 2095 1059 2126 de
1098 2095 1189 2137 Rep.
1226 2106 1262 2137 p.
1293 2096 1357 2128 451
1391 2095 1432 2129 E.
1470 2106 1503 2128 v.

839 2139 981 2172 Sehae
993 2139 1072 2172 fer.
1093 2140 1367 2172 adLamb.Bos.
1386 2142 1505 2182 p.329.

837 2185 1068 2219 Hermann.
1107 2185 1153 2217 ad
1197 2186 1320 2227 Viger.
1359 2196 1396 2227 p.
1427 2186 1505 2217 699.

836 2230 1061 2262 Heusdius
1095 2229 1251 2272 Specim.
1286 2230 1373 2262 Crit.
1399 2241 1433 2272 p.
1452 2231 1506 2264 76.

834 2275 957 2308 Stallb.

880 2336 961 2375 οὐκ
996 2339 1121 2375 ἐστιν
1160 2337 1422 2396 ὀφθαλμὸςᾸ
1458 2342 1505 2375 11-

834 2387 992 2420 lustrant
1007 2388 1100 2419 haec
1116 2381 1357 2440 verbamonsp
1374 2399 1421 2420 τοι
1439 2388 1505 2421 τοῦ

834 2427 1052 2475 προσώπου,
1097 2433 1252 2474 ideoque
1291 2427 1505 2471 ασυνδέτως

836 2477 960 2510 addita
985 2481 1080 2509 sunt.
1127 2478 1169 2509 In
1198 2478 1370 2520 proximis
1394 2478 1503 2511 Stall-

833 2523 1001 2555 baumius
1031 2522 1327 2574 distinguendum
1345 2525 1506 2555 censuit·

835 2560 896 2619 ἆρ’
921 2558 991 2599 οὖν
1012 2561 1109 2599 ου’τω
1131 2566 1197 2600 καὶ
1220 2563 1266 2600 τοὶ
1279 2567 1351 2623 τῆς
1368 2563 1504 2621 ἀρετῆς

833 2608 956 2668 μόρια
966 2610 1032 2652 (sc.
1043 2609 1168 2667 8⁹:380·
1186 2607 1255 2646 οὐκ
1274 2610 1350 2646 ἔστι
1368 2609 1408 2645 τὸ
1427 2610 1504 2645 ε’τε-

833 2667 900 2699 ρον
915 2653 998 2689 οἷον
1014 2652 1055 2690 τὸ
1069 2668 1209 2701 ετερον,
1227 2658 1503 2700 etprobathane

831 2702 1024 2735 verborum
1039 2703 1310 2736 distinctionem
1319 2704 1443 2734 Astius
1457 2703 1503 2734 ad

833 2747 866 2781 h.
886 2747 920 2779 l..
945 2747 1009 2779 sed
1031 2748 1154 2780 obstat
1177 2747 1331 2779 formula
1354 2740 1379 2790 ἢ
1402 2746 1502 2791 δῆλα

833 2785 922 2834 δή”
898 2803 970 2834 οτι,
989 2803 1082 2834 quae
1100 2803 1171 2824 non
1194 2792 1266 2823 nisi
1289 2796 1373 2834 post
1389 2794 1502 2825 inter-

833 2838 1078 2878 rogationem,
1117 2837 1163 2869 ad
1202 2847 1307 2879 quam
1346 2839 1502 2871 nondum

830 2892 1040 2924 responsum
1054 2886 1120 2925 est,
1137 2883 1305 2916 infertur.
