1696 2976
156 105 230 147 *92
719 114 1014 152 PLATONIS

119 233 149 264 Ε
174 224 253 269 λοῦ
276 221 358 283 γὰρ
381 227 585 284 ποιοῦμαι
619 224 850 285 ἀκηκοέναι
873 225 901 273 ἃ
930 227 1095 288 ἀκήκοα
1118 232 1424 292 Πρωταγόρου.
1471 234 1556 292 ἐγώ

174 291 256 348 γὰρ
280 292 328 335 ἐν
349 291 431 350 μὲν
460 295 519 354 τῷ
544 297 794 352 ἔμπροσθεν
823 293 965 358 χρόνῳ
996 294 1194 356 ἡγούμην
1223 297 1304 345 οὐκ
1334 300 1447 347 εἶναι
1476 299 1555 348 ἇν-

173 361 406 415 θρωπίνην
430 361 692 418 ἐπιμέλειαν,
715 354 744 420 ᾖ
766 364 812 407 oc
830 360 991 420 ἀγαθοὶ
1013 361 1174 422 ἀγαθοὶ
1195 370 1438 424 γύγνονται·
1472 371 1556 414 νῦν

173 423 222 469 δὲ
245 426 488 483 πέπεισμαι.
521 425 636 484 πλὴν
659 428 842 487 σμικρόν
870 435 915 475 τί
933 449 1005 488 μοι
1030 430 1252 490 ἐμποδών,
1287 430 1311 479 ὃ
1334 436 1470 492 δῆλον
1490 433 1557 481 ὅτι

172 491 465 551 Πρωταγόρας
504 495 667 553 ῥᾳδίως
703 495 994 555 ἐπεκδιδάξει,
1041 497 1191 556 ἐπειδὴ
1221 500 1293 545 καὶ
1330 499 1382 546 τὰ
1419 500 1556 547 πολλὰ

171 560 304 603 ταῦτα
337 561 565 614 ἐξεδίδαξε.
614 562 686 607 καὶ
717 560 799 621 γὰρ
831 567 873 609 εἰ
898 564 980 622 μέν
1002 582 1066 618 τις
1096 565 1195 623 περὶ
1219 565 1364 614 αὐτῶν
1390 566 1557 615 τούτων

93 642 157 673 3⁴29
172 626 426 682 συγγένοιτο
449 625 616 689 ὁτῳοῦν
637 630 725 675 τῶν
748 629 1022 689 δημηγόρων,
1045 630 1138 690 τάχ’
1165 629 1220 679 ἂν
1243 634 1315 679 καὶ
1337 633 1556 688 τοιούτους

171 690 328 749 λόγους
350 691 580 741 ἀκούσειεν
604 692 630 753 ἢ
654 699 917 755 Περικλέους
941 694 968 755 ἢ
986 696 1122 744 ἄλλου
1143 698 1259 753 τινὸς
1281 703 1371 747 τῶν
1393 704 1557 748 ἱκανῶν

172 762 313 805 εἰπεῖν
326 772 334 779 ”
362 765 404 806 εἰ
418 761 466 806 δὲ
491 761 740 821 ἐπανέροιτό
762 763 859 809 τινά
875 783 930 821 τι,
951 762 1095 824 ὥσπερ
1114 771 1264 824 βιβλία
1280 765 1414 814 οὐδὲν
1430 773 1556 827 ἔχου-

171 840 243 871 σιν
274 824 374 872 οὔτε
405 826 730 887 ἀποκρίνασθαι
759 827 858 876 οὔτε
890 829 1013 878 αὐτοὶ
1039 834 1241 891 ἐρέσθαι,
1271 831 1367 880 ἀλλ’
1394 833 1472 881 ἐάν
1492 854 1555 889 τις

170 894 243 938 καὶ
265 893 448 954 σμικρὸν
473 895 723 956 ἐπερωτήσῃ
748 916 789 942 τι
812 900 900 945 τῶν
923 900 1167 957 ῥηθέντων,
1209 899 1355 959 ὥσπερ
1378 900 1431 947 τὰ
1455 907 1560 960 χαλ-

171 970 267 1006 usca
290 963 508 1019 πληγέντα
530 962 698 1022 μακρὸν
721 961 818 1022 ἠχεῖ
848 966 921 1010 καὶ
943 963 1183 1024 ἀποτείνει,
1220 967 1298 1013 ἐὰν
1320 967 1378 1026 μὴ
1410 966 1559 1014 ἐπιλά-

258 1092 299 1124 Ε.
325 1083 347 1135 ᾖ
365 1088 410 1125 οἱ
424 1087 599 1135 ἁγαθοὶ
624 1087 797 1147 ἀγαθοὶ
813 1093 864 1138 γ.]
883 1095 942 1128 Sic
959 1095 1091 1130 Stallb.
1110 1107 1189 1130 eum
1212 1097 1313 1133 codd.
1335 1099 1479 1142 optimis
1496 1109 1555 1132 ne-

170 1146 237 1189 que
269 1146 413 1170 numero
444 1138 582 1180 paucis,
612 1139 654 1173 V.
687 1150 711 1180 ῃ
743 1133 886 1182 ἀγαθοὶ
918 1136 957 1173 οἱ
985 1135 1045 1183 οἷγ.
1077 1141 1179 1177 Bodl.
1202 1143 1285 1176 Vat.
1310 1134 1332 1186 ᾗ
1355 1137 1509 1186 ἀγαθόν
1523 1140 1563 1177 οἷ

168 1178 390 1260 «wig-2529·
416 1225 589 1270 βιβλία]
609 1227 713 1260 Bodl.
732 1230 768 1260 et
783 1228 864 1261 Vat.
884 1227 1032 1272 βυβλία.
1079 1230 1220 1263 Deinde
1237 1225 1391 1274 δόλιχον
1407 1231 1558 1274 Stepha-

169 1280 234 1302 nus
251 1271 489 1312 probantibus
506 1271 675 1304 Meineke
692 1272 837 1316 Fragm.
854 1272 951 1307 Com.
973 1274 1101 1308 Graec.
1118 1274 1184 1309 111.
1201 1286 1235 1318 p.
1252 1276 1330 1308 366.
1363 1275 1506 1319 Sauppe
1524 1278 1561 1310 et
1581 1293 1591 1299 ·

169 1315 363 1348 Deuschle.
396 1315 499 1348 Libri
516 1311 680 1359 δολιχὸν.

168 1427 309 1459 immem
335 1437 351 1458 r
372 1427 541 1459 Meineke
557 1428 699 1470 Fragm.
734 1427 832 1463 Com.

170 1471 300 1504 Graec.
335 1471 365 1506 1.
380 1482 413 1514 p.
430 1473 473 1504 47
490 1471 651 1504 levitatis
666 1472 832 1505 Photium

167 1517 313 1548 incusat
327 1519 509 1558 negatque
527 1509 599 1549 ὦδε
617 1516 833 1559 apudbonos

168 1560 359 1603 scriptores
382 1571 445 1603 pro
463 1559 575 1603 δεῦρο
598 1561 658 1593 vel
689 1556 831 1594 ἐνθάδε

167 1615 333 1638 invenm.

212 1652 255 1684 E.
298 1642 322 1694 ᾗ
359 1645 404 1682 οἱ
444 1643 619 1691 ἁγαθοὶ
656 1643 831 1691 ἁγαθοὶ

168 1695 239 1739 γίγ
249 1693 299 1738 v]
318 1695 424 1727 Hanc
437 1695 648 1737 scripturam
665 1705 728 1726 nos
747 1705 831 1736 quo-

167 1750 237 1782 que
244 1736 417 1783 vulgatae
425 1739 680 1782 praeferimus;
693 1739 832 1771 nullam

170 1786 263 1818 enim
279 1784 442 1817 videmus
460 1795 625 1822 causam,
649 1793 712 1815 eur
727 1794 831 1826 prae-

168 1830 326 1862 dicatum
358 1823 507 1871 οέγαθοί
525 1829 558 1861 h.
584 1830 607 1862 1.
631 1838 830 1872 praepona-

166 1878 236 1912 tur,
253 1874 347 1916 quod
362 1875 399 1906 vi
415 1884 482 1906 sua
495 1873 585 1907 adeo
599 1885 669 1907 non
686 1874 832 1914 eminet,
861 1902 864 1906 ,

168 1921 208 1952 ut
238 1919 338 1951 nullo
377 1919 580 1951 sententiae
618 1918 832 1952 detrimento

167 1963 227 1996 vel
243 1963 359 1995 omitti
374 1964 500 2005 possit.
530 1974 564 1996 v.
582 1962 628 1995 ad
659 1975 693 2006 p.
706 1964 771 1997 344
786 1963 831 1996 D.

167 2008 223 2041 De
240 2008 423 2040 sententia
439 2018 472 2040 v.
492 2007 536 2040 ad
553 2018 587 2049 p.
606 2009 670 2041 319
686 2009 727 2041 Β.

213 2045 530 2094 ἒπεκὸιδάξει]
564 2051 659 2084 Euth
710 2053 763 2086 hr.
796 2062 829 2094 p.

169 2098 188 2129 7
203 2096 249 2128 A:
285 2090 380 2130 ἀλλὰ
403 2092 448 2129 σύ
472 2095 591 2138 δῆλον
604 2090 665 2129 ὅτι
701 2097 831 2131 neusc-

169 2136 309 2183 δείξεις,
368 2135 416 2179 ὡς
471 2137 572 2173 ἔστιν
623 2136 752 2184 ἀληθῆ
806 2134 831 2174 ἃ

169 2183 207 2219 λε’
236 2196 267 2219 ει
294 2211 301 2218 .

211 2197 252 2262 ᾗ.
270 2197 344 2263 329.
363 2221 479 2263 ὥσπε
526 2228 681 2272 βιβλία
695 2223 831 2263 οὐδὲν

170 2271 326 2318 ἔχουσι
359 2293 399 2297 -
433 2268 477 2316 ἐρ
511 2272 636 2316 σθαι]
677 2273 830 2317 Saepius

169 2319 338 2352 Socrates
391 2319 429 2351 iu
478 2319 550 2351 bac
603 2320 828 2360 quaestione,

169 2373 276 2406 quam
348 2363 392 2395 de
451 2364 623 2395 virtutum
683 2363 831 2396 coniun-

171 2408 290 2441 ctione
334 2410 370 2440 et
417 2408 684 2450 conspiratione
727 2408 830 2440 insti—

167 2453 251 2494 tuit,
283 2452 522 2484 concionandi
546 2455 582 2484 ct
605 2451 831 2494 colloquendi

168 2497 362 2530 discrimen
389 2499 565 2528 memorat
598 2499 633 2528 et
659 2496 831 2539 Protago-

170 2552 264 2582 ram,
303 2541 366 2583 qui
402 2541 590 2582 utriusque
624 2540 831 2583 disputandi

169 2586 312 2628 generis
328 2586 376 2618 sit
390 2585 541 2627 peritus,
563 2588 684 2627 rogat,
708 2588 748 2618 ut
763 2585 831 2619 hoc

168 2631 260 2663 velit
275 2631 330 2662 uti
345 2631 367 2664 i.
379 2640 409 2662 e.
428 2632 468 2661 ut
479 2629 596 2670 longis
609 2629 832 2662 orationibus

168 2675 287 2708 missis
314 2674 473 2707 breviter
499 2673 558 2706 vel
586 2674 832 2716 respondendo

168 2719 227 2752 vel
244 2717 499 2762 interrogando
514 2727 695 2751 semones
711 2728 832 2751 secum

171 2764 347 2797 conferat.
370 2764 440 2796 Pro
456 2757 570 2796 οὐδὲν
581 2759 730 2805 ἔχουσιν
746 2756 831 2796 οὔτε

169 2802 301 2853 duone.
320 2802 407 2841 οὔτε
424 2802 578 2853 ἐρέσθαι
587 2807 744 2840 breviter
759 2807 832 2840 diei

899 1429 1017 1471 potuit
1046 1423 1114 1462 οὐκ
1143 1424 1361 1464 ἐπίστανται
1393 1429 1559 1474 διαλέγε-

900 1473 1007 1506 σθαι.
1042 1473 1178 1517 Cratyl.
1222 1499 1229 1506 .
1246 1477 1312 1509 390
1328 1475 1373 1508 C:
1391 1471 1458 1509 τὸν
1473 1470 1559 1518 ἔρω-

900 1517 971 1551 τᾶν
985 1515 1051 1569 ³⁰¹²
1067 1512 1187 1561 α’ποκρ
1206 1519 1342 1553 νεσθαι
1365 1514 1560 1570 ἐξιστάμε-

900 1572 966 1596 νον
981 1563 1071 1595 αλλο
1095 1574 1130 1595 τι
1153 1559 1198 1596 σύ
1221 1565 1348 1602 καλεῖς
1371 1575 1394 1606 η
1433 1562 1559 1598 διαλε-

898 1601 1046 1646 κτικόνς
1070 1599 1164 1648 Οὔκ,
1183 1602 1279 1640 ἀλλὰ
1308 1607 1429 1641 τοῦτο.
1461 1608 1559 1642 Male

899 1650 989 1683 haec
1007 1651 1119 1683 verba
1136 1652 1334 1694 accipiunt,
1366 1653 1428 1694 qui
1440 1656 1560 1686 orato-

900 1705 957 1727 res
974 1704 1080 1736 quum
1097 1695 1311 1739 interrogati
1328 1697 1402 1729 sint
1417 1698 1559 1731 omnino

899 1743 1023 1771 tacere
1061 1740 1296 1781 arbitrentur-3
1341 1741 1561 1784 respondent

899 1783 973 1825 illi,
1005 1784 1069 1816 sed
1101 1795 1170 1817 non
1204 1785 1248 1817 ad
1282 1795 1325 1817 ea
1342 1796 1436 1828 quae
1454 1796 1497 1819 ex
1514 1786 1560 1819 iis

900 1829 1069 1869 quaesita
1091 1832 1195 1861 erant
1215 1839 1332 1871 neque
1355 1831 1424 1869 ita,
1447 1833 1488 1863 ut
1508 1831 1560 1863 in-

898 1874 1119 1915 terrogantis
1149 1873 1358 1907 intellectus
1385 1875 1561 1908 rationem

899 1917 1077 1959 habeant,
1101 1921 1320 1961 quapropter
1340 1919 1444 1952 libris
1461 1920 1558 1953 simi-

898 1961 950 1994 les
980 1961 1166 2002 dicuntur,
1197 1973 1232 1996 v.
1262 1963 1414 1997 Phaedr.
1443 1974 1477 2007 p.
1495 1965 1560 1997 2⁷5

898 2006 930 2038 D
948 2016 1043 2048 sqq.,
1061 2008 1424 2051 semperquelongam
1439 2018 1560 2041 rursus

898 2051 1097 2084 orationem
1113 2051 1310 2086 ordiuntur.

942 2090 1117 2138 μακρὸν
1146 2089 1266 2139 ἠχεῖ]
1305 2096 1479 2130 Neutrum
1501 2107 1557 2130 eo-

898 2138 978 2171 dem
994 2139 1097 2172 modo
1107 2149 1185 2172 eum
1203 2141 1417 2174 aliisverbis
1433 2151 1559 2174 sonum

898 2183 1076 2224 quendam
1103 2184 1392 2227 significantibus
1413 2186 1559 2219 coniun-

896 2227 1009 2270 gitur-3
1040 2237 1151 2270 supra
1182 2240 1215 2271 p.
1232 2231 1298 2262 310
1313 2229 1342 2262 B
1375 2229 1419 2273 τῇ
1451 2228 1559 2274 φωνῇ

897 2268 992 2314 μέγα
1031 2269 1164 2315 λέγων,
1197 2285 1229 2316 p.
1261 2275 1326 2307 334
1356 2274 1388 2307 D
1432 2274 1560 2317 μεῖζον

899 2312 1156 2359 φθέγγεσθαι.
1203 2318 1360 2361 Euthyd.
1390 2329 1425 2361 p.
1447 2320 1513 2352 305
1529 2317 1557 2350 B

898 2356 1146 2437 mpsygo'psvoe
1162 2360 1559 2414 καὶβοῶπαμέγιξων

897 2415 943 2437 τα
960 2414 996 2437 σι
1026 2399 1113 2448 η’ρια
1130 2403 1288 2450 λέγεται,
1306 2401 1372 2440 ἐάν
1387 2417 1443 2445 τις
1457 2411 1557 2456 wy-

898 2460 973 2501 ·ξαι,
991 2453 1158 2483 etnotum
1171 2451 1400 2484 Homericum
1414 2460 1558 2493 μακρόν

897 2496 1040 2527 αυτεῖν.

943 2533 1195 2582 ἀποτείνει]
1227 2539 1281 2571 Ad
1311 2539 1379 2572 hoo
1409 2539 1557 2572 verbum

898 2593 942 2615 ex
965 2583 1266 2624 praecedentibus
1286 2583 1398 2616 facile
1420 2583 1557 2616 inteni-

897 2637 962 2669 gas
979 2623 1048 2670 τὴν
1063 2622 1170 2671 ἦχήν.
1188 2627 1362 2661 Similiter
1374 2628 1452 2661 sine
1470 2638 1558 2661 casu

900 2675 936 2703 et
952 2672 1116 2705 absolute
1133 2673 1288 2715 positum
1309 2672 1416 2715 Gorg.
1468 2696 1475 2704 .
1492 2674 1558 2706 458

899 2715 945 2747 B:
977 2714 1042 2749 καὶ
1074 2716 1145 2750 νῦν
1175 2715 1261 2755 ἴσως
1282 2711 1407 2759 πόρρω
1422 2682 1557 2751 εἴποτε-

899 2759 1049 2802 νοῦμεν,
1083 2754 1129 2803 ἦν
1157 2755 1434 2806 διαλεγόμεθα,
1466 2762 1490 2795 i.
1523 2771 1555 2796 e.

897 2801 1232 2850 μακρολογήσομεν.
1292 2806 1448 2840 Verbum
1477 2799 1558 2841 ἐπι·
