1696 2976
510 80 582 116 AD
609 77 1040 116 PROTAGORAM.
1450 75 1504 118 19

86 192 146 238 sit,
167 195 251 232 tum
270 190 375 231 haud
405 189 522 231 dubie
550 191 719 243 pertinet
746 190 856 230 locus
884 202 922 242 p
945 193 1026 235 350
1045 192 1095 230 A:
1143 189 1270 238 Τίνες
1297 183 1386 230 ἀπὸ
1413 190 1504 230 τῶν

86 246 238 288 ἵππων
258 247 471 300 πολεμεῖν
489 244 733 302 θαρραλέοι
762 246 869 293 εἰσί;
903 244 1095 311 πότερον
1122 244 1170 286 οἱ
1186 245 1373 299 ἱππικοί,
1404 241 1434 300 ἢ
1462 246 1510 287 οἱ

87 302 300 373 ἄφιπποι;
326 302 388 344 Οἱ
404 303 589 346 ἱππικοί.
645 304 773 351 Τίνες
799 302 849 343 δὲ
877 299 1036 351 πέλτας
1055 303 1248 357 ἔχοντες;
1278 302 1327 344 οἱ
1341 304 1505 344 πελτα-

87 361 245 412 στικοί,
267 356 297 414 ἦ
317 359 366 401 οἱ
379 357 459 414 μή;
494 360 557 402 Οἱ
570 360 863 401 πελταστικοί
925 361 1021 401 Cum
1051 361 1246 414 equitibus
1273 362 1394 412 igitur
1422 361 1504 413 pel-

87 425 209 459 tastae
231 424 427 471 tamquam
448 418 613 459 alterum
635 420 837 470 copiarum
866 430 990 469 genus
1020 418 1188 469 exempli
1215 430 1332 458 causa
1351 430 1506 471 ponun-

86 482 170 520 tur,
193 481 235 516 ut
255 475 505 527 intelligatur,
529 481 720 527 quantum
740 475 859 514 animi
881 476 995 515 etiam
1017 476 1056 514 in
1074 475 1177 515 hello
1194 475 1311 515 addat
1333 476 1504 515 scientia.

87 533 206 573 Cuius
226 535 283 572 rei
304 532 527 584 exemplum
548 545 570 572 a
589 531 762 584 peltastis
791 544 877 571 mea
906 532 1064 583 quidem
1094 533 1287 573 sententia
1317 533 1398 584 peti
1425 544 1506 571 non

87 594 175 629 ante
195 590 334 642 potuit,
357 601 474 642 quam
493 589 708 642 Iphicrates
735 589 783 628 iis
812 589 934 640 copiis
962 588 1078 640 plane
1107 601 1206 629 nova
1234 590 1386 629 ratione
1413 601 1507 628 usus

88 652 161 686 est.
212 645 249 685 1s
269 651 401 686 autem
423 658 543 699 quum
563 658 612 686 eo
628 658 744 692 anno,
766 658 883 698 quem
899 647 1026 696 posui,
1049 651 1087 685 et
1102 645 1175 686 alia
1190 647 1388 698 pedestria
1397 657 1507 686 arma

85 708 273 743 mutasset
293 709 331 743 et
349 702 493 755 peltam
514 704 595 743 sive
629 707 801 743 caetram
821 715 895 755 pro
917 702 1043 754 clipeo
1077 704 1233 744 fecisset
1243 701 1312 754 ²4),
1347 708 1508 756 praeter

87 765 240 800 ceteros
261 760 382 801 duces
402 760 440 800 id
451 772 613 812 operam
629 760 747 806 dedit,
767 766 811 800 ut
831 760 982 800 ratione
994 758 1136 800 milites
1153 772 1262 800 arma
1277 765 1505 806 tractarent,

86 829 164 869 quo
184 817 330 857 factum
351 822 420 864 est,
441 823 486 857 ut
505 818 679 857 omnium
700 829 770 869 spe
789 815 941 857 felicius
969 829 1055 857 rem
1075 822 1245 868 gereret,
1267 830 1302 857 v.
1326 816 1506 870 Xenoph.

87 873 277 914 Hellenic.
299 873 360 914 lv.
382 879 419 921 5,
443 878 509 917 14.
548 874 607 914 Ad
627 873 723 914 illud
743 873 950 927 Iphicratis
976 873 1206 921 institutum,
1230 874 1336 927 quod
1356 886 1428 926 per
1448 879 1508 914 to-

87 936 165 970 tam
197 932 401 971 Graeciam
436 929 731 977 celebrabatur,
769 935 963 984 spectant‚
999 933 1162 983 opinor,
1201 931 1301 972 haec
1334 931 1509 971 Platonis

87 986 218 1033 verba,
239 987 343 1028 unde
363 987 405 1027 id
424 988 510 1028 iure
530 987 645 1028 nobis
674 988 851 1028 videmur
879 987 1084 1039 colligere,
1115 988 1375 1040 Protagoram
1404 1000 1507 1028 anno

88 1044 245 1085 circiter
264 1045 540 1085 trecentesimo
561 1044 945 1096 duodenonagesimo
962 1043 1102 1085 litteris
1116 1045 1387 1096 consignatum
1409 1057 1507 1085 esse.

199 1101 256 1142 Eo
277 1113 380 1141 anno
402 1113 479 1141 non
508 1101 627 1141 modo
648 1101 884 1153 Protagoras
911 1106 949 1142 et
969 1101 1171 1149 Socrates,
1200 1102 1269 1141 sed
1289 1103 1423 1154 paucis
1444 1115 1509 1142 ex-

89 1159 222 1210 ceptis,
244 1159 285 1198 in
306 1157 448 1210 quihus
469 1157 608 1198 Callias
628 1158 712 1204 suit,
742 1170 879 1199 omnes
907 1158 974 1210 qui
1001 1157 1160 1198 illorum
1188 1160 1367 1199 sermoni*
1388 1160 1510 1199 inter-

90 1215 210 1255 fuisse
245 1215 448 1262 dicuntur,
485 1227 506 1254 e
540 1216 616 1254 vita
647 1215 725 1255 iam
755 1219 1016 1255 excesserant.
1077 1215 1212 1267 Longe
1240 1216 1345 1256 enim
1373 1215 1510 1256 abillo

90 1277 267 1323 tempore
301 1271 338 1311 id
370 1271 566 1311 diversum
595 1276 672 1317 est,
710 1284 787 1324 quo
808 1271 917 1311 Plato
952 1272 1057 1311 hunc
1085 1284 1309 1312 sermonem
1332 1272 1511 1312 habitum

90 1340 176 1368 esse
196 1329 318 1380 fingit.
360 1327 579 1368 Videndum
600 1329 719 1379 igitur
740 1340 844 1368 nunc
866 1334 935 1373 est,
959 1329 1064 1381 quod
1093 1328 1169 1369 sibi
1189 1334 1345 1382 tempus
1366 1342 1510 1382 propo-

90 1386 232 1431 suerit,
269 1396 347 1437 quo
381 1384 562 1430 homines
596 1384 649 1424 illi
675 1386 797 1425 totius
827 1385 1013 1425 Graeciae
1042 1385 1249 1425 clarissimi
1276 1386 1325 1426 ad
1353 1385 1511 1427 Calliam

92 1442 320 1482 convenisse
350 1441 426 1481 dici
446 1447 618 1507 possent.
659 1442 884 1482 Athenaeus
903 1454 942 1493 p.
966 1445 1048 1486 218
1078 1455 1126 1482 ex
1155 1442 1404 1509 Hippocratis
1424 1455 1510 1483 ver-

91 1498 169 1538 bis:
201 1498 264 1538 ἔτι
281 1494 369 1551 γὰρ
400 1503 503 1545 παῖς
530 1489 571 1551 ἦ,
604 1494 676 1537 ὅτε
696 1494 746 1538 τὸ
779 1495 1057 1552 πρότερονῖὅ)
1095 1494 1346 1553 ἐπεδήμησε
1368 1500 1511 1553 (Πρω-

89 1548 305 1608 ταγόρας),
327 1556 545 1607 quaeinitio
556 1554 698 1607 (1131οσ1
710 1556 853 1607 scr1pta
874 1556 1136 1601 inveniuntur,
1159 1557 1263 1596 exiis
1282 1557 1400 1608 igitur
1418 1570 1511 1597 con-

92 1611 224 1658 cludit,
248 1611 507 1663 Protagoram
528 1611 702 1652 secundo
723 1612 892 1652 adventu
912 1612 1073 1653 Athenis
1094 1618 1314 1654 morantem
1337 1613 1442 1653 hunc
1463 1615 1511 1654 de

91 1669 232 1710 virtute
252 1680 476 1709 sermonem
500 1681 590 1709 cum
612 1669 773 1709 Socrate
795 1669 990 1709 habuisse.
1032 1669 1163 1716 Quare
1184 1682 1306 1723 quum
1329 1670 1512 1711 Socrates

91 1726 207 1765 tertio
227 1726 305 1765 iam
335 1725 398 1765 die
418 1728 626 1778 postquam
654 1725 718 1766 ille
740 1726 907 1772 advenit,
937 1738 1026 1766 cum
1047 1726 1287 1778 Hippocrate
1309 1739 1398 1767 eum
1419 1740 1513 1767 con-

92 1782 244 1823 venisse
265 1782 436 1827 dicatur,
466 1782 543 1822 hoc
563 1783 775 1834 praecipue
805 1783 1075 1835 quaerendum
1104 1784 1272 1835 putavit,
1304 1795 1382 1836 quo
1410 1797 1513 1824 anno

93 1839 268 1890 sophista
288 1839 429 1878 iterum
450 1838 620 1879 Athenas
641 1841 800 1879 venerit.
861 1840 987 1887 Quam
1015 1852 1100 1880 rem
1121 1839 1198 1879 hoc
1224 1840 1343 1880 modo
1372 1840 1513 1886 effecit,

92 1899 149 1941 ut,
171 1896 262 1949 quia
280 1894 517 1946 Protagoras
538 1896 586 1935 ad
607 1895 766 1936 Calliam
788 1896 963 1941 devertit,
993 1900 1161 1936 mortem
1184 1896 1406 1949 Hipponici,
1429 1897 1515 1938 Cal·

93 1951 167 1991 liae
186 1953 321 2004 patris,
344 1952 602 2004 exquisiverit.
662 1953 787 2005 Atque
806 1953 1063 2006 ffipponicus,
1092 1954 1231 2005 inquit,
1261 1954 1341 1993 dux
1362 1960 1516 1995 creatus

95 2014 135 2048 et
163 2014 300 2049 contra
319 2008 569 2059 Tanagraeos
596 2021 674 2049 una
704 2022 793 2049 cum
814 2009 922 2051 Nicia
957 2009 1157 2061 profectus
1185 2015 1243 2050 est
1270 2010 1515 2064 Euthydemo

96 2065 285 2105 archonte
303 2065 342 2104 11.
365 2078 400 2105 e.
423 2064 480 2105 Ol.
500 2069 565 2111 88,
588 2069 626 2112 3,
649 2066 718 2106 sed
738 2071 917 2107 mortuus
933 2067 1010 2106 iam
1027 2072 1111 2107 erat
1124 2079 1226 2107 anno
1244 2068 1357 2108 tertio
1379 2067 1437 2108 Ol.
1448 2071 1515 2114 89,

96 2134 174 2174 quo
194 2122 354 2174 Eupolis
375 2121 547 2162 fabulam
567 2122 799 2163 Adulatores
820 2123 962 2169 docuit,
986 2136 1062 2176 qua
1082 2124 1122 2163 in
1142 2123 1274 2164 sabula
1292 2124 1431 2164 Callias
1446 2125 1515 2164 he-

97 2179 302 2219 reditatem
322 2178 473 2226 adiisse,
495 2191 568 2219 nec
582 2180 634 2220 ita
650 2180 804 2232 pridem
820 2180 961 2221 adiisse
976 2180 1130 2227 dicitur,
1152 2187 1195 2221 ut
1209 2186 1378 2221 mortem
1394 2182 1516 2233 patris

98 2236 136 2275 111
158 2236 328 2288 primum
350 2241 417 2275 aut
435 2235 603 2276 alterum
624 2249 770 2277 annum
792 2237 850 2277 Ol.
874 2240 927 2281 89
949 2237 1131 2278 incidisse
1151 2237 1402 2290 intelligatur.
1442 2239 1516 2278 Ea-

98 2292 188 2332 dem
222 2293 262 2331 in
288 2291 419 2332 fabula
456 2292 504 2331 ab
526 2293 715 2345 Eupolide
736 2294 974 2345 Protagoras
1003 2295 1119 2335 etiam
1141 2294 1360 2341 inducitur,
1398 2308 1516 2347 quem

98 2353 182 2388 tum
202 2349 375 2388 nondum
405 2348 471 2389 diu
491 2350 651 2390 Athenis
671 2357 868 2391 versatum
900 2363 985 2392 esse
1007 2364 1053 2391 ex
1074 2364 1120 2391 eo
1142 2350 1319 2402 colligas,
1349 2352 1454 2403 quod
1476 2354 1516 2392 in

100 2405 234 2446 Conno
260 2406 455 2458 Amipsiae
475 2406 626 2447 duobus
647 2409 757 2448 annis
778 2413 867 2448 ante
895 2413 979 2448 acta
1000 2409 1041 2448 in
1061 2408 1322 2459 sophistarum
1350 2421 1517 2449 numero

167 2588 225 2627 24)
251 2585 394 2621 Cornel.
411 2585 502 2629 Nep.
518 2587 583 2621 vit.
598 2586 640 2632 Ip
642 2588 773 2622 hiel-at.
793 2600 823 2624 c.
842 2591 872 2625 1.
891 2588 1040 2623 Diodor.
1057 2587 1134 2622 XV.
1151 2589 1208 2625 44.

168 2632 238 2683 25)
251 2632 401 2665 Minime
426 2599 665 2666 dubitandum
681 2638 749 2672 est,
767 2636 854 2687 quin
869 2634 1108 2667 Athenaeus
1097 2645 1171 2667 iam
1187 2634 1376 2678 vulgatam
1392 2634 1517 2668 lectio·

102 2687 184 2708 nem
201 2672 243 2710 τὸ
259 2677 408 2720 πρῶτον
424 2678 606 2711 invenerit
621 2689 685 2721 pro
702 2674 744 2713 τὸ
760 2675 957 2723 πρότερον,
976 2679 1069 2722 quod
1080 2679 1358 2713 aStallbaumio
1375 2681 1516 2714 demum

104 2733 123 2754 e
140 2722 328 2756 codicibus
343 2723 555 2756 melioribus
571 2727 670 2758 reete
686 2727 885 2769 repositum
902 2728 969 2758 est.
1007 2725 1195 2758 Proximus
1213 2726 1307 2758 enim
1325 2726 1515 2769 adventus,
1534 2734 1538 2738 '

102 2777 176 2800 non
190 2768 338 2810 primus,
357 2767 620 2811 intelligendus
638 2773 703 2811 est,
722 2771 794 2803 nisi
811 2771 905 2803 forte
914 2770 1022 2803 Plato
1038 2770 1106 2803 hoe
1123 2771 1205 2803 loco
1224 2775 1261 2802 et
1269 2771 1517 2806 adolescentis

103 2816 259 2846 naturae
276 2816 314 2846 et
330 2814 517 2857 sophistae
535 2815 635 2847 vitae
653 2826 698 2848 ac
714 2827 850 2850 morum
867 2816 1013 2850 videtur
1028 2817 1165 2849 oblitus
1183 2817 1309 2849 fuisse.

1189 2870 1247 2912 2*
