1702 2924
514 118 760 160 GORGIAS.
789 119 834 158 P.
864 121 959 157 466.
989 117 1049 156 ed.
1080 117 1138 156 St.
1423 116 1500 156 147

136 231 368 285 ἀμφιγνοῶ
395 228 565 284 μέντοι,
598 223 632 271 ὦ
663 230 813 280 Πῶλε,
843 223 905 280 ἐφ’
937 225 1119 268 ἑκάστου
1149 217 1212 267 ὧν
1238 222 1394 279 λέγεις,
1422 226 1501 268 πό-

136 311 262 350 τερον
306 294 438 345 αὐτὸς
484 301 618 336 ταῦτα
664 293 797 348 λέγεις
842 292 913 335 καὶ
959 292 1138 346 γνώμην
1178 297 1343 333 σαυτοῦ
1394 290 1501 334 α’πο-

139 362 310 416 φαίνει,
353 361 380 416 ἢ
410 359 480 416 ἐμὲ
517 358 686 414 ἐρωτᾷς.
745 360 891 400 ΠῼΛ.
932 353 1046 399 Ἀλλ’
1086 355 1218 411 ἔγωγέ
1257 365 1304 398 σε
1343 354 1500 410 ἐρωτῶ.

140 429 244 470 ΣΩ.
276 423 398 478 Εἶεν,
430 421 464 468 ὦ
493 426 610 480 φίλε·
653 425 795 467 ἔπειτα
821 424 901 466 δύο
930 422 1019 477 ἅμα
1047 437 1095 476 με
1127 422 1307 475 ἐρωτᾷςς
1349 424 1498 464 ΠῼΛ.

143 495 244 542 Πῶς
271 493 375 543 δύο;
416 493 520 534 Σῼ.
555 486 648 533 Οὐκ
687 493 783 543 ἄρτι
819 482 937 531 ὀὕτω
965 503 1056 538 πως
1096 485 1255 541 ἔλεγες,
1299 487 1366 530 ὅτι
1394 489 1498 530 ἄπο-
1530 491 1573 533 D

87 602 95 605 ,
141 557 392 601 κτιννύασιν
430 557 474 599 οἱ
499 556 675 612 ῥήτορες
703 551 780 605 οὓς
809 555 864 597 ἂν
893 555 1156 607 βούλωνται,
1198 552 1335 607 ὥςπερ
1365 554 1408 596 οἱ
1433 555 1503 595 τύ-

143 638 299 677 ραννοι
315 657 324 674 ,
363 621 433 664 καὶ
472 623 664 677 χρήματα
700 621 990 674 ἀφαιροῦνται
1025 618 1097 660 καὶ
1126 617 1428 670 ἐξελαύνουσιν
1457 619 1503 662 ἐκ

140 695 230 731 τῶν
256 689 423 731 πόλεων
454 685 506 730 ὃν
537 688 592 730 ἂν
619 688 726 742 δοκῇ
757 687 925 736 αὐτοῖς;
960 686 1108 727 ΠΩΛ.
1127 680 1304 738 Ἔγωγε.

229 755 336 814 Gap.
366 754 522 798 XXII.
581 754 683 794 ΣΩ.
741 751 867 805 Λέγω
894 752 1048 793 τοίνυν
1076 761 1157 802 σοι,
1187 750 1252 792 ὅτι
1280 751 1360 792 δύο
1388 744 1502 792 ταῦτ’

142 821 228 865 ἐστὶ
248 822 300 864 τὰ
320 821 581 876 ἐρωτήματα,
609 820 682 862 καὶ
710 819 1027 873 ἀποκρινοῦμαί
1054 816 1101 872 γέ
1130 827 1198 860 σοι
1225 819 1334 871 πρὸς
1362 819 1503 873 ἀμφό-

142 902 254 942 τερα.
295 885 405 941 φημὶ
441 887 548 941 γάρ,
589 880 623 927 ὦ
654 887 806 936 Πῶλε,
847 883 930 938 ἐγὼ
969 884 1041 926 καὶ
1078 884 1181 933 τοὺς
1221 883 1407 938 ῥήτορας
1433 885 1504 927 καὶ

142 949 246 1002 τοὺς
279 953 524 1007 τυράννους
564 951 780 993 δύνασθαι
817 951 896 1004 μὲν
936 948 982 992 ἐν
1019 953 1111 999 ταῖς
1149 950 1297 1027 πόέεσι
1334 951 1504 1004 σμικρό-

209 1090 326 1126 ’And
350 1091 428 1133 μὲν
453 1090 505 1136 δὴ
529 1090 641 1135 λέγω
666 1090 723 1135 γε]
772 1090 870 1125 Libri
893 1089 973 1135 μήν.
1027 1090 1074 1123 At
1104 1101 1174 1144 μην
1199 1089 1243 1133 δή
1275 1101 1345 1123 ιιοιι
1378 1090 1505 1124 dicitur

144 1148 344 1182 semperque
365 1137 483 1171 locum
515 1136 621 1170 habet
650 1140 870 1170 attenuatum
901 1135 989 1169 illud
1013 1135 1079 1176 μὲν
1104 1135 1157 1179 δη.
1206 1136 1366 1170 Correxit
1397 1137 1503 1169 Hein-

143 1184 227 1217 dors.
274 1185 341 1216 Pro
367 1182 410 1227 δὴ
433 1194 514 1216 vero
540 1182 634 1215 editt.
649 1184 739 1215 vett.
765 1182 926 1215 mendose
952 1181 992 1214 δὲ
1015 1181 1156 1214 habent.

213 1229 252 1262 C.
276 1226 624 1270 ἀποκτιννύασι]
674 1228 732 1261 Sic
766 1227 871 1261 Coisl.
905 1227 993 1260 Ven.
1026 1226 1106 1260 ΞΣ.
1140 1226 1242 1259 Vind.
1275 1225 1307 1258 2.
1340 1226 1370 1260 6.
1426 1227 1502 1259 Par.

146 1274 262 1308 CIW.
286 1274 378 1306 Flor.
403 1274 426 1306 f.
451 1284 477 1306 s.
525 1273 640 1316 Vulgo
664 1270 946 1305 ἀποκτιννύουσι.
995 1272 1112 1304 Clark.
1146 1272 1225 1304 vat.
1251 1272 1326 1304 Par.
1351 1272 1389 1304 F.
1416 1269 1503 1305 α’πο·

145 1318 375 1352 κτειννύασιν.
400 1319 488 1351 cons.
513 1319 693 1351 Matthiae.
718 1318 777 1352 Gr.
802 1319 834 1359 5.
849 1316 925 1351 210.
950 1317 985 1351 2.
1007 1317 1066 1350 Sic
1091 1318 1195 1350 etiam
1219 1328 1300 1350 mox
1325 1318 1369 1350 D.

214 1366 256 1397 D.
282 1363 342 1397 ὅτι
374 1362 741 1407 ἀποκτιννύασιν]
790 1364 856 1396 Pro
889 1361 938 1395 ὅτι
971 1363 1088 1396 Herm.
1121 1362 1157 1395 εἰ
1187 1359 1261 1404 οὐχὶ
1297 1374 1315 1396 e
1347 1363 1504 1406 vestigiis

147 1409 239 1443 Flor.
271 1421 307 1442 x.
336 1413 370 1442 et
400 1409 536 1452 Clark„
585 1409 646 1452 qui
683 1407 718 1441 εἰ
752 1406 803 1441 ὅτι
838 1407 980 1442 habent.
1012 1409 1122 1442 Unice
1163 1418 1284 1441 verum
1321 1412 1374 1441 est
1412 1408 1504 1451 quod

147 1455 253 1499 vulgo
277 1454 398 1488 editur.

147 1595 179 1618 v.
212 1585 459 1617 Buttmann.
492 1585 523 1624 5.
547 1582 624 1616 122.
647 1582 680 1616 8.
705 1581 790 1616 Obs.

147 1630 178 1664 6.
212 1631 357 1662 Prorsus
387 1628 507 1662 eodem
525 1629 626 1661 modo
651 1629 790 1662 Xeno-

147 1675 296 1718 phont.
326 1675 432 1707 Mem.
453 1674 516 1715 IV,
539 1672 576 1716 7,
602 1673 642 1706 1.
674 1671 790 1708 ἁπλῶς

147 1719 211 1763 τὴν
242 1719 368 1752 ἑαυτοῦ
398 1717 538 1763 γνώμην
574 1716 791 1761 ἀπεφαίνετο

151 1763 351 1820 Σωκράτης.
389 1765 514 1807 Cyrop.
546 1764 648 1805 VIII,
679 1763 717 1805 4,
749 1763 790 1797 6:

149 1808 211 1854 τὴν
234 1810 361 1843 ἑαυτοῦ
389 1808 534 1865 γνώμην
564 1807 790 1851 ἀπεφαιᾙετο

149 1857 233 1889 Post
265 1853 307 1899 νὴ
331 1853 393 1888 τὸν
416 1853 505 1888 κύνα
534 1855 641 1898 vulgo
676 1854 792 1887 deerat

151 1901 399 1943 interpunctio,
461 1911 566 1942 quam
626 1901 791 1933 rationem

152 1947 305 1978 Astius
335 1944 489 1977 defendit
519 1946 589 1985 sic,
629 1949 669 1977 ut
701 1945 793 1977 obte-

151 1991 266 2023 standi
305 1990 487 2023 formulam
524 1990 616 2022 dicat
652 2000 695 2022 ex
727 2000 793 2022 usu

150 2035 314 2078 loquendi
354 2045 487 2078 semper
525 2035 574 2068 ita
607 2035 793 2077 praemitti,

150 2085 190 2113 ut
220 2091 300 2113 cum
331 2079 555 2122 sequentibus
586 2091 690 2112 unam
723 2080 793 2112 effi-

152 2127 222 2159 ciat
234 2126 431 2159 orationem.
457 2126 504 2158 At
520 2125 604 2158 cedo
613 2125 669 2158 vel
686 2136 792 2157 unum

152 2171 278 2211 locum,
302 2171 339 2203 in
363 2179 431 2213 quo
458 2169 499 2213 νὴ
523 2169 584 2202 τὸν
610 2171 681 2203 Δία
714 2181 793 2203 cum

153 2216 309 2258 sequenti
351 2215 466 2255 μέντοι
508 2217 558 2248 sic
603 2216 639 2248 in
686 2227 794 2248 unum

155 2261 379 2293 eoniunctum
403 2261 458 2292 sit.
512 2261 682 2294 Nimirum
706 2271 794 2303 quae

154 2305 239 2338 alibi
269 2306 311 2338 de
342 2303 387 2344 μὰ
413 2302 473 2337 Δί’
498 2303 581 2338 ἀλλά
609 2310 642 2339 et
676 2306 795 2338 simili-

155 2351 220 2384 bus
251 2351 407 2384 formulis
439 2351 594 2393 exposita
625 2356 723 2394 sunt,
753 2361 796 2384 ea

155 2396 244 2429 alius
269 2400 351 2429 sunt
371 2396 518 2439 generis.

201 2485 350 2517 ἔπειτα
397 2483 474 2517 δύο
513 2502 558 2508 —
596 2484 797 2529 ἐρωτᾷς,·]

157 2531 278 2563 itane
306 2530 387 2562 duo
419 2529 552 2561 simul
582 2541 645 2562 me
669 2531 799 2563 inter-

156 2586 174 2608 r
183 2587 203 2608 ο
212 2586 236 2618 g
245 2586 289 2608 as
301 2576 319 2607 ’ἲ
354 2572 502 2607 Miratur
524 2585 605 2607 vero
630 2575 799 2617 Socrates,

158 2620 248 2663 quod
286 2620 328 2653 de
374 2619 509 2652 duobus
550 2619 651 2652 simul
698 2621 800 2653 inter-

157 2670 296 2708 rogatur
304 2690 313 2707 ‚
354 2675 460 2708 quum
492 2669 726 2708 exspectasset
764 2677 800 2699 se

858 1582 899 1615 de
924 1593 996 1615 una
1018 1587 1154 1616 tantum
1186 1594 1223 1616 re
1246 1594 1268 1617 a
1290 1583 1376 1617 Polo
1401 1585 1504 1616 inter-

858 1632 1015 1672 rogatum
1042 1629 1095 1662 iri.
1119 1629 1267 1662 Dixerat
1288 1630 1380 1662 enim
1397 1629 1503 1662 Polus

858 1674 1011 1707 rhetores
1041 1678 1075 1707 et
1105 1674 1297 1708 interficere
1328 1685 1430 1718 posse
1456 1673 1504 1708 ὃν

859 1716 912 1751 ἄν
936 1718 1114 1761 βούλωι
1126 1732 1189 1752 ται
1213 1724 1247 1752 et
1273 1720 1409 1763 privare
1434 1721 1504 1762 opi-

859 1763 924 1797 bus
950 1769 1053 1806 atque
1086 1775 1130 1797 ex
1162 1766 1272 1807 patria
1305 1766 1428 1798 eiicere
1454 1764 1471 1797 ὃ
1485 1778 1504 1797 ι

861 1806 914 1841 ἂν
938 1808 1044 1853 δοκῇ
1068 1807 1230 1844 αὐτοῖς.
1262 1811 1382 1853 Itaque
1404 1811 1505 1843 docet

862 1855 1020 1887 Socrates
1044 1854 1206 1898 deinceps
1221 1855 1402 1912 sophistas
1417 1856 1505 1888 illud

861 1899 998 1942 quidem
1022 1899 1189 1940 face1e‚c‘›¹
1215 1898 1261 1932 ἄν
1283 1898 1404 1936 αὐτοῖς
1420 1901 1504 1943 δόξῃ

862 1944 1045 1999 βέλτιστοι
1069 1941 1178 1983 εἶναι,
1224 1946 1284 1978 sed
1315 1947 1404 1978 nibil
1435 1947 1506 1979 fere

862 2000 992 2031 eorum,
1017 1984 1068 2022 ὦν
1093 1989 1295 2032 βούλονται,
1321 1991 1505 2024 discrimen

862 2034 1044 2068 verborum
1084 2035 1201 2068 bouem
1238 2041 1272 2069 et
1314 2036 1506 2079 βούλεσθαι

862 2091 1000 2135 urgens.
1070 2081 1230 2114 Ceterum
1285 2082 1376 2124 quod
1430 2087 1507 2126 post

862 2121 938 2158 εἶεν
971 2126 1193 2169 interrogatio
1226 2127 1372 2161 infertur
1404 2129 1507 2172 parti—

862 2171 941 2203 cula
958 2172 1160 2204 transeundi
1174 2182 1244 2204 non
1263 2172 1389 2206 addita.
1408 2174 1509 2215 plura

862 2216 966 2248 huius
1021 2227 1105 2249 usus
1160 2217 1320 2259 exempla
1362 2230 1407 2251 no
1438 2219 1507 2251 avit

863 2260 1095 2294 Heindorf.
1132 2262 1174 2294 ad
1206 2263 1323 2305 Lysid.
1363 2275 1395 2306 p.
1429 2262 1506 2297 216.

865 2307 906 2339 A.
931 2307 974 2338 ef.
999 2307 1090 2339 infra
1114 2318 1145 2349 p.
1170 2307 1248 2341 489.
1273 2308 1310 2342 C.

912 2395 996 2439 Cap.
1012 2396 1124 2428 XXII.
1150 2397 1193 2429 D.
1218 2408 1281 2429 οτι
1300 2395 1379 2430 δυο
1397 2402 1498 2432 ταιτ

868 2440 961 2473 ἐστὶ
989 2440 1032 2473 τὰ
1064 2440 1341 2496 ἐρωτήματα]
1382 2444 1447 2476 Iun
1472 2454 1510 2476 as

867 2485 918 2518 ὅτι
966 2490 1068 2518 ταῦτα
1112 2484 1150 2518 τὰ
1198 2485 1398 2531 ἐρωτήματα
1470 2488 1510 2521 ύο

870 2531 951 2563 ἐστι’.
996 2532 1073 2572 Quo
1104 2542 1173 2564 non
1199 2537 1377 2576 perspecto
1402 2544 1511 2576 nuper

868 2577 934 2608 fuit
973 2576 1032 2618 qui
1064 2577 1268 2620 corrigeret:
1309 2577 1374 2611 διό
1414 2578 1513 2610 ἐστὶν

870 2619 1086 2663 ἐρωτήματα,
1118 2622 1266 2656 audacia
1298 2634 1377 2656 cum
1410 2628 1513 2656 teme-

870 2667 969 2699 ritate
994 2667 1137 2700 sociata.

1174 2732 1245 2768 10*
