1722 2964
219 130 301 172 174

543 133 844 170 PLATONIS
872 133 1113 171 PRo'rAG
1126 135 1287 173 ORAS.

216 243 415 304 μάζοιμι,
461 248 503 291 εί
538 246 629 291 τῶν
669 245 910 304 ἐλλογίμων
946 246 1092 304 γένοιο
1131 244 1310 304 ἀνδρῶν
1356 248 1429 293 ἐπὶ
1467 254 1613 309 σοφίᾳ.

214 312 292 357 καὶ
314 313 416 372 περὶ
438 310 606 357 τούτων
630 312 678 357 δὲ
703 314 926 370 εἰσαῦθις,
958 310 1064 359 ὅταν
1086 312 1248 372 βούλῃ,
1280 315 1494 372 διέξιμεν
1531 318 1617 361 νῦν

134 393 201 425 862
217 375 260 423 δ’
289 397 381 437 moa
404 376 491 436 ἤδη
514 379 588 423 καὶ
619 376 686 424 ἐπ’
715 376 822 424 ἄλλο
843 397 886 424 τι
906 381 1157 438 τρέπεσθαι.
1208 377 1342 437 Ἀλλ’,
1372 374 1429 437 ἦν
1446 379 1486 426 δ’
1515 380 1615 439 ἐγω,

211 443 327 490 οὕτω
358 443 441 503 χρὴ
466 454 632 501 ποιεῖν,
664 451 710 490 εἰ
727 458 796 490 σοι
827 449 959 491 δοκεῖ.
1007 445 1188 505 καὶγὰρ
1220 447 1314 504 ἐμοὶ
1344 443 1471 505 οἷπερ
1502 452 1616 505 ἔφην

212 512 329 556 ἰέναι
367 510 503 556 πάλαι
542 530 635 571 moa
654 546 667 568 ,
721 509 833 557 ἀλλὰ
871 517 1042 573 Καλλίᾳ
1081 515 1142 573 τῷ
1181 516 1300 574 καλῷ
1339 511 1615 573 χαριζόμενος

210 579 465 636 παρέμεινα.

318 643 451 690 Ταῦτ’
481 642 677 697 εἰπόντες
700 644 775 690 καὶ
798 642 1065 698 ἀκούσαντες
1087 644 1271 704 ἀπῇμεν.

211 772 325 807 Coisl.
341 775 424 808 Vat.
441 784 471 810 t.
487 774 606 807 Paris.
622 774 664 808 B.
681 775 724 808 E.
740 774 864 809 Ambr.
880 775 1011 818 Angel.
1034 778 1072 808 et
1087 775 1250 817 reposuit
1263 775 1412 808 Bekker
1434 785 1499 818 pro
1513 776 1613 818 vulg.

210 817 286 852 τῶν
300 814 378 869 μὴν
394 819 473 871 τηλ.

300 874 384 896 νυν
411 857 450 895 δ’
478 874 535 905 mo
544 873 570 895 α
596 855 704 906 ἤδη]
733 857 829 907 ἤδη,
859 863 954 905 quod
978 863 1125 906 plurimi
1141 863 1227 896 libri
1247 864 1437 905 omittunt,
1464 867 1614 897 servant

207 906 759 945 Bodl.Vat.Venet.,z7.00is1.

254 1014 296 1050 εί
316 1016 403 1050 τῶν
426 1011 680 1061 ἐλλογίμων
700 1015 877 1061 γένοιο]

204 1061 274 1094 His
303 1062 506 1104 comparari
534 1065 686 1103 possunt
715 1072 759 1094 ea
783 1072 876 1104 quae

203 1105 249 1138 de
281 1106 445 1139 Isocrate
478 1109 676 1158 auguratur
706 1106 876 1139 Socrates

202 1149 363 1182 Phaedr.
385 1161 419 1193 p.
437 1151 503 1183 279
525 1151 574 1183 A:
607 1144 770 1202 οὕδὲν“
745 1162 792 1184 αν
814 1148 876 1194 γε’-

202 1204 309 1228 νοιτο
325 1195 409 1228 θαυ
438 1189 567 1237 αστόν,
587 1190 792 1247 προϊούσης
808 1195 875 1248 τῆς

202 1233 357 1325 {juntas
386 1249 418 1316 εἴ
443 1220 724 1316 περὶέαυτούς
718 1250 757 1272 τε
787 1249 876 1317 ἷους

199 1293 400 1380 {22}ss
417 1286 875 1382 {5222553332‘232122}

202 1369 415 1415 αψαμένων
430 1367 551 1416 λόγων
566 1367 642 1406 κτὲ.

246 1460 330 1495 νῦν
351 1456 390 1494 ὃ
413 1472 503 1504 ωρα
524 1478 566 1484 -
590 1458 868 1504 τρέπεσθαι]

201 1508 320 1538 ‘nunc
342 1516 430 1539 vero
451 1510 592 1547 tempus
616 1508 673 1539 est
700 1505 746 1538 ad
770 1505 869 1538 aliud

201 1549 288 1603 qguid
304 1550 514 1583 accedere’.
538 1550 691 1582 Theaet.
705 1561 740 1592 p.
749 1550 868 1582 14513·

201 1604 280 1637 ωρα
298 1594 483 1628 τοίνυν-
496 1591 555 1627 σοὶ
571 1590 638 1637 μὲν
656 1589 868 1627 ἐπιδεικνύ-

201 1649 280 1681 ναι,
298 1633 382 1683 ἐμοὶ
398 1636 440 1673 δὲ
457 1639 698 1673 σκοπεῖσθαι.
730 1638 867 1671 Phaed.

942 1028 979 1061 p.
998 1019 1062 1050 115
1077 1017 1120 1050 A.
1135 1017 1278 1051 Phileb.
1295 1028 1330 1061 p.
1338 1018 1382 1051 62
1397 1019 1442 1053 Ε.
1463 1029 1497 1051 v.
1515 1019 1608 1052 Krii-

943 1072 1008 1104 ger
1023 1061 1086 1096 Gr.
1102 1063 1155 1095 50.
1173 1063 1206 1099 6,
1222 1064 1255 1096 4.

987 1106 1028 1139 P.
1051 1107 1128 1139 362.
1165 1103 1298 1147 οἷπερ
1321 1102 1456 1149 ἔφην]
1479 1106 1610 1157 Respi-

943 1151 1038 1183 citur
1059 1150 1105 1183 ad
1126 1151 1240 1183 verba
1256 1161 1290 1193 p.
1308 1153 1374 1184 335
1391 1150 1438 1182 C:
1470 1149 1543 1184 νῦν
1564 1149 1607 1184 δὲ

942 1214 985 1219 -
1002 1189 1135 1228 ἐλθεῖν
1150 1189 1220 1237 γάρ
1235 1194 1307 1228 ποί
1317 1205 1363 1237 με
1381 1194 1445 1228 δεῖ
1459 1212 1499 1217 —-
1517 1190 1577 1239 εἷμ
1581 1206 1606 1228 ι.

941 1240 997 1272 De
1015 1239 1066 1283 τῷ
1079 1238 1194 1281 καλῶ,
1213 1239 1307 1281 quod
1319 1242 1377 1272 est
1387 1239 1534 1272 Atticae
1549 1249 1608 1272 ur—

940 1284 1119 1316 banitatis
1135 1264 1607 1324 biandimentum.v.Sta11

938 1328 1059 1361 baum.
1079 1327 1125 1360 ad
1140 1328 1250 1371 Hipp.
1267 1329 1351 1360 mai.
1369 1338 1404 1370 p.
1421 1309 1485 1360 281
1503 1328 1547 1362 A.

986 1367 1190 1416 ἀπῇμεν]
1222 1373 1466 1415 Hippocrates
1497 1381 1606 1413 quum

936 1427 1055 1459 neque
1073 1417 1261 1449 Socratem
1283 1419 1522 1459 prosequatur
1541 1426 1604 1448 ne-

937 1471 1009 1503 que
1036 1461 1082 1494 ad
1102 1462 1343 1504 Protagoram
1370 1471 1410 1494 se
1438 1461 1603 1503 applica-

935 1506 1046 1545 verit,
1087 1515 1131 1538 ex
1169 1506 1239 1539 hoe
1278 1505 1460 1548 colloquio
1499 1514 1605 1537 omne

935 1549 1125 1582 doctrinae
1155 1549 1312 1582 studium
1345 1553 1387 1582 ut
1414 1549 1604 1582 molestius

934 1594 1084 1626 missum
1099 1593 1244 1627 videtur
1260 1593 1414 1634 fecisse,
1431 1593 1478 1625 of.
1496 1603 1600 1635 prae-

934 1638 1002 1672 fat.
1020 1649 1054 1680 p.
1073 1639 1093 1671 6
1111 1642 1147 1671 et
1163 1637 1262 1672 Stud.
1278 1637 1405 1680 philol.
1422 1648 1457 1680 p.
1473 1637 1551 1670 838.

254 2247 297 2282 Ρ.
315 2249 358 2281 52
383 2247 446 2280 lin.
467 2249 509 2281 13
533 2247 571 2280 in
587 2249 661 2281 not.
681 2246 794 2280 critic.
813 2249 895 2289 post
912 2236 958 2289 ἦν
976 2244 1178 2279 addendum
1194 2247 1249 2279 est
1266 2240 1307 2277 τὸ
1324 2238 1531 2287 μειράκιον.
