1696 2976
193 113 248 156 34
723 118 1028 155 PLATONIS

187 231 264 275 τοῦ
287 232 525 288 σκίμποδος
550 230 774 285 ἐκαθέζετο
797 229 915 289 παρὰ
937 229 1037 284 τοὺς
1060 229 1198 284 πόδας
1212 249 1314 289 μου,
1338 233 1410 278 καὶ
1434 231 1575 278 εἶπεν

181 293 388 357 Ἑσπέρας
421 299 551 355 δῆτα,
576 294 691 355 μάλα
714 315 764 355 γε
786 295 867 352 ὀψὲ
889 295 1150 356 ἀφικόμενος
1175 299 1218 352 ἐξ
1245 297 1415 356 Οἰνόης.
1447 297 1470 344 ὁ
1494 297 1576 358 γάρ

185 381 251 409 τοι
268 375 370 417 παῖς
387 362 471 422 μεὸ
483 362 682 422 Σάτυρος
700 361 887 424 ἀπέδρα·
903 366 975 409 καὶ
994 367 1102 422 δῆτα
1115 365 1288 423 μέλλων
1302 380 1371 411 σοι
1383 364 1576 424 φράζειν,

183 428 248 476 ὅτι
272 433 508 489 διωξοίμην
532 429 680 488 αὐτόν,
703 429 790 477 ὑπό
812 450 927 485 τινος
951 429 1087 477 ἄλλου
1111 430 1399 491 ἐπελαθόμην.
1427 430 1576 490 ἐπειδὴ

184 497 233 542 δὲ
250 491 391 555 ἦλθον
413 499 487 543 καὶ
511 497 839 556 δεδειπνηκότες
865 492 974 557 ἦμεν
1000 500 1071 543 καὶ
1097 499 1331 557 ἐμέλλομεν
1355 496 1578 545 ἀναπαύε-

183 571 304 622 σθαι,
328 562 423 610 τότε
446 583 519 623 μοι
541 563 564 610 ὁ
589 563 778 623 ἀδελφὸς
802 567 931 623 λέγει,
956 564 1021 610 ὅτι
1046 564 1140 623 ἥκει
1164 564 1470 624 Πρωταγόρας.
1504 567 1577 611 καὶ

186 634 249 676 ἔτι
270 631 351 689 μὲν
375 633 627 692 ἐνεχείρησα
660 630 795 686 εὐθὺς
819 631 935 690 παρὰ
962 633 1010 677 σὲ
1036 635 1170 690 ἰέναι,
1205 632 1351 678 ἔπειτά
1379 652 1451 692 μοι
1476 638 1576 679 λίαν

185 696 333 758 πόρρω
357 700 479 753 ἔδοξε
507 702 596 745 τῶν
626 701 798 746 νυκτῶν
829 700 953 745 εἶναι.
992 697 1142 757 ἐπειδὴ
1167 700 1215 744 δὲ
1245 698 1421 758 τάχιστά
1450 719 1503 758 με
1528 702 1575 745 ἐκ

183 767 260 811 τοῦ
313 764 452 812 κόπου
509 765 532 811 ὁ
585 764 722 820 ὕπνος
774 764 958 824 ἀνῆκεν,
1022 765 1158 819 εὐθὺς
1214 765 1402 821 ἀναστὰς
1461 765 1575 813 οὕτω

270 895 310 930 C.
334 889 408 929 ὅτι
438 894 706 940 διωξοίμην]
733 898 860 931 Venet.
885 897 930 930 Σ.
957 899 993 929 et
1014 896 1111 929 Flor.
1139 908 1169 932 c.
1188 893 1373 941 ὃιώξοιμι.
1394 897 1463 931 Sed
1480 898 1574 931 conf.

180 940 331 974 Theaet.
350 952 383 983 p.
411 942 474 974 168
490 942 531 975 A.
550 941 656 983 Soph.

675 952 709 984 p.
727 943 789 974 251
808 942 849 973 A.
869 941 953 973 cut.
970 952 1006 983 p.
1022 943 1087 974 407
1104 941 1146 976 A.

268 980 287 1018 ὃ
317 979 541 1028 ἀδελφός]
573 985 775 1018 Articulum
804 986 975 1019 exhibent
991 986 1089 1020 Flor.
1118 997 1148 1020 c.
1175 987 1304 1021 Venet.
1324 987 1369 1020 Σ.
1396 990 1433 1019 et
1461 986 1573 1020 Coisl.

180 1040 268 1072 quos
292 1032 441 1063 secutus
465 1033 521 1063 est
543 1029 671 1065 Stallb.
688 1030 763 1063 Alii
780 1030 867 1064 edit.
883 1033 1020 1063 recent.
1038 1026 1218 1073 ἁδελφός.

222 1136 267 1183 ἐξ
304 1136 496 1184 Οἰνόης]
545 1141 839 1183 Harpocratione

178 1186 332 1228 aliisque
348 1186 504 1219 testibus
520 1186 558 1218 in
565 1185 690 1219 Attica
706 1186 839 1229 duplex

176 1231 247 1263 fuit
263 1231 400 1271 Oenoe,
418 1230 537 1263 altera
554 1230 837 1272 adEleutheras,

177 1275 483 1309 adMarathonem
500 1275 630 1310 altera.
647 1275 718 1308 Sed
732 1286 839 1318 quum

177 1320 307 1363 Satyro
314 1319 351 1352 id
360 1319 539 1363 agendum
548 1323 655 1361 esset,
673 1323 714 1352 ut
722 1331 766 1352 ex
772 1320 836 1353 At-

174 1366 248 1398 tico
278 1375 364 1407 agro
388 1367 603 1407 erumperet,
626 1365 783 1407 priorem
798 1365 836 1397 in

174 1410 265 1452 ipsis
281 1409 457 1443 Boeotiae
479 1409 611 1442 finibus
639 1410 748 1442 sitam
775 1420 838 1452 pe-

173 1455 276 1487 tiisse
290 1453 548 1487 existimandus
557 1456 623 1486 est.
632 1465 665 1488 v.
675 1453 836 1495 Thucyd.

172 1499 219 1532 11.
244 1499 297 1538 18,
323 1500 352 1533 1.
371 1498 591 1541 wesseling.
622 1498 669 1531 ad
690 1499 838 1532 Diodor.

217 1582 236 1620 ὁ
288 1582 340 1630 ἄρ
364 1598 432 1621 τοι
454 1589 560 1626 παῖς
597 1597 648 1629 με
669 1605 711 1610 --
736 1581 838 1620 ἁπέ-

172 1599 331 1675 ὃραΪΕῐ
343 1632 438 1675 apud
447 1632 606 1665 Graecos
623 1634 659 1664 et
667 1631 762 1674 apud
769 1632 840 1665 Ro-

171 1687 297 1710 manos
319 1677 356 1708 id
378 1677 592 1719 saepissime
622 1676 775 1718 accidit,
799 1679 840 1708 ut

171 1722 279 1762 servi,
296 1722 360 1754 ubi
374 1722 523 1764 iniquae
540 1731 602 1754 eos
620 1720 838 1754 conditionis

169 1768 376 1808 pertaesum
390 1769 456 1806 est,
471 1766 560 1808 fuga
573 1765 758 1799 meliorem
765 1765 837 1798 for-

169 1813 293 1843 tunam
301 1811 474 1853 consequi
482 1812 711 1851 conarentur,
720 1820 836 1851 eaque

163 1849 424 1898 ‘fugitivorum'
457 1857 589 1888 conata
619 1864 727 1897 quum
754 1854 837 1887 aliis

169 1900 277 1932 rebus
307 1903 382 1932 tum
409 1900 520 1933 bellis
549 1900 626 1933 fere
655 1899 836 1933 continuis

170 1943 298 1977 adiuta
328 1944 539 1986 plerumque
578 1947 661 1976 sunt
691 1943 836 1978 effecta.

167 1988 393 2021 Scholiastes
414 1988 461 2021 ad
482 1989 624 2022 Menex.
647 1999 681 2031 p.
703 1990 769 2021 245
786 1989 836 2021 E:

168 2027 505 2084 4sxoetdvssnlvst6v
517 2027 596 2066 ἐστι
603 2033 835 2076 Κορινθίων,

167 2086 290 2120 ωσπερ
326 2072 346 2110 ὁ
380 2072 583 2120 Πειραιεὺς
612 2072 833 2120 Ἀθηναίων.

169 2119 222 2160 εἰς
243 2116 398 2160 τούτους
427 2116 516 2160 τοὺς
539 2117 677 2161 τόπους
701 2117 835 2155 ἀπεδί-

167 2165 332 2210 δρασκον
356 2163 397 2200 οἱ
421 2163 579 2200 οἰκέται.
631 2165 703 2198 Sed
726 2165 832 2208 Saty-

166 2221 238 2252 rus,
258 2221 328 2253 quo
344 2213 446 2244 statu
462 2214 537 2243 tum
559 2220 618 2244 res
634 2210 832 2243 Athenien—

165 2257 257 2289 sium
289 2259 410 2296 erant‚
450 2255 563 2288 tutius
593 2258 692 2287 terra
723 2264 830 2296 quam

165 2301 258 2332 mari
278 2300 516 2343 Hippocratis
541 2299 719 2343 potestati
749 2310 830 2332 sese

165 2345 357 2387 eripiebat.
386 2345 607 2377 Litterarum
636 2343 683 2376 ad
704 2343 829 2386 fugiti-

164 2399 247 2423 vum
270 2389 643 2432 comprehendendum
664 2388 702 2420 in
719 2387 827 2420 finiti-

165 2443 243 2467 mas
268 2434 376 2467 urbes
403 2435 595 2466 missarum
625 2432 827 2476 exemplum

162 2477 446 2512 illustrissimum
468 2479 505 2510 in
528 2488 665 2521 papyro
687 2477 735 2520 (a.
763 2478 827 2510 145

106 2538 110 2542 ·
165 2533 199 2556 a.
239 2522 320 2555 Chr,
360 2521 511 2564 scripta)
546 2525 684 2564 exstat,
724 2522 826 2554 cuius

165 2570 375 2600 accuratam
405 2567 685 2609 descriptionem
708 2569 745 2600 et
767 2576 827 2599 ex-

164 2612 398 2655 plicationem
428 2612 616 2654 proposuit
645 2612 828 2645 Letronne

166 2657 384 2699 Fragments
405 2654 552 2691 ine'dits.
582 2655 706 2692 Didot.
730 2656 830 2690 1838.

162 2703 370 2825 Ξὲἐξῖέῗὶ
393 2743 440 2779 δὲ
471 2736 640 2789 ἦλθον]
667 2756 699 2779 v.
726 2744 773 2778 ad
795 2755 830 2788 p.

951 1135 1307 1185 ἀναπαύεσθαι]
1323 1142 1444 1185 Symp.
1462 1153 1496 1184 p.
1508 1144 1572 1175 217

905 1186 957 1218 D:
975 1180 1106 1229 ἐπειδὴ
1126 1181 1387 1238 ἐιξεδειπνῄκει
1405 1182 1573 1229 (Σωκρά-

905 1230 1000 1273 της),
1024 1229 1125 1263 διελε
1152 1242 1248 1274 ομην
1269 1241 1392 1273 πορρω
1415 1229 1489 1264 τῶν
1510 1242 1573 1264 νυ-

903 1274 1014 1318 κτῶν,
1041 1273 1107 1308 καὶ
1143 1270 1256 1318 πειδὴ
1271 1270 1451 1319 ἠβούλετο
1467 1269 1574 1308 α’πιέ-

904 1331 981 1362 ναι,
1015 1315 1270 1363 σκηπτόμενος
1301 1313 1360 1353 ὅτι
1394 1314 1465 1361 ὀψὲ
1500 1319 1571 1363 εἴη,

901 1359 1195 1407 προσηνάγκασα
1203 1359 1324 1398 αὐτὸν
1331 1362 1474 1408 μένειν.
1484 1359 1572 1398 ἄνε-

905 1404 1048 1442 παύετο
1072 1401 1141 1443 οὖν
1163 1403 1204 1443 ἐν
1233 1408 1276 1452 τῆ
1301 1403 1457 1453 ἐχομένῃ
1480 1403 1571 1451 ἐμοῦ

905 1453 1025 1497 κλίνῃ,
1044 1447 1090 1487 ἐν
1106 1446 1218 1497 ᾗπερ
1241 1445 1464 1487 ἔὸείπνει.
1482 1454 1572 1496 Hip-

905 1501 1074 1541 pocrates
1097 1508 1239 1541 quoque
1263 1498 1299 1530 in
1331 1498 1456 1531 eadem
1481 1498 1570 1531 aede

908 1545 944 1575 et
966 1543 1004 1575 in
1027 1542 1153 1575 eodem
1176 1543 1281 1583 lecto,
1305 1543 1342 1574 in
1365 1552 1434 1584 quo
1452 1543 1572 1575 cibum

907 1591 1065 1630 ceperat,
1079 1590 1420 1619 coenatussomnum
1428 1587 1571 1629 cepisse

905 1631 1088 1674 putandus
1105 1634 1173 1671 cst,
1190 1641 1223 1664 v.
1241 1631 1326 1671 Lys.
1342 1641 1392 1664 or.
1412 1633 1508 1671 1‚23.

948 1676 993 1708 D.
1041 1670 1199 1718 ἐπειδὴ
1267 1671 1315 1708 δὲ
1376 1670 1570 1718 τάχιστά

905 1718 1024 1763 pos—⁴]
1046 1720 1326 1761 Simulatque
1345 1722 1490 1752 autem
1507 1731 1568 1753 me

904 1767 1005 1807 post
1042 1764 1359 1797 lassitudinem
1396 1774 1568 1798 somnus

905 1809 1081 1842 remisit
1103 1812 1172 1842 etc.
1209 1803 1279 1842 Ἐκ
1302 1819 1373 1842 non
1396 1808 1490 1842 idem
1514 1813 1570 1842 est

904 1853 1000 1896 quod
1030 1849 1135 1896 μετά,
1169 1852 1232 1886 sed
1262 1853 1406 1896 ponitur
1433 1854 1496 1894 sic,
1530 1857 1570 1886 ut

903 1897 1043 1939 aliquid
1071 1898 1193 1931 statim
1223 1900 1259 1931 et
1288 1898 1456 1931 contiuuo
1488 1900 1569 1940 post

904 1942 1003 1975 aliud
1026 1942 1193 1985 quiddam
1217 1942 1382 1975 evenisse
1406 1942 1465 1975 vel
1482 1953 1567 1975 eve-

902 1987 979 2019 nire
1002 1987 1195 2029 significet‚
1216 1996 1358 2029 prorsus
1383 1989 1423 2019 ut
1437 1985 1566 2020 Latin.

903 2043 964 2064 ex.
1002 2033 1131 2074 Itaque
1160 2032 1220 2064 hic
1244 2031 1407 2073 eleganti
1430 2031 1566 2065 iudicio

901 2077 1056 2119 positum
1079 2080 1136 2108 est
1161 2076 1206 2108 ad
1236 2075 1462 2108 indicandam
1484 2086 1566 2119 gra·

902 2121 980 2154 vius
1003 2120 1155 2153 hominis
1185 2120 1472 2161 festinationem,
1504 2121 1567 2162 qui

902 2165 1037 2205 statim,
1070 2168 1110 2196 ut
1141 2174 1284 2197 somnus
1317 2167 1416 2197 artus
1447 2165 1564 2198 fessos

899 2209 1150 2246 relaxavisset‚
1169 2219 1206 2241 se
1217 2208 1261 2241 ad
1275 2208 1462 2242 Socratem
1481 2219 1565 2242 con-

898 2253 1036 2287 tulerit.
1081 2254 1198 2287 Stallb.
1281 2247 1562 2294 Lassitudinem,

896 2307 1004 2340 quam
1016 2298 1193 2340 intelligit
1207 2298 1464 2340 Hippocrates,
1487 2308 1563 2330 sus-

897 2346 1044 2385 ceperat
1060 2354 1104 2375 ex
1125 2353 1178 2382 eo,
1196 2341 1289 2384 quod
1308 2341 1456 2375 Oenoen
1470 2351 1562 2383 equo

893 2390 1020 2420 vectus
1034 2391 1070 2420 et
1083 2390 1248 2420 revectus
1261 2390 1351 2428 erat,
1369 2386 1462 2419 conf.
1475 2386 1560 2428 Lys.

894 2442 944 2464 or.
963 2433 1018 2473 24,
1038 2433 1178 2464 10—12.

937 2471 957 2508 ὁ
975 2471 1114 2515 ὕπνος
1131 2470 1318 2518 ἀνῆκεν]
1338 2474 1493 2508 Hom.Il.
1512 2475 1560 2515 ΙΙ,

894 2522 954 2553 71:
979 2515 1040 2563 ἐμὲ
1058 2517 1100 2553 δὲ
1118 2515 1257 2564 γλυκὺς
1272 2513 1389 2557 ὕπνος
1406 2513 1559 2562 ἀνῆκεν.

894 2565 1020 2598 Multis
1048 2564 1140 2598 locis
1160 2564 1270 2597 Plato
1298 2563 1445 2596 Homeri
1470 2564 1560 2597 alio·

895 2619 1042 2651 rumque
1049 2612 1237 2652 poetarum
1243 2608 1355 2642 verba
1364 2611 1427 2640 aut
1435 2607 1559 2641 eodem

897 2654 1021 2687 ordine
1047 2657 1111 2687 aut
1133 2653 1265 2687 leviter
1285 2655 1422 2685 mutato
1443 2653 1557 2695 ponit,

897 2709 964 2731 nec
980 2698 1091 2732 ullam
1108 2697 1258 2741 originis
1274 2707 1393 2730 eorum
1410 2698 1559 2730 mentio-

898 2754 978 2777 nem
1004 2743 1108 2785 facit,
1130 2753 1164 2777 v.
1180 2742 1275 2775 infra
1290 2752 1325 2784 p.
1342 2742 1407 2775 337
1422 2741 1467 2774 D.

945 2781 1059 2821 οὕτω
1090 2785 1226 2829 δεῦρο
1257 2781 1339 2829 ἔτι]
1372 2786 1428 2820 De
1460 2779 1557 2820 οὕτω
