1722 2964
462 74 879 113 PROTAGORAS.
917 74 959 111 P.
981 74 1060 110 359.
1091 72 1173 111 ST.
1451 66 1537 109 169

108 193 190 252 τὴν
220 190 458 253 ἀπόκρισιν
488 191 564 237 καὶ
596 193 659 236 ἔτι
689 190 881 269 flamm&
920 184 1074 245 ἐπειδὴ
1104 186 1242 232 ταῦτα
1272 182 1377 243 μεθ’
1406 182 1535 244 ὑμῶν

109 263 359 319 διεξῆλθον.
406 257 580 320 ἠρόμην
610 255 653 304 δ’
682 250 767 303 οὖν
795 257 978 315 τοῦτον,
1012 258 1054 302 εἰ
1075 251 1178 308 τούς
1201 251 1438 312 ἀνδρείους
1462 254 1532 298 λε’-

108 348 179 388 γοι
201 329 494 389 θαρραλέους.
542 324 566 373 ὁ
591 325 641 372 δε
663 325 755 371 Καὶ
780 331 872 378 ἴτας
896 321 943 383 γ’
950 358 964 382 ,
989 322 1379 382 ἔφημέμνησαι,
1403 313 1461 379 ἦν
1486 318 1528 366 δ’

109 395 210 456 ἐγώ,
236 416 270 442 ω
296 392 589 456 Πρωταγόρα,
611 395 750 439 ταῦτα
774 389 1142 452 ἀποκρινόμενος;
1161 387 1404 448 Ὡμολόγει.
1441 386 1531 434 ’Ίθι
1560 399 1595 433 O

108 463 180 523 δή,
207 468 322 523 ἔφην
346 462 455 523 ἐγώ,
494 459 636 509 εἰπὲ“
612 471 743 520 ημῖν,
786 461 859 505 ἐπὶ
880 463 983 506 τίνα
1006 460 1147 518 λέγεις
1174 464 1267 512 &vag
1292 456 1407 503 εἶναι
1429 454 1531 510 τοὺς

107 530 367 592 ἆνδρείους;
399 524 427 590 ἦ
453 528 523 590 ἐφ’
552 528 664 590 ἅπερ
695 531 740 575 οἱ
764 531 924 584 δειλοί;
962 524 1058 574 Οὐκ
1081 531 1179 586 ἔφη.
1245 523 1424 572 Οὐκοῦν
1458 522 1527 583 ἐφ’

106 601 247 659 ἕτεροι.
303 604 421 657 Ναί,
446 618 474 658 η
498 596 540 644 δ’
568 617 628 651 ος.
684 594 885 655 Πότερον
908 598 955 641 οἱ
973 595 1055 654 μὲν
1079 594 1219 641 δειλοὶ
1243 595 1316 639 ἐπὶ
1339 590 1392 638 τὰ
1415 600 1533 651 θαρ-

109 669 247 725 ραλέα
271 672 495 727 ἔρχονται,
520 668 567 712 οι
587 665 637 711 δὲ
661 662 859 725 ἀνδρεῖοι
884 664 957 709 ἐπὶ
979 662 1033 709 τὰ
1058 661 1210 719 δεινάς
1247 662 1434 720 Λέγεται
1459 659 1531 720 δή,

107 754 141 780 ω
166 733 426 795 Σώκρατες,
467 752 607 788 ουτως
627 731 716 778 ὑπὸ
738 750 829 778 των
851 728 1121 790 ἀνθρωπων.
1180 728 1373 788 Ἀληθῆ,
1410 733 1532 815 ἔφην

106 802 216 862 ἐγώ,
259 805 423 862 λέγεις·
466 799 563 847 ἀλλ’
592 798 646 847 οὐ
670 802 799 847 τοῦτο
824 800 995 858 ἐρωτῶ,
1037 796 1150 845 ἄλλα
1182 796 1238 843 σύ
1270 798 1344 843 ἐπὶ
1373 801 1421 843 τί
1440 796 1528 856 φῂς
1554 807 1595 841 D

106 876 200 924 ἴτας
226 870 340 917 εἶναι
362 867 465 923 τούς
488 867 747 928 ἆνδρείους;
788 860 859 927 ἆρ’
889 867 962 912 ἐπὶ
985 865 1037 913 τὰ
1064 863 1212 924 δεινά,
1254 863 1529 924 ἡγουμένους

105 938 232 984 δεινὰ
256 937 393 996 εἶναι,
425 934 454 996 ἢ
479 937 551 982 ἐπὶ
574 935 628 983 τὰ
651 934 733 995 μή;
769 933 902 982 Ἀλλὰ·
925 933 1055 981 τοῦτό
1079 932 1119 993 γ’
1127 970 1141 994 ,
1168 938 1276 992 ἔφη,
1311 934 1362 979 ἐν
1384 929 1451 986 οἷς
1476 931 1532 978 σὺ

103 1010 251 1064 ἔλεγες
281 1016 374 1059 τοῖς
406 1003 552 1063 λόγοις
585 1002 834 1062 ἀπεδείχθη
866 1001 987 1062 ἄρτι,
1030 1000 1098 1048 ὅτι
1133 999 1369 1047 ἀδύνατον.
1441 1001 1534 1046 Καὶ

103 1076 256 1132 τοῦτο,
299 1078 414 1132 ἔφην
447 1070 555 1130 ἐγώ,
597 1069 763 1130 ἄληθες
796 1072 949 1129 λέγεις.
1017 1067 1120 1116 ωστ’
1150 1074 1192 1115 εἰ
1221 1070 1351 1115 τοῦτο
1383 1066 1534 1128 ὀρθῶς

103 1138 376 1200 ἀπεδείχθη,
410 1141 482 1186 ἐπὶ
505 1158 588 1199 μεν
617 1136 646 1184 ἃ
671 1137 796 1185 δεινὰ
819 1136 991 1221 ἡνεῖται
1023 1137 1138 1184 εἶναι
1162 1135 1311 1191 οὐδεὶς
1343 1140 1533 1197 ἔρχεται,

103 1206 258 1268 ἐπειδὴ
281 1205 331 1254 τὸ
361 1227 476 1266 ηττω
502 1206 617 1254 εἶναι
641 1208 804 1253 ἑαυτοῦ
836 1204 1002 1266 εὑρέθη
1026 1204 1199 1265 ἀμαθία
1223 1197 1348 1251 οὖσα.
1397 1203 1533 1263 Ὡμο-

103 1274 236 1334 λόγει.
295 1274 429 1322 ’Λλλά
451 1274 542 1335 μὴν
565 1273 680 1321 ἐπὶ
661 1273 689 1320 οἱ
713 1293 764 1334 γε
786 1276 1010 1355 θαρροῦσι
1035 1272 1197 1327 πάντες
1221 1292 1279 1319 αυ
1311 1277 1530 1332 ἔρχονται,

101 1344 177 1389 καὶ
201 1345 340 1390 δειλοὶ
363 1345 437 1389 καὶ
460 1341 683 1402 ἀνδρεῖοι,
723 1343 799 1388 καὶ
821 1340 958 1403 ταύτῃ
982 1361 1033 1400 γε
1058 1343 1130 1387 ἐπὶ
1153 1360 1206 1387 τα
1231 1338 1346 1387 αὐτα
1376 1346 1531 1400 ἕρχον-
1557 1352 1594 1384 Ε

101 1430 174 1457 ται
204 1414 251 1458 οἱ
272 1415 416 1458 δειλοί
434 1430 482 1458 τε
512 1412 588 1457 καὶ
619 1413 666 1457 οἱ
693 1409 905 1470 ἀνδρεῖοι.
965 1408 1099 1456 Ἀλλὰ
1128 1411 1301 1469 μέντοι,
1343 1412 1453 1468 ἔφη,
1495 1402 1530 1456 ὦ

190 1565 233 1597 Β.
274 1561 318 1599 εἰ
337 1575 447 1604 τους
476 1558 732 1618 ανδρειόυς
756 1562 881 1608 λέγοι
910 1561 1134 1607 θαρραλ.]
1166 1563 1228 1597 Sic
1254 1562 1356 1597 codd.
1379 1562 1530 1607 plurimi

102 1613 215 1653 atque
232 1611 361 1665 optimi
376 1621 440 1654 pro
455 1610 558 1663 vulg.
575 1607 689 1654 λεγει.

190 1654 233 1690 C.
271 1650 346 1689 ἐπὶ
368 1655 474 1690 τίνα
499 1653 653 1698 λέγεις
677 1652 801 1698 ἴτας]
833 1653 953 1698 Vulgo
983 1649 1045 1688 ἐπὶ
1074 1653 1124 1688 τί.
1173 1654 1325 1687 Bekker
1349 1665 1367 1686 e
1391 1655 1478 1687 Vat.
1497 1653 1531 1688 Θ

99 1699 207 1743 τίνα,
232 1700 329 1743 quod
349 1701 389 1733 in
410 1700 516 1734 Bodl.
538 1701 827 1743 superscriptum
852 1702 924 1742 est,
949 1700 1110 1741 recepit,
1136 1709 1290 1741 eumque
1309 1699 1530 1733 Stallbaum.

101 1744 240 1796 aliique
267 1746 387 1778 secuti
410 1745 848 1788 sunt.Vu1gat.Astius
872 1745 1053 1788 praetulit
1075 1747 1224 1787 propter
1246 1746 1443 1786 sequentia
1466 1738 1531 1777 ἐπὶ

99 1789 141 1822 τί
162 1785 238 1832 φῂς
263 1789 359 1842 ἰτας
372 1786 493 1843 εἶναι,
516 1793 554 1823 et
571 1794 628 1823 est
644 1789 685 1823 τί
698 1791 735 1822 in
752 1791 892 1823 talibus
908 1790 1023 1823 multo
1039 1790 1230 1823 usitatius.
1277 1789 1422 1823 Deinde
1447 1799 1529 1823 cum

101 1825 359 1868 Heindorfio'
331 1847 356 1878 η
373 1846 447 1890 pro
456 1829 481 1878 ἥ
504 1835 681 1886 seriptum
698 1838 765 1868 est.

190 1875 406 1921 ανδρεῑοι
430 1875 576 1913 ἔπὶτα
601 1875 762 1936 ὃεινα]
787 1879 890 1913 Bodl.
908 1879 1022 1913 Coisl.
1037 1881 1131 1914 Ven.
1150 1879 1194 1917 Ξ.
1214 1879 1261 1912 al.
1280 1876 1402 1913 δειλοῖ.
1419 1879 1529 1913 male.

189 1925 234 1959 Ε.
258 1922 305 1958 οἷ
320 1924 476 1959 δειλοί
488 1935 537 1958 τε
552 1923 631 1958 καὶ
649 1921 695 1958 οἷ
710 1919 948 1968 ανδρεῖοι]
973 1926 1072 1960 Vett.
1091 1925 1194 1958 editt.
1212 1921 1253 1958 οἵ
1267 1924 1394 1959 δειλοί
1406 1935 1446 1959 τε
1462 1923 1531 1958 καὶ

98 1962 310 2014 ανανδροι,
332 1971 426 2005 vitio
448 1971 663 2012 manifesto,
687 1971 783 2014 quod
800 1971 1001 2005 Cornarius
1023 1970 1157 2004 tollere
1181 1973 1335 2004 conatus
1359 1974 1416 2004 est
1437 1971 1528 2004 scri-

143 2076 271 2115 1).ἒν
302 2078 374 2121 οἷς
405 2091 459 2115 συ
493 2079 650 2125 ἔλεγες
673 2083 781 2134 τοῖς

99 2121 256 2179 λόγοις
313 2128 360 2160 Η.
386 2138 418 2161 e.
451 2122 493 2160 ἐν
525 2130 606 2166 τοῖς
639 2122 781 2180 λόγοις,

98 2181 166 2224 ους
183 2168 230 2204 σύ
271 2173 386 2215 λεγες.
408 2172 534 2205 Verba
551 2167 647 2205 ἄλλα
666 2168 781 2207 τοῦτό

97 2210 139 2259 γ’
162 2217 370 2250 referuntur
393 2217 439 2250 ad
443 2218 619 2270 priorem
624 2222 780 2270 partem

97 2262 416 2313 interrogationis.
434 2252 480 2313 ἆρ
486 2256 574 2295 ’ἐπὶ
590 2274 637 2296 τα
652 2258 778 2308 ὃεινα,

97 2300 337 2358 ἡγουμένους
354 2301 466 2340 δεινὰ
484 2303 597 2340 εἶναι.
631 2307 750 2341 Stalzb.

146 2346 322 2394 εὑρέθη
341 2346 526 2395 ἀμαθία
545 2343 675 2396 οὖσα]
689 2353 778 2387 Fre-

98 2397 228 2438 quenti
250 2406 320 2429 nec
343 2399 468 2429 tamen
492 2398 679 2430 constanti
702 2408 779 2431 ser-

97 2441 216 2474 monis
233 2451 301 2474 usu
313 2441 548 2484 participium
562 2443 778 2485 praedicato

100 2486 428 2519 accommodatum.
460 2497 494 2520 v.
521 2487 567 2520 ad
590 2498 624 2530 p.
646 2489 712 2521 354
737 2488 778 2521 C.

99 2529 255 2564 Actius
287 2535 403 2564 totum
434 2531 522 2564 hoc:
564 2526 699 2576 ἐπειδὴ
732 2528 774 2567 τὰ

99 2567 180 2626 ᾔττ.
202 2594 250 2600 -
271 2569 389 2619 οὖσα,
421 2587 486 2619 pro
511 2577 636 2610 alieno
661 2588 777 2621 eoque

99 2618 225 2662 inepto
258 2621 508 2655 additamento
540 2622 671 2662 habet,
711 2622 777 2656 sed

100 2673 210 2706 quum
238 2666 299 2699 hic
329 2677 443 2718 quae
451 2666 622 2700 dicuntur
650 2665 775 2711 δεινοί,

102 2708 230 2742 eadem
254 2712 326 2744 sint
341 2706 461 2754 κακοὶ,
488 2711 536 2744 ad
560 2722 605 2745 ea
623 2723 696 2746 non
713 2723 775 2746 ac-

102 2752 205 2786 cedit
224 2755 298 2788 nisi
319 2758 382 2799 qui
404 2757 549 2790 ratione
575 2760 612 2790 et
628 2758 776 2811 sapien-

101 2797 156 2830 tia
178 2797 374 2834 destitutus
399 2805 465 2835 est.
505 2803 634 2844 Itaque
658 2803 691 2835 si
714 2803 777 2845 qui

848 2086 951 2135 sunt,
992 2083 1076 2137 qui
1085 2083 1351 2126 cupiditatibus
1379 2084 1529 2116 incitati

848 2122 1025 2172 (ἥττονες
1057 2122 1222 2170 ἑαυτῶν)
1257 2129 1304 2161 ad
1335 2140 1382 2162 τα
1415 2124 1528 2161 δεινά

847 2174 1032 2216 ferantur,
1057 2185 1119 2207 eos
1137 2174 1226 2206 illuc
1244 2168 1399 2217 αμαθία
1417 2184 1528 2215 quae—

847 2218 932 2251 dam
970 2218 1159 2262 perducit,
1202 2229 1310 2261 quum
1351 2222 1526 2260 quantum

847 2264 938 2296 mali
969 2265 1193 2307 suscipiant,
1226 2274 1301 2297 non
1334 2266 1524 2307 exputent.

846 2319 882 2343 v.
900 2319 984 2342 ann.
1004 2309 1051 2342 ad
1071 2320 1105 2352 p.
1125 2310 1190 2342 345
1207 2309 1253 2341 D.

890 2348 1015 2387 Ἀλλά
1048 2349 1137 2397 μὴν
1171 2348 1246 2387 ἐπὶ
1278 2346 1305 2386 ἅ
1327 2364 1376 2398 γε
1408 2354 1526 2396 θαρ-

848 2398 1001 2442 ροῦσι]
1030 2399 1204 2442 Repetite
1228 2399 1428 2442 superioris
1452 2399 1527 2432 dis-

846 2445 1050 2486 putationis
1075 2446 1308 2486 argumento,
1334 2444 1421 2486 quid
1443 2455 1527 2486 por·

846 2499 886 2522 ro
919 2490 1004 2522 inde
1040 2493 1301 2531 consequatur,
1336 2489 1526 2532 explicare

845 2534 979 2577 pergit.
1021 2535 1070 2566 Et
1086 2535 1202 2577 primo
1226 2534 1372 2576 quidem
1397 2545 1441 2566 ex
1469 2544 1524 2575 eo,

847 2579 942 2621 quod
968 2589 1182 2612 concessum
1213 2583 1293 2612 erat
1316 2589 1425 2621 quum
1451 2579 1526 2611 for-

843 2627 900 2657 tes
923 2627 999 2656 tum
1027 2625 1181 2668 ignavos
1204 2624 1385 2657 audacter
1408 2624 1455 2656 ad
1478 2634 1526 2656 ea.

845 2669 1043 2709 accedere,
1066 2670 1113 2702 ad
1131 2679 1226 2712 quae
1246 2669 1444 2709 accedant,
1466 2679 1524 2701 ar-

844 2717 931 2757 gute
950 2714 1136 2747 concludit
1157 2715 1228 2747 hac
1244 2714 1388 2747 ratione
1413 2713 1522 2755 effici,

842 2762 885 2791 ut
907 2760 1056 2801 utrique
1077 2759 1125 2793 ad
1142 2760 1270 2792 eadem
1294 2769 1440 2802 prorsus
1460 2769 1524 2793 ac-

846 2803 978 2837 cedere
996 2804 1184 2838 iudicandi
1202 2805 1286 2839 sint.
1303 2804 1423 2838 Stallb.
