1722 2964
520 81 943 118 PROTAGORAS.
978 80 1022 120 P.
1046 83 1115 118 338
1136 81 1220 118 ST.
1485 77 1565 120 117

138 200 360 244 συνουσία
383 215 431 243 τε
455 197 531 242 καὶ
554 193 752 253 διάλογοι
774 192 883 254 ἡμῖν
906 198 1167 253 γίγνωνται·
1202 198 1244 241 εἰ
1271 193 1331 254 μὴ
1356 192 1566 252 βούλεται

145 263 440 324 Πρωταγόρας
471 263 820 324 ἀποκρίνεσθαι,
861 255 988 344 οὗτος
1019 263 1102 322 μὲν
1134 260 1351 323 ἐρωτάτω,
1393 261 1480 320 ἐγώ
1515 263 1566 309 δὲ

138 331 486 393 ἀποκρινοῦμαι,
518 333 594 378 καὶ
623 329 713 390 ἅμα
743 345 1009 390 πειρασομαι
1040 329 1160 392 αὐτῷ
1186 332 1351 389 δεῖξαι,
1385 349 1445 384 ως
1477 329 1565 389 ἐγώ

138 421 252 483 φημι
274 403 434 461 χρῆναι
456 399 535 447 τὸν
557 397 910 481 ἀποκρινόμενον
933 397 1280 459 ἀποκρίνεσθαι·
1307 395 1491 445 επειδαν
1515 399 1566 444 δὲ

139 468 224 527 εγω
249 467 558 529 ἀποκρίνωμαι
579 465 705 514 ὁπόσ’
734 463 791 513 ἂν
821 460 949 521 οὗτος
973 465 1188 526 βούληται
1220 465 1405 528 ἐρωτᾶν,
1430 465 1567 513 παλιν

138 530 264 591 οὗτος
289 539 386 596 ἐμοὶ
409 535 543 595 λόγον
564 534 792 594 ὑποσχέτω
817 533 990 594 ὁμοίως.
1018 533 1098 581 εἀν
1128 536 1211 582 οὐν
1233 534 1294 594 μὴ
1320 537 1430 595 δοκῇ
1453 533 1567 595 πρό-

136 613 282 664 θυμος
307 605 423 651 εἶναι
455 604 565 665 πρὸς
590 601 697 650 αὐτὰ
720 602 770 649 τὸ
795 602 1084 662 ἐρωτωμενον
1106 602 1456 663 ἀποκρίνεσθαι,
1491 604 1567 648 καὶ

137 671 223 730 ἐγώ
255 674 331 718 καὶ
362 671 490 732 ὑμεῖς
521 675 648 732 κοινῇ
681 669 938 730 δεησόμεθα
974 670 1111 717 αὐτοῦ
1144 670 1257 731 ἅπερ
1281 669 1409 730 ὑμεῖς
1441 674 1566 730 ἐμοῦ,

134 739 195 799 μὴ
219 745 506 801 διαφθείρειν
528 738 612 799 τὴν
635 744 894 786 συνουσίαν.
921 740 995 784 καὶ
1011 737 1146 785 οὐδὲν
1163 744 1236 785 δεῖ
1250 738 1409 786 τούτου
1433 741 1567 785 ἕνεκα

136 810 215 854 ἕνα
241 806 480 867 ἐπιστάτην
503 809 731 867 γενέσθαι,
756 805 868 853 ἀλλὰ
893 805 1055 861 πάντες
1080 809 1208 867 κοινῇ
1240 805 1562 865 ἐπιστατήσετε.

130 874 299 923 Ἐδόκει
328 877 467 923 πᾶσιν
503 874 619 922 οὕτω
658 876 866 934 ποιητέον
905 875 1031 922 εἶναι.
1082 876 1156 921 καὶ
1194 873 1218 920 ὁ
1258 873 1565 935 Πρωταγόρας

135 942 256 990 πάνυ
293 943 376 1002 μὲν
415 942 498 990 οὐκ
528 942 718 1003 ἤθελεν,
766 942 884 1002 ὅμως
917 943 966 989 δὲ
996 942 1264 1001 ἠναγκάσθη
1296 941 1567 1002 ὁμολογῆσαι

136 1010 400 1070 ἐρωτήσειν,
440 1013 514 1057 καὶ
547 1010 732 1058 ἐπειδᾶν
773 1013 935 1064 ἱκανῶς
968 1009 1195 1070 ἐρωτήσῃ,
1233 1009 1369 1056 πάλιν
1395 1003 1567 1057 Ἠώσειν

135 1077 268 1138 λόγον
310 1078 419 1125 κατὰ
452 1077 640 1138 σμικρὸν
672 1077 1033 1139 ἀποκρινόμενος.
1087 1077 1247 1139 ἤρξατο
1279 1072 1363 1124 οὖν
1395 1081 1569 1139 ἐρωτᾶν

137 1145 306 1192 οὑτωσί
325 1164 430 1200 πως.

240 1235 345 1294 Cap.
372 1236 535 1282 XXVI.
568 1235 808 1295 Ἡγοῦμαι,
841 1241 941 1295 ἔφη,
968 1230 1002 1282 ὦ
1028 1235 1288 1295 Σώκρατες,
1324 1234 1411 1295 ἐγώ
1434 1235 1569 1296 ἀνδρὶ

138 1309 343 1359 παιδείας
383 1307 591 1364 μέγιστον
621 1306 753 1364 μέρος
795 1303 910 1351 εἶναι
948 1306 1051 1365 περὶ
1083 1302 1204 1351 ἐπῶν
1245 1304 1398 1351 δεινὸν
1431 1305 1567 1351 εἶναι·

134 1482 164 1515 Β
190 1438 272 1514 ΜΞ).
298 1431 427 1471 ‘inda’
453 1429 507 1471 ἂν
531 1428 666 1476 οὗτος
690 1435 725 1480 β.
752 1431 836 1480 ἐρ.]
865 1431 979 1470 ὁπόσ’
999 1447 1018 1470 e
1036 1437 1141 1471 Bodl.
1160 1438 1246 1471 Vat.
1262 1447 1328 1480 pro
1347 1431 1449 1477 ὅπως
1468 1437 1571 1471 dedit

169 1493 186 1515 e
247 1493 298 1515 er.

132 1595 194 1636 tis,
211 1594 375 1637 deligere
391 1594 491 1636 nolo,
509 1594 573 1627 sed
590 1597 660 1627 etc.
693 1594 813 1627 Accu-

133 1641 250 1672 ratius
274 1639 344 1672 hoc
368 1639 463 1683 quod
482 1620 613 1672 'facere
637 1640 729 1673 velit
751 1650 813 1672 ex—

133 1685 253 1727 plicat
267 1685 443 1727 proximis
459 1685 583 1718 verbis
603 1681 639 1718 εἰ
653 1681 704 1727 μὴ
725 1679 814 1727 βού-

135 1730 241 1762 λεται
261 1729 384 1781 Πρωτ,
402 1724 480 1763 κτὲ.

178 1775 224 1807 D.
276 1769 388 1817 πρὸς
432 1769 547 1807 αὐτὸ
599 1768 648 1807 τὸ
691 1769 814 1817 ἐρωτ.

135 1813 227 1863 dm]
263 1819 316 1852 ad
347 1819 391 1852 id
424 1820 582 1862 ipsum,
617 1820 729 1862 quod
754 1819 816 1851 in-

134 1867 414 1908 terrogatum
445 1865 607 1906 fuerit,
637 1875 817 1907 respon—

133 1909 254 1950 dere,
288 1909 353 1942 sed
382 1910 505 1942 aliena
527 1909 734 1942 immiscere
758 1912 815 1942 at—

133 1964 202 1997 que
220 1953 467 2006 δημηγορεῖν.
487 1954 612 1988 Stallb.

178 2000 221 2033 E.
237 2010 356 2032 κατα
370 1994 811 2051 σμικρὸνοῖποκριν]

134 2043 294 2099 Sophist.
313 2056 348 2087 p.
367 2047 433 2078 217
450 2046 502 2077 D.
535 2040 586 2088 μὴ
612 2039 710 2078 κατὰ
729 2054 813 2087 σμι-

133 2100 226 2131 κρον
257 2085 347 2128 ἔπος
375 2086 470 2132 πρὸς
493 2086 608 2145 ,ἔπος
610 2090 813 2123 ποιεῖσθαι

134 2132 204 2186 τὴν
228 2135 455 2187 συνουσίαν,
479 2129 564 2168 ἄλλ’
590 2130 814 2170 ἐκτείναντα

134 2174 399 2232 ἀπομηκύνειν
423 2161 535 2224 λόγον
557 2175 716 2224 συχνόν,
750 2182 815 2214 ubi

133 2236 231 2258 κατα
249 2221 407 2278 σμικρόν
431 2226 566 2259 additis
583 2227 706 2259 verbis
725 2222 814 2265 ἔπος

134 2266 228 2313 πρὸς
247 2266 336 2309 ἔπος
354 2271 490 2304 clarius
503 2270 722 2304 illustratur.

176 2359 269 2414 Cap.
277 2361 410 2394 XXVI.
427 2354 566 2413 ανδρὶ
583 2360 812 2401 παιδείας

132 2402 357 2449 μέγιστον
381 2402 495 2448 μέρ.]
546 2405 664 2448 Supra
694 2418 730 2449 p.
747 2409 813 2440 326

130 2450 287 2484 vidimus
295 2450 456 2483 Graecos
464 2451 693 2493 maximeque
701 2451 813 2485 Athe—

133 2496 280 2529 nienses
324 2497 398 2528 iam
438 2495 571 2538 puerili
614 2495 815 2539 disciplina.

134 2544 323 2583 poetarum
345 2542 555 2583 praeceptis
578 2541 738 2574 imbutos
760 2543 816 2575 fu-

135 2586 217 2619 isse.
264 2586 405 2620 Poetae
437 2587 532 2619 enim
556 2587 661 2628 quasi
683 2597 812 2629 paren—

135 2634 189 2663 tes
211 2632 421 2674 sapientiae
445 2631 645 2673 optimique
667 2632 815 2666 virtutis

135 2676 307 2718 magistri
333 2678 405 2710 visi
430 2678 525 2708 sunt.
575 2676 617 2708 Id
633 2687 719 2710 vero
737 2680 813 2710 stu·

134 2719 231 2752 dium
260 2722 426 2764 quamvis
448 2721 522 2754 iam
548 2724 622 2753 tum
646 2733 669 2754 a
691 2722 813 2756 Xeno-

135 2764 255 2806 phane
279 2770 318 2799 et
339 2767 386 2800 ab
409 2766 603 2800 Heraclito
628 2767 811 2810 improba-

882 1595 1045 1628 excurrit
1062 1598 1098 1628 et
1107 1595 1241 1629 civium
1250 1595 1454 1639 cupiditate
1463 1606 1571 1639 quum

885 1651 907 1673 a
938 1640 1134 1684 rhapsodis
1162 1644 1239 1673 tum
1267 1652 1290 1674 a
1315 1641 1495 1685 sophistis
1513 1643 1569 1674 in-

885 1685 1073 1718 flammata
1103 1687 1158 1718 ita
1183 1689 1333 1719 auctum
1356 1690 1431 1727 est,
1464 1691 1506 1720 ut
1523 1687 1569 1720 de

885 1733 1078 1773 poetarum
1101 1731 1226 1764 verbis
1251 1735 1288 1764 et
1310 1732 1507 1765 sententiis
1531 1733 1569 1764 in

889 1776 1083 1817 conviviis,
1112 1776 1152 1808 in
1179 1777 1394 1819 gymnasiis,
1427 1777 1466 1809 in
1483 1777 1571 1810 aliis

886 1820 980 1853 locis
1014 1821 1137 1854 crebri
1169 1824 1294 1854 essent
1323 1832 1508 1855 sermones
1533 1826 1572 1856 et

887 1866 1195 1904 concertationes,
1214 1866 1300 1909 quid
1313 1871 1416 1900 recte
1430 1868 1570 1900 dictum

887 1914 997 1952 esset,
1017 1910 1102 1954 quid
1119 1922 1238 1947 secus.
1277 1912 1469 1946 Eiusmodi
1487 1924 1570 1946 con-

884 1957 1105 1990 troversiam
1121 1956 1344 1999 Aeschylum
1369 1960 1407 1991 et
1422 1959 1570 2001 Euripi-

885 2001 967 2034 dem
982 2002 1082 2035 inter
1099 2012 1139 2035 se
1156 2003 1339 2036 habentes
1362 2003 1457 2036 fecit
1487 2004 1571 2036 Ari-

882 2047 1085 2090 stophanes
1100 2047 1194 2081 Ran.
1211 2058 1246 2082 v.
1266 2049 1437 2091 1120sqq.
1448 2073 1456 2087 ,
1475 2060 1572 2092 quae

884 2095 1084 2135 antequam
1141 2094 1375 2135 instituitur,
1445 2095 1570 2127 facete

885 2147 1010 2170 omnes
1033 2141 1265 2180 spectatores
1297 2140 1470 2171 dicuntur
1492 2142 1571 2172 tam

884 2182 1041 2215 subtiles
1091 2183 1362 2226 disputationes
1412 2184 1572 2217 callere:

886 2224 976 2261 Ec.
1005 2254 1012 2261 .
1047 2228 1386 2272 καταφοβεῖσθον,
1426 2224 1486 2282 μή
1512 2240 1572 2268 τις

884 2267 1041 2326 ἀμαθία
1072 2273 1195 2325 προσῇ
1233 2274 1325 2312 Τοῖς
1356 2272 1570 2326 θεωμένοι-

884 2327 965 2369 σιν,
990 2330 1039 2357 ως
1058 2330 1103 2351 τα
1130 2313 1260 2351 Aemo}
1276 2314 1327 2361 μή
1347 2318 1491 2363 γνῶναι
1510 2321 1569 2353 λε-

881 2344 1047 2416 γόντοιν,
1057 2360 1199 2416 Μηδὲν
1206 2358 1415 2415 ὀρρωδεῖτε
1429 2360 1568 2398 τοῦθ’·

876 2403 931 2460 ὥς
970 2403 1039 2441 οὐκ
1080 2403 1146 2441 ἔθ’
1177 2402 1276 2442 οὕτω
1321 2404 1434 2442 ταῦτ’
1475 2407 1566 2453 ἔχει.

876 2447 1190 2508 Ἐστρατευμένοι
1215 2449 1287 2498 γάρ
1317 2452 1389 2488 εἰσι
1412 2454 1572 2507 Βιβλίον

883 2493 916 2530 τ’
937 2495 1034 2550 έχων
1051 2495 1208 2538 ἕκαστος
1224 2495 1420 2542 μανθανει
1439 2511 1486 2532 τα
1505 2499 1571 2533 δε-

884 2539 959 2584 ξια.
995 2543 1152 2577 Talibus
1169 2548 1290 2577 autem
1307 2546 1598 2588 disputationi-

882 2589 951 2621 bus
969 2588 1050 2621 fieri
1065 2599 1137 2622 non
1153 2592 1272 2633 potuit
1281 2591 1366 2633 quin
1377 2600 1436 2622 ars
1445 2600 1568 2632 gram-

884 2634 1023 2666 matica
1047 2638 1282 2677 nasceretur,
1310 2636 1368 2667 cui
1387 2635 1567 2678 Protago-

883 2689 962 2710 ram
1005 2680 1160 2721 primum
1207 2691 1356 2723 operam
1404 2690 1567 2713 navasse

884 2727 1042 2765 constat,
1074 2735 1109 2758 v.
1142 2726 1294 2759 Aristot.
1328 2725 1479 2760 Rhetor.
1495 2725 1564 2760 111.

881 2770 913 2801 5.
954 2769 1064 2812 Diog.
1100 2771 1226 2805 Laert.
1267 2771 1330 2804 IX.
1362 2771 1415 2805 54.
1463 2771 1566 2804 Plat.

133 2813 210 2842 tum
234 2814 348 2851 esset,
380 2814 506 2846 tamen
528 2811 695 2845 ludorum
721 2812 812 2847 fines
878 2814 1038 2848 Phaedr.
1057 2816 1122 2849 267
1142 2816 1183 2849 C.
1209 2815 1350 2858 Cratyl.
1369 2818 1434 2849 391
1451 2816 1494 2849 A.
