1676 2938
229 200 308 236 340
761 197 1016 239 PLATONIS

227 303 281 346 οὐ
306 303 411 356 γάρ,
449 299 589 359 οἶμαι,
627 302 724 358 ἐξῆν
750 305 884 362 αὐτῷ·
921 302 987 347 διὸ
1014 304 1084 347 καὶ
1110 302 1474 359 εὐδαιμονέστερος
1500 300 1555 358 ἦν

227 367 254 420 ἢ
282 363 347 416 οἷς
374 366 479 420 ἐξῆν.
511 367 614 410 ἀλλὰ
641 370 736 422 γάρ,
771 363 806 410 ὦ
836 369 1093 418 Καλλίκλεις,
1123 367 1169 410 ἐκ
1194 371 1279 410 τῶν
1304 366 1554 421 δυναμένων

116 429 197 472 526
228 431 305 473 εἰσὶ
324 431 394 473 καὶ
422 432 465 473 οἱ
489 432 656 485 σφόδρα
683 431 861 487 πονηροὶ
887 433 1130 486 γιγνόμενοι
1155 435 1400 486 ἄνθρωπον
1429 432 1554 475 οὐδὲν

228 493 313 549 μὴν
331 496 482 538 κωλύει
507 495 577 538 καὶ
605 495 651 538 ἐν
678 498 844 546 τούτοις
871 497 1063 551 α’γαθοὺς
1089 498 1248 550 ἄνδρας
1272 495 1554 551 ἐγγίγνεσθαι,

228 559 493 613 καὶσφόδρα
519 575 566 614 γε
592 561 711 612 ἄξιον
737 564 924 615 ἄγασθαι
952 564 1036 603 τῶν
1061 559 1347 614 γιγνομὲνων·
1374 562 1555 615 χαλεπὸν

228 625 322 677 γάρ,
351 617 386 665 ὦ
408 626 663 676 Καλλίκλεις,
690 626 760 668 καὶ
786 628 946 668 πολλοῦ
974 624 1152 678 ἐπαίνου
1177 625 1297 676 ἄξιον
1323 624 1369 667 ἐν
1396 626 1553 679 μεγάλῃ

229 687 396 743 ἐξουσίᾳ
413 696 491 730 τοῦ
518 689 678 731 ἀδικεῖν
703 691 935 743 γενόμενον
963 690 1131 738 δικαίως
1158 690 1391 743 διαβιῶναι.
1418 689 1554 743 ὀλίγοι

227 752 271 794 δὲ
308 748 607 806 γίγνονταιοῖ
641 760 843 796 τοιοῦτον
882 754 968 796 ἐπεὶ
1007 755 1077 795 καὶ
1113 752 1266 796 ἐνθάδε
1305 752 1376 796 καὶ
1401 756 1554 796 ἄλλοθι

226 818 473 870 γεγόνασιν,
517 812 635 871 οἶμαι
670 816 715 859 δὲ
752 818 821 859 καὶ
848 816 1014 860 ἔσονται
1041 818 1161 860 καλοὶ
1187 818 1372 872 κάγαθοὶ
1396 819 1554 870 ταύτην

158 883 196 926 Β
227 879 304 934 τὴν
332 881 508 934 ἀρετήν,
547 879 626 935 τὴν
663 888 740 923 τοῦ
767 882 937 931 δικαίως
964 883 1221 936 διαχειρίζειν
1247 884 1274 924 ἃ
1301 885 1357 924 ἄν
1383 898 1445 931 τις
1472 881 1555 925 ἐπι-

227 942 380 999 τρέπῃ·
420 940 478 994 εἷς
515 944 560 986 δὲ
598 944 668 988 καὶ
706 947 821 987 πάνυ
857 945 1073 1000 ἐλλόγιμος
1098 944 1247 1000 γέγονε
1274 947 1346 989 καὶ
1371 947 1429 996 εἰς
1455 948 1555 996 τοὺς

225 1005 608 1063 ἄλλους’Ὲλληνας,
634 1005 894 1064 ’Λριστείδης
912 1010 936 1052 ὁ
957 1013 1217 1065 Λυσιμάχου.
1245 1011 1289 1052 οἱ
1312 1011 1356 1053 δὲ
1388 1012 1553 1063 πολλοί,

291 1163 330 1195 P.
353 1161 428 1196 526.
476 1163 544 1195 καὶ
579 1161 751 1204 σφόδρά
781 1175 826 1206 γε
855 1160 997 1207 ἄξιον]
1028 1174 1068 1207 γε
1098 1174 1162 1196 om.
1188 1163 1305 1207 Soeph.
1327 1174 1403 1197 cnm
1426 1165 1502 1197 Par.
1527 1165 1552 1197 1.

227 1211 260 1239 et
282 1209 402 1250 paucis
425 1207 511 1240 aliis.

294 1249 367 1296 τὴν
392 1255 464 1284 τοῦ
489 1251 670 1286 δικαίως
694 1251 817 1295 ὀιαχ.]
850 1251 935 1295 ,μὴν
957 1251 1073 1290 addidi
1095 1262 1138 1285 ex
1160 1262 1229 1286 uuo
1252 1252 1344 1286 Flor.
1366 1264 1401 1286 x.
1445 1253 1555 1287 Verte

226 1295 382 1329 lectionis
396 1297 579 1339 vestigium
597 1297 759 1329 remansit
776 1296 867 1339 apud
883 1295 1145 1337 Theodoretum,
1167 1298 1227 1330 ubi
1249 1307 1310 1340 pro
1334 1301 1394 1330 τοῦ
1416 1297 1555 1334 δικαίως

225 1340 350 1384 legitur
367 1338 410 1384 ἣν
427 1353 475 1373 τοι
496 1340 664 1375 δικαι’ωε.”
697 1341 793 1374 Haec
811 1342 859 1374 ita
876 1341 957 1374 olim
981 1342 1192 1385 scripseram.
1237 1341 1292 1374 Ad
1338 1353 1402 1375 uae
1418 1342 1553 1376 Aetius:

226 1386 325 1426 „Imo
354 1386 534 1418 articulum
566 1383 626 1428 τὴν
655 1390 731 1428 post
761 1383 889 1429 ἀρετὴν
922 1390 1057 1428 propter
1090 1390 1292 1428 postremam
1315 1353 1427 1420 ‘liuius
1460 1387 1554 1419 vocis

226 1430 394 1472 syllabam
417 1435 555 1472 apparet
577 1429 754 1464 excidisse.
763 1430 781 1444 ''
827 1430 933 1470 Quasi
958 1441 1036 1463 vero
1061 1441 1124 1474 ego
1148 1430 1213 1464 hoc
1236 1432 1450 1474 negaverim!
1485 1431 1552 1464 Sed

225 1475 273 1507 ita
295 1474 354 1507 ille
378 1485 478 1517 saepe
500 1485 599 1507 suum
622 1474 713 1507 istud
735 1475 832 1515 imo,
867 1475 949 1506 imo
980 1475 1127 1517 potius
1149 1479 1184 1507 et
1205 1475 1331 1508 similia
1353 1475 1464 1516 addit,
1494 1475 1553 1507 uhi

225 1519 332 1561 ipsius
365 1520 534 1552 sententia
567 1530 587 1551 a
617 1523 732 1552 nostra
763 1518 819 1551 vel
853 1519 998 1551 aliorum
1031 1520 1189 1562 opinione
1213 1521 1351 1553 minime
1374 1520 1552 1563 discrepat.

225 1563 323 1604 Quod
346 1563 451 1596 semel
473 1564 509 1596 in
533 1563 599 1596 fine
623 1564 734 1606 operis
757 1563 1034 1596 animadvertisse
1057 1565 1139 1596 satis
1164 1564 1236 1597 erit.

290 1609 327 1641 Β.
374 1609 442 1641 καί
475 1607 540 1642 εἰς
573 1605 670 1643 τοὺς
701 1605 855 1642 ἄλλους
878 1606 999 1651 ”Ελλ.]
1031 1610 1105 1646 καί,
1136 1608 1225 1651 quod
1259 1608 1364 1651 vulgo
1386 1608 1552 1642 desidera·

226 1652 335 1694 batur,
359 1652 510 1686 additum
534 1658 585 1685 est
608 1664 650 1685 ex
675 1652 790 1685 Clark.
814 1652 893 1686 Vat-
915 1651 1019 1685 coisl.
1036 1653 1121 1686 Ven.
1143 1653 1174 1685 Ξ
1184 1652 1224 1686 Σ.
1258 1652 1359 1686 vind.
1380 1652 1409 1686 1.
1426 1651 1458 1688 2.
1473 1652 1505 1687 6.
1522 1652 1552 1687 7.

269 1807 309 1840 Ε.
333 1805 434 1849 ἐξῆν
453 1804 576 1850 αὐτῷ]
599 1806 857 1861 Intell.ue'yeara

227 1851 280 1884 καὶ
295 1848 505 1885 ἀνοσιώτατα
518 1849 735 1894 ἁμαρτήματα
747 1862 856 1891 αμαρ-

227 1895 351 1929 ιάνειν.
418 1897 510 1929 Male
556 1896 616 1929 alii
661 1895 858 1938 intelligunt

226 1937 352 1984 ἀνιάιῳ
375 1941 570 1984 γίγνεσθαι.
836 1958 846 1975 ν

270 1985 306 2016 P.
332 1984 408 2018 526.
458 1982 590 2027 ’λίγοι
615 1983 659 2017 δὲ
681 1986 807 2027 γίγνο
822 1996 856 2015 ν·

229 2028 308 2072 ιαι]
346 2030 455 2062 Totus
485 2029 542 2062 hic
564 2029 661 2061 locus
685 2039 790 2070 usque
814 2028 857 2061 ad

226 2074 433 2116 superiorem
480 2074 661 2106 editionem
707 2078 856 2106 nostram

226 2119 347 2150 vitiose
358 2117 538 2151 distinctus
548 2117 857 2150 circumferebatur.

227 2163 312 2195 Nam
347 2167 425 2195 ante
455 2160 565 2205 ὀλίγοι
592 2161 630 2194 δέ
653 2163 762 2194 minor
785 2167 859 2194 erat

227 2208 462 2249 interpunctio,
476 2212 554 2240 ante
568 2204 642 2238 ἐπεὶ
657 2207 711 2238 καὶ
727 2205 857 2238 ἐνθάδε

227 2256 338 2284 autem
364 2251 462 2293 plene
485 2250 765 2294 distinguebatur.
812 2252 859 2283 At

226 2297 316 2328 enim
347 2307 426 2329 vero
457 2295 537 2329 inde
566 2295 609 2328 ab
634 2292 741 2339 ὀλίγοι
764 2294 804 2328 δὲ
825 2306 856 2338 γ.

227 2351 350 2373 novam
380 2341 484 2374 ordiri
515 2341 736 2380 sententiam,
771 2350 857 2382 quae

226 2385 347 2418 deinde
383 2385 492 2419 fusius
528 2384 734 2425 illustretur,
773 2383 857 2416 adeo

226 2430 442 2463 manifestum
478 2434 547 2469 est,
584 2433 624 2463 ut
660 2430 716 2462 vix
753 2428 857 2461 verbo

226 2485 311 2517 opus
345 2475 399 2508 sit.
453 2473 543 2507 Illud
578 2479 688 2507 tamen
720 2483 858 2507 monen—

226 2519 306 2552 dum
337 2519 486 2558 videtur,
517 2519 657 2551 verbnm
685 2519 858 2561 γίγνονται

228 2561 352 2596 habere
384 2561 539 2596 ιόι-ωσυ·.
587 2563 724 2595 Rectam
754 2563 855 2595 ratio—

228 2619 303 2646 nem
350 2607 527 2641 novissimi
573 2607 718 2640 editores
762 2606 858 2639 taciti

225 2652 438 2695 adoptarunt.
473 2651 582 2685 Affert
594 2651 686 2684 hunc
703 2651 858 2685 Platonis

226 2698 340 2730 locum
372 2695 595 2730 Plutarch.
624 2696 692 2729 Vit.
716 2695 857 2731 Aristidi.

925 1817 999 1849 cap.
1022 1806 1075 1842 25.
1106 1807 1302 1851 philosophi
1333 1807 1555 1851 comprobans
1590 1820 1599 1830 ·

924 1851 1098 1884 iudicium.

971 1897 1006 1928 B.
1053 1896 1122 1929 καὶ
1163 1896 1226 1931 εἰς
1265 1894 1360 1931 τοὺς
1399 1894 1553 1931 ἄλλους

919 1939 1039 1984 Ἑλλ.]
1077 1952 1145 1974 non
1183 1940 1293 1974 solum
1329 1941 1418 1984 apud
1452 1941 1554 1974 Athe—

924 1986 1069 2018 nienses.
1117 1983 1185 2020 Ele
1223 1996 1267 2018 ne
1300 1987 1376 2027 quis
1407 1985 1554 2029 positum

926 2041 984 2072 pro
1015 2028 1056 2062 ἐι·
1084 2030 1256 2072 opinetur,
1286 2030 1428 2063 meliora
1456 2029 1553 2064 doce-

926 2073 1012 2106 bunt
1039 2084 1126 2115 quae
1154 2073 1303 2107 diximus
1333 2074 1375 2107 nd
1398 2075 1553 2118 Sympos.

925 2129 999 2160 cap.
1016 2118 1091 2150 vn.
1127 2118 1294 2151 Videlicet
1309 2116 1479 2162 ἐλλόγιμος
1502 2118 1555 2154 ele

927 2175 950 2195 t.
966 2162 1034 2195 ἅλλ-
1048 2161 1213 2205 Ἓλληναε
1231 2169 1372 2196 vocatur
1391 2164 1433 2203 is,
1455 2164 1553 2197 cuius

925 2207 1015 2239 sama
1053 2207 1220 2240 diffusa
1253 2212 1288 2240 et
1320 2218 1473 2250 sparse
1502 2213 1555 2242 eet

925 2251 974 2284 ad
996 2251 1194 2294 reliquos
1217 2251 1420 2286 Graecos.

969 2295 1050 2339 Cap.
1074 2295 1248 2329 LXXXII.
1294 2293 1553 2339 ἐπισημηνά-

925 2352 1070 2378 μενος,
1103 2338 1182 2372 ἐάν
1213 2352 1253 2373 τε
1275 2340 1338 2382 —l
1374 2341 1436 2381 „In
1460 2338 1553 2374 Libr.

926 2386 967 2418 X.
1001 2385 1041 2417 de
1076 2384 1218 2426 Republ.
1254 2396 1287 2429 p.
1319 2383 1396 2419 614.
1427 2384 1465 2418 C.
1499 2395 1551 2417 re-

925 2430 1030 2462 fertur
1073 2428 1229 2463 δικαστὰε
1278 2426 1401 2472 μεταξὺ
1449 2428 1553 2462 δυοῖν

924 2473 1107 2516 χασμᾰιοιν
1141 2473 1335 2516 καθῆσθαι·
1370 2470 1432 2508 οὓς
1461 2472 1552 2506 ἐπει-

924 2516 966 2562 δὴ
1001 2516 1251 2557 διαδικάσειαν,
1293 2515 1371 2552 τούς
1406 2517 1471 2557 μὲν
1501 2516 1551 2550 δι·

923 2565 1041 2596 καιόυς
1070 2561 1220 2596 κελεύειν
1250 2560 1553 2604 πορεύεσθαιιήν

922 2606 973 2640 εἰς
1004 2606 1120 2648 δεξιάν
1153 2619 1187 2640 ιε
1217 2607 1271 2640 καὶ
1302 2604 1376 2639 ἅνω
1397 2603 1461 2649 Ιδιιὶ
1493 2609 1551 2638 τοῦ

922 2648 1097 2691 οὐρανοῦ,
1131 2653 1288 2694 σημεῖα
1312 2648 1550 2691 περιάψαι·-

925 2707 994 2730 τιις
1034 2699 1100 2728 miv
1138 2693 1393 2735 δεδικασμένων
1428 2694 1470 2727 ἐν
1507 2698 1552 2738 τῷ
