1676 2938
477 198 719 238 GORGIAS.
750 198 794 238 P.
826 201 918 237 514.
950 200 1009 239 ed.
1041 200 1097 239 St.

1383 200 1462 236 303

108 311 214 357 λους
253 306 310 357 ὡς
346 307 486 350 ἱκανοὶ
521 307 660 362 ἰατροὶ
699 310 838 359 ὄντες,
878 307 1204 362 ἐπεσκεψάμεθα
1231 308 1374 362 δήπου
1410 307 1466 349 ἂν

111 372 194 426 ἐγώ
222 388 266 414 τε
294 372 339 415 σὲ
367 372 438 415 καὶ
467 373 522 413 σὺ
549 370 633 427 ἐμέ,
667 371 777 426 Φέρε
804 372 912 425 πρὸς
936 376 1066 424 θεῶν,
1096 369 1227 423 αὐτὸς
1254 372 1299 415 δὲ
1327 373 1351 415 ὁ
1373 376 1465 415 Σω-

110 439 266 492 κράτης
296 441 387 487 πῶς
415 436 495 492 ἔχει
523 436 571 480 τὸ
600 441 720 492 σῶμα
747 437 856 490 πρὸς
879 438 1068 492 ὑγίειαν,·
1096 435 1126 492 ἦ
1155 439 1235 493 ἤδη
1259 454 1322 488 τις
1340 441 1468 488 ἄλλος

109 503 180 545 διὰ
208 504 448 558 Σωκράτην
475 504 695 557 ἀπηλλάγη
723 504 881 554 νόσου,
926 500 954 558 ἦ
981 505 1137 553 δοῦλος
1164 500 1193 558 ἢ
1220 503 1465 557 ἐλεύθερος,-

112 569 211 610 Κᾶν
240 568 344 623 ἐγώ,
374 565 514 623 οἶμαι,
542 568 639 622 περὶ
666 571 747 611 σοῦ
775 569 894 622 ἕτερα
922 572 1101 611 τοιαῦτα
1131 568 1358 612 ἐσκόπουν.
1394 569 1465 611 καὶ

109 635 146 675 εἰ
172 634 230 688 μὴ
260 634 521 688 ηὑρίσκομεν
559 630 609 676 δι’
649 635 761 689 ἡμᾶς
788 633 951 689 μηδένα
989 636 1139 688 βελτίω
1182 635 1389 689 γεγονότα
1417 636 1466 677 τὸ
1496 636 1535 678 Ε

109 702 230 753 σῶμα
247 733 256 751 ,
301 701 403 753 μήτε
442 701 528 741 τῶν
568 699 702 750 ξένων
729 701 831 754 μήτε
868 702 956 741 τῶν
983 701 1147 751 ἀστῶν,
1187 701 1289 755 μήτε
1326 700 1464 754 ἄνδρα

108 767 211 819 μήτε
246 768 454 819 γυναῖκα,
494 767 602 818 πρὸς
638 766 746 814 Διός
761 798 778 824 ,“
811 760 844 806 ὦ
886 766 1159 816 Καλλίκλεις,
1199 767 1253 807 οὐ
1291 766 1462 820 καταγέ-

107 833 265 871 λαστον
306 830 361 872 ἂν
388 826 443 884 ἦν
480 837 532 884 τῇ
571 831 752 886 ἀληθείᾳ
794 832 852 880 εἰς
885 838 1095 874 τοσοῦτον
1133 832 1282 880 ἀνοίας
1320 830 1464 873 ἐλθεῖν

108 997 138 1030 1.
162 997 193 1031 2.
218 999 249 1033 6.
275 997 306 1032 7.
337 1000 414 1032 Par.
439 999 542 1033 CIV.
573 1000 665 1034 Flor.
696 1011 728 1033 a.
753 999 785 1032 b.
811 1011 841 1034 c.
865 1000 898 1033 d.
922 1011 958 1034 Χ.
991 1001 1078 1044 Aug.
1112 1001 1273 1042 Meerm.,
1313 1001 1349 1033 in
1380 1004 1462 1034 vett.

108 1044 202 1076 editt.
226 1048 279 1077 est
303 1045 339 1088 ἔγ
319 1056 419 1089 γωγε.

175 1087 300 1133 ἧῆδη
326 1102 385 1124 τις
410 1088 554 1133 ἄλλος]
588 1091 646 1124 Sic
669 1092 747 1124 Par.
772 1092 810 1124 F.
835 1101 921 1126 corr.
971 1090 1085 1124 Ceteri
1109 1090 1190 1124 libri
1222 1089 1242 1134 ἢ
1276 1091 1311 1124 εἰ
1340 1089 1384 1135 δή
1418 1103 1463 1125 τις

105 1103 214 1169 ἄλλος

174 1179 290 1224 εἰμὴ
322 1178 619 1225 ηὑρίσκομεν]

107 1227 244 1269 conf.p

106 1271 149 1304 ad
173 1271 302 1314 Phryn.
325 1282 358 1314 p.
383 1270 460 1305 140.

106 1430 151 1461 rit
174 1440 216 1461 ex
240 1429 303 1469 iis,
335 1439 424 1471 quae
448 1428 492 1461 ad
515 1429 663 1473 Apolog.
687 1430 748 1462 So·

106 1479 188 1552 grat.
218 1485 274 1552 p.S
284 1473 358 1552 ulii
369 1474 631 1563 disputggissmtgs.
674 1475 748 1552 fid-

105 1531 199 1599 neb-¹11?
201 1530 253 1608 sp.
275 1525 452 1598 {ge-&Dp
458 1565 631 1609 Lysid.p
635 1532 746 1601 ,203

105 1611 145 1643 E.
169 1610 307 1654 Protag.
337 1621 370 1653 p.
393 1609 469 1644 318.
503 1612 542 1643 B.
578 1612 632 1643 De
663 1612 745 1654 Rep.

105 1657 200 1688 VIII.
246 1666 278 1698 p.
324 1655 402 1689 515.
449 1657 489 1688 E.
543 1657 745 1699 Xenoph.

106 1701 222 1744 Symp.
255 1702 299 1741 11,
322 1700 377 1734 20.
424 1703 477 1734 De
508 1703 636 1735 aoristo
668 1701 746 1734 ἑπε-

108 1745 314 1787 σκεψάμεθα
347 1751 424 1790 post
454 1748 690 1790 imperfectum
714 1747 750 1780 εἰ

105 1811 149 1816 —
189 1793 451 1833 παρεκαλοῦμεν
490 1793 602 1835 posito
641 1804 673 1827 V.
714 1804 746 1835 p.

105 1836 182 1870 447.
209 1838 251 1869 D.
276 1837 354 1870 coll.
380 1838 620 1880 Euthyphron.
644 1849 675 1880 p.
693 1838 746 1870 12.

106 1883 149 1914 D.
196 1882 352 1925 Sympos.
384 1894 416 1925 p.
449 1882 524 1915 199.
554 1884 597 1915 D.
630 1883 747 1925 ibique

106 1931 223 1960 annot.
248 1929 331 1960 Post
355 1927 415 1967 ἐμὲ
438 1928 665 1971 exspectabas
690 1928 747 1961 ad-

105 1972 214 2005 ditum
239 1971 394 2016 λὲγοντες
419 1971 528 2007 οὕτως
551 1978 612 2006 aut
635 1973 747 2006 simile

105 2018 277 2060 quiddam.
333 2018 401 2051 Sed
431 2018 551 2051 eadem
582 2020 747 2052 orationis

106 2064 217 2096 forma
246 2068 299 2096 est
329 2074 361 2106 p.
385 2062 463 2097 515.
488 2065 529 2096 A.
588 2064 747 2097 Ceterum

106 2106 329 2151 δημοσιεύειν
345 2113 398 2142 est
412 2109 556 2143 verbum
571 2111 746 2153 proprium

106 2164 212 2196 quum
245 2153 286 2187 de
317 2155 477 2188 omnibus
508 2155 572 2195 iis,
603 2156 663 2197 qui
686 2166 746 2198 pu-

105 2199 196 2231 blica
204 2210 346 2233 munera
358 2205 542 2243 capessunt
551 2200 605 2243 (in
614 2199 745 2234 Staats-

106 2244 233 2276 dien-ste
271 2245 392 2286 trete‘n)
438 2251 510 2278 tum
556 2246 660 2279 etiam
704 2246 745 2279 de

106 2289 291 2322 medicis
352 2291 536 2332 publice
589 2291 746 2324 condu-

107 2336 194 2367 ctis
219 2339 261 2367 ct
293 2341 429 2368 artem
458 2346 573 2369 suam
608 2337 746 2379 publi—

106 2389 154 2412 ce
178 2380 511 2414 factitantibus.
552 2382 605 2414 De
628 2382 746 2414 huius-

105 2425 198 2458 modi
221 2425 365 2458 medicis
395 2436 580 2468 eorumque
609 2427 746 2460 fortuna

106 2481 138 2505 v
163 2471 348 2504 Boeckh.
376 2470 504 2504 Oecon.
527 2472 632 2507 Attio.
654 2474 694 2505 Τ.
717 2473 744 2505 1.

105 2558 311 2648 edat-'3321'
326 2573 389 2649 τδιή
409 2558 744 2641 τῗέλοᾶθίῐίᾶξῗὲ

105 2661 210 2691 quum
239 2651 327 2683 haec
358 2662 419 2694 per
441 2652 744 2695 interrogationem

104 2697 273 2737 acciperet
306 2701 409 2739 atque
433 2696 574 2730 mirifice
598 2698 744 2730 offende-

105 2745 197 2773 retur
234 2746 329 2774 recta
365 2743 519 2775 oratione
557 2743 673 2775 statim
707 2744 743 2776 in

667 1181 724 1214 Sic
757 1181 874 1214 Clark
906 1182 983 1216 Vat.
1016 1192 1077 1224 pro
1111 1181 1205 1225 vulg.
1239 1179 1462 1224 εὖρίσκομει.

247 1225 356 1260 5,1.3
379 1227 421 1259 Ε.
451 1227 573 1260 Matth.
606 1226 756 1261 Gramm.
789 1229 820 1267 5.
845 1225 921 1260 167.
946 1228 1074 1260 Buttm.
1106 1228 1138 1267 ἓ.
1162 1226 1219 1262 84.
1241 1226 1274 1262 3.
1306 1227 1459 1261 Lobeck.

817 1428 992 1471 obliquam
1028 1434 1181 1471 mutata,
1221 1430 1461 1475 corrigendum

817 1474 951 1507 censuit
975 1472 995 1517 ἢ
1021 1474 1085 1518 ηδη
1111 1487 1157 1509 τις
1180 1473 1288 1511 ἄλλος.
1349 1477 1460 1517 Quam

816 1519 1090 1553 emendationem
1103 1521 1254 1564 amplexi
1265 1525 1346 1555 sunt
1358 1523 1459 1555 etiam

816 1565 999 1598 Bekker.
1033 1570 1067 1598 et
1088 1567 1193 1607 Ast.‚
1225 1572 1258 1600 et
1290 1578 1354 1611 ego
1379 1579 1461 1610 quo-

816 1621 882 1653 que
914 1611 1119 1653 amplector,
1159 1612 1224 1644 etsi
1255 1613 1349 1646 solus
1384 1612 1459 1646 cod.

814 1656 922 1688 Paris.
958 1657 998 1689 F.
1030 1656 1136 1689 habet
1167 1655 1250 1700 ἤδη,
1282 1658 1386 1700 idque
1416 1669 1459 1691 ex

816 1702 1024 1734 correctione
1079 1702 1244 1735 additum.
1321 1704 1460 1736 Etenim

815 1751 959 1789 possunt
983 1747 1123 1789 quidem
1154 1748 1241 1781 haec
1274 1749 1393 1781 referri
1416 1749 1460 1781 ad

815 1792 1058 1834 praecedentia
1090 1793 1170 1826 illa:
1213 1797 1286 1827 nais
1319 1794 1383 1836 ἔχει
1424 1792 1459 1826 τὸ

817 1840 913 1877 σῶμα
939 1850 965 1870 κ.
992 1850 1016 1869 τ.
1043 1839 1088 1876 λ.,
1122 1839 1172 1871 ita
1195 1843 1235 1870 ut
1259 1838 1294 1871 εἰ
1315 1850 1385 1871 non
1409 1840 1460 1871 in—

814 1888 988 1925 terrogare
1012 1888 1168 1926 putetur,
1201 1883 1261 1917 sed
1292 1884 1462 1918 conditio—

815 1928 870 1960 nis
905 1928 1011 1960 faciat
1049 1928 1347 1971 significationem.
1407 1931 1460 1962 Ita

816 1974 924 2006 oratio
947 1978 1067 2016 gratae
1087 1974 1265 2007 cuiusdam
1282 1975 1459 2018 negligen—

816 2018 884 2050 tiae
916 2019 1065 2061 speciem
1100 2020 1225 2053 referet
1256 2031 1277 2053 a
1307 2020 1459 2064 dialogo-

814 2074 891 2096 rum
909 2064 1160 2098 consuetudine
1177 2066 1319 2098 minime
1336 2066 1459 2099 abhor-

816 2114 956 2142 rentem.
1002 2110 1103 2151 Aut,
1135 2111 1264 2153 inquit,
1297 2112 1336 2144 si
1361 2112 1459 2154 quis

815 2154 954 2196 alius,
987 2156 1081 2188 sive
1107 2166 1258 2189 servus
1281 2157 1376 2189 sive
1401 2158 1458 2189 in-

815 2210 1003 2243 genuus,
1050 2211 1127 2243 per
1165 2201 1391 2235 Socratem
1438 2214 1459 2235 a

814 2247 963 2278 morbo
1011 2245 1236 2280 liberatus
1275 2251 1361 2280 est:
1409 2258 1457 2280 sc.

815 2294 888 2325 πῶς
921 2285 1023 2325 οὗτος
1055 2291 1121 2344 ἔχει
1163 2290 1197 2324 τὸ
1237 2295 1333 2332 σῶμα
1367 2292 1457 2334 πρὸς

817 2333 971 2378 ὑγίειαν·
996 2336 1063 2368 Sed
1087 2337 1163 2379 ipsa
1187 2339 1360 2371 sententia
1375 2339 1458 2371 huic

814 2381 940 2414 rationi
962 2381 1174 2414 adversatur.

860 2424 986 2469 εἰμὴ
1018 2424 1297 2469 ηὑρίσκομεν
1322 2447 1364 2453 -
1388 2440 1456 2472 μη·

817 2471 862 2503 ὅ
846 2483 862 2503 ε
873 2471 932 2515 να]
958 2472 1002 2503 Η.
1028 2483 1055 2504 e.
1083 2470 1167 2504 τινά.

858 2517 899 2549 Ε.
947 2516 1012 2551 ecs
1058 2521 1280 2549 τοσοῦτον
1312 2537 1354 2542 -
1385 2517 1455 2551 άπ-

814 2560 1047 2605 ζῨριόπους]
1100 2562 1333 2596 Heindorf.
1387 2562 1450 2596 ἆν-

815 2607 986 2648 θραίπους
1011 2607 1147 2640 censuit
1169 2612 1343 2651 tamquam
1364 2620 1457 2651 pror·

813 2663 872 2685 sus
895 2652 1128 2694 importunum
1158 2653 1341 2686 delendum
1371 2665 1456 2687 esse.

815 2697 880 2729 Sed
904 2701 995 2729 recte
1018 2697 1188 2731 iudicavit
1204 2700 1357 2731 Buttm.
1383 2710 1456 2732 ora-

814 2743 942 2776 tionem
965 2742 1040 2775 fieri
1060 2744 1265 2786 graviorem,
1289 2744 1370 2776 dum
1394 2755 1455 2787 pro
