1696 2976
432 61 851 99 PROTAGORAS.
882 62 924 101 P.
948 65 1026 100 322.
1057 62 1142 100 ST.
1446 60 1498 102 71

80 177 129 225 τὸ
138 176 305 236 κοινόν,
317 178 366 224 ἐν
376 171 412 240 ᾦ
429 180 798 237 ε’φιλοτεχνείτην,
809 176 966 224 λαθών
983 178 1240 237 εἰσέρχεται,
1250 178 1325 223 καὶ
1336 179 1500 233 κλέψας

81 245 163 306 τήν
185 266 232 293 τε
264 251 464 307 ἔμπυρον
494 248 656 305 τέχνην
683 243 766 304 τὴν
789 247 868 292 τοῦ
885 245 1132 305 Ἡφαίστου
1156 247 1230 292 καὶ
1253 244 1336 305 τὴν
1359 243 1501 305 ἄλλην

80 314 162 374 τὴν
184 318 260 374 τῆς
286 313 480 374 Ἀθηνᾶς
506 317 694 372 δίδωσιν
717 311 968 376 ἀνθρώπῳ,
1011 316 1085 361 καὶ
1110 317 1158 360 ἐκ
1180 313 1341 361 τούτου
1366 313 1501 361 εὐπο-

81 389 155 442 ριά
194 383 278 442 μὲν
318 381 547 445 ἀνθρώπῳ
577 385 656 429 τοῦ
686 387 790 440 βίου
822 387 1042 441 γίγνεται,
1076 384 1322 443 Προμηθέα
1353 383 1402 429 δὲ
1436 381 1495 429 δι’

74 450 318 512 Ἐπιμηθέα
340 448 551 511 ὕστερον,
582 444 696 512 ᾗπερ
720 452 918 510 λέγεται,
949 454 1114 510 κλοπῆς
1139 455 1242 511 δίκη
1265 454 1499 511 μετῆλθεν.
1514 467 1579 498 322

183 588 290 649 Cap.
325 588 415 635 XII.
456 586 634 646 Ἐπειδὴ
659 587 708 634 δὲ
731 585 754 633 ὁ
780 585 1021 648 ἄνθρωπος
1044 593 1174 642 θείας
1198 589 1378 648 μετέσχε
1402 592 1503 648 μοί-

80 677 174 718 ρας,
199 659 376 719 πρῶτον
397 657 480 717 μὲν
504 654 578 703 διὰ
600 654 682 715 τὴν
705 657 794 702 τῶν
817 659 940 703 θεῶν
971 658 1237 716 συγγένειαν
1267 655 1391 713 ζώων
1421 655 1502 716 μό-

83 746 164 773 νον
186 725 320 780 θεοὺς
346 725 537 785 ἐνόμισε,
562 726 636 771 καὶ
661 727 876 786 ἐπεχείρει
894 724 1071 784 βωμούς
1095 744 1142 772 τε
1168 724 1405 786 ἱδρύεσθαι
1428 727 1503 771 καὶ

83 794 311 855 ἀγάλματα
328 797 469 841 θεῶν·
497 799 646 840 ἔπειτα
669 792 828 853 φωνὴν
846 795 919 839 καὶ
937 792 1130 853 ὀνόματα
1147 793 1256 853 ταχὺ
1276 793 1503 854 διηρθρώ-

83 880 189 910 σατο
213 867 265 924 τῇ
289 865 435 923 τέχνῃ,
460 864 534 908 καὶ
558 861 750 921 οἰκήσεις
774 863 847 908 καὶ
868 865 1058 921 ἐσθῆτας
1082 863 1156 908 καὶ
1172 860 1405 916 ὑποδέσεις
1430 864 1504 908 καὶ

83 931 313 991 στρωμνὰς
346 933 419 977 καὶ
442 930 518 985 τὰς
552 933 599 977 ἐκ
631 934 710 989 γῆς
742 930 907 990 τροφὰς
941 929 1103 991 εὕρετο.
1142 929 1257 977 οὕτω
1282 929 1338 989 δὴ
1364 949 1501 990 παρε-

82 1002 378 1059 σκευασμένοι
402 998 496 1045 κατ’
527 997 662 1059 ἀρχὰς
694 997 928 1058 ἅνθρωποι
953 998 1101 1061 ᾤκουν
1125 997 1371 1059 σποράδην,
1419 998 1503 1045 πό·
1527 1014 1556 1046 Β

84 1075 172 1124 λεις
198 1070 247 1115 δὲ
272 1067 354 1115 οὐκ
378 1061 507 1127 ἦσαν.
535 1066 797 1113 ἀπώλλυντο
821 1060 903 1114 οὖν
926 1066 1013 1114 ὑπὸ
1038 1070 1127 1114 τῶν
1149 1071 1326 1127 θηρίων
1350 1066 1424 1113 διὰ
1454 1066 1502 1114 τὸ

82 1140 283 1197 πανταχῇ
300 1135 448 1183 αὐτῶν
456 1135 771 1195 ἀσθενέστεροι
788 1136 917 1194 εἶναι,
928 1138 1002 1182 καὶ
1018 1134 1045 1194 ἡ
1063 1134 1356 1196 δημιουργικὴ
1372 1137 1503 1195 τέχνη

83 1203 232 1260 αὐτοῖς
257 1203 365 1265 πρὸς
389 1205 471 1264 μὲν
488 1203 659 1263 τροφὴν
684 1203 813 1263 ἱκανὴ
838 1203 1004 1263 βοηθὸς
1022 1197 1094 1262 ἦν,
1119 1202 1227 1264 πρὸς
1253 1204 1303 1250 δὲ
1319 1202 1397 1250 τὸν
1414 1208 1504 1251 τῶν

83 1279 260 1335 θηρίων
277 1272 471 1333 πόλεμον
490 1271 666 1332 ἐνδεής·
692 1272 922 1332 πολιτικὴν
944 1272 1029 1333 γὰρ
1047 1274 1208 1333 τέχνην
1224 1270 1348 1320 οὔπω
1367 1272 1502 1333 εἶχον,

173 1418 262 1463 Cap.
280 1419 363 1451 XII.
381 1419 423 1453 P.
440 1420 517 1451 322.
543 1412 622 1451 διὰ
646 1411 729 1461 τὴν
752 1416 985 1451 τῶν“θεῶν
1008 1414 1305 1461 συγγένειαν]
1333 1416 1444 1451 Codd.
1464 1429 1502 1451 o-

82 1475 184 1498 mnes
209 1461 278 1498 διά
309 1459 380 1509 τὴν
397 1463 464 1497 τοῦ
482 1462 581 1497 θεοῦ
598 1472 704 1507 συγγ.
736 1463 927 1496 Hermann
945 1461 1012 1496 τοῦ
1044 1462 1144 1496 θεοῦ
1175 1464 1320 1496 uncinis
1339 1462 1503 1505 inclusit,

82 1511 336 1555 Saupp.plane
346 1510 535 1543 exstinxit.
550 1508 738 1541 Deuschle
746 1509 859 1541 etiam
873 1502 939 1541 διὰ
958 1502 1029 1551 τὴν
1046 1506 1316 1553 συγγένειανὶη
1324 1509 1503 1551 suspicio-

82 1567 164 1589 nem
177 1557 339 1597 vocavit,
356 1566 391 1589 v.
411 1565 506 1597 quae
524 1554 567 1587 de
585 1554 643 1587 his
658 1554 783 1588 verbis
800 1554 1012 1597 scripsimus
1028 1554 1066 1587 in
1084 1554 1187 1587 stud.
1205 1554 1295 1598 phil.
1313 1565 1348 1597 p·
1364 1555 1431 1588 846
1448 1564 1503 1597 sq.

827 1666 1048 1701 articulasse
1065 1670 1102 1700 et
1114 1667 1228 1701 verba
1242 1668 1504 1708 conformasse,

828 1713 988 1754 denique
1004 1723 1062 1745 res
1079 1712 1126 1746 ad
1141 1713 1258 1746 vitam
1270 1714 1504 1747 necessarias

81 1673 140 1702 tur
165 1670 262 1703 enim
290 1670 409 1702 oratio
439 1667 485 1701 ad
518 1668 709 1710 superiora
737 1661 756 1700 ὁ

82 1709 316 1759 Προμηθεὺς
335 1740 342 1747 .
363 1740 371 1747 .
390 1710 542 1747 κλέπτει
555 1707 645 1755 κτὲ.,
662 1712 759 1746 unde

82 1761 204 1794 civilis
251 1760 342 1792 artis
389 1760 574 1792 mentione
621 1759 760 1792 iniecta

82 1807 332 1840 aberraverat.
394 1806 512 1846 Quam
559 1806 759 1846 vagantem

82 1852 286 1885 orationem
299 1852 535 1892 Protagorae,
555 1859 662 1891 quem
680 1849 758 1890 qui-

82 1897 162 1930 dem
186 1897 307 1929 subito
324 1895 460 1928 dixisse
477 1894 674 1928 tenendum
691 1897 759 1935 est,

82 1943 180 1975 iusto
220 1941 382 1975 severius
422 1940 529 1974 multi
559 1940 757 1983 reprehen-

81 1988 226 2022 derunt.

129 2055 218 2099 Cap.
240 2055 323 2089 XII.
361 2054 403 2087 P.
427 2055 503 2087 322.
553 2047 632 2086 διὰ
674 2047 759 2095 τήν

85 2101 171 2135 τῶν
197 2099 324 2134 θεῶν
362 2096 661 2144 συγγένειαν]
701 2098 758 2131 De

82 2147 269 2180 sententia
291 2156 327 2178 v.
351 2145 471 2178 Cicer.
496 2143 540 2177 de
563 2145 653 2187 Leg,
677 2145 706 2177 I.
724 2145 757 2183 8,

81 2195 136 2226 25.
155 2191 220 2225 τοῦ
238 2190 337 2225 θεοῦ
360 2190 452 2223 nihil
473 2190 606 2229 habet,
630 2199 702 2231 quo
720 2199 759 2222 se

82 2240 242 2271 tueatur.
275 2237 367 2269 Nam
385 2246 495 2278 quum
511 2235 677 2268 homines
695 2245 760 2278 per

81 2281 507 2316 PrometheumVulcani
525 2281 760 2314 etMinervae

83 2331 199 2361 artem
216 2338 262 2360 ac
278 2327 500 2369 sapientiam
517 2326 760 2369 accepissent,

82 2376 232 2417 propter
255 2371 350 2414 quod
372 2381 502 2404 munus
519 2371 667 2405 divinae
684 2381 760 2404 sor-

81 2420 130 2452 tis
147 2419 350 2462 participes
366 2417 461 2449 facti
478 2427 560 2449 esse
577 2416 758 2454 dicuntur,

81 2466 128 2497 iis
147 2475 228 2496 cum
247 2462 471 2495 caelestibus
490 2472 519 2495 s.
537 2461 607 2493 diis
625 2472 760 2504 cogna-

81 2511 134 2543 tio
152 2512 245 2551 erat‚
261 2519 334 2541 non
349 2518 437 2541 vero
454 2517 535 2540 cum
552 2506 630 2541 deo.

127 2575 206 2611 καὶ
224 2571 460 2619 ἐπεχείρει
478 2573 582 2617 βωμ.
600 2572 661 2618 —-]
679 2575 760 2609 Non

82 2622 120 2655 id
143 2622 234 2655 dicit
256 2623 490 2664 Protagoram,
513 2620 695 2654 hominem
712 2621 759 2653 si-

84 2667 272 2710 mulatque
290 2668 411 2710 ignem
422 2668 459 2699 et
474 2665 759 2700 factitandarum

85 2713 217 2746 artium
226 2712 430 2746 sollertiam
439 2711 632 2753 acceperit,
647 2713 761 2745 omni-

85 2768 144 2794 um
181 2759 335 2800 primum
371 2768 456 2790 aras
495 2759 532 2789 et
562 2757 759 2790 simulacra

85 2802 232 2839 deorum
249 2803 507 2846 constituisse,
535 2805 610 2837 tum
632 2813 759 2839 vocem

827 1758 1031 1800 invenisse,
1055 1757 1120 1791 sed
1143 1768 1239 1800 quae
1256 1758 1361 1792 homo
1378 1759 1439 1792 vel
1457 1760 1502 1792 ab

827 1803 924 1837 omni
940 1803 1118 1836 societate
1134 1803 1236 1837 civili
1246 1806 1406 1837 remotus
1421 1805 1505 1847 ipsa

828 1849 977 1882 divinae
1023 1849 1132 1882 sortis
1169 1850 1502 1882 communicatione

828 1896 977 1927 secutus
994 1904 1074 1928 esse
1087 1893 1266 1933 videatur,
1285 1905 1330 1928 ea
1345 1895 1400 1928 ita
1417 1906 1503 1928 enu-

825 1942 955 1979 merat,
972 1942 1012 1972 ut
1030 1951 1052 1973 a
1067 1939 1215 1973 deorum
1226 1940 1503 1983 cultuincipiat,

827 1979 1014 2019 ἐντεῦθεν
1046 1980 1118 2029 γὰρ
1135 1978 1325 2029 ἄρχεσθαι
1349 1985 1504 2019 δίκαιον

827 2031 955 2072 (Isocr.
987 2032 1024 2072 7,
1058 2032 1127 2071 29).
1180 2030 1351 2064 Ceterum
1390 2032 1502 2064 etiam

828 2076 982 2109 Graecis
997 2076 1203 2118 antiquitus
1217 2087 1281 2119 pro
1295 2076 1503 2110 simulacris

826 2121 975 2154 deorum
997 2121 1140 2164 lapides
1164 2125 1202 2155 et
1223 2122 1371 2164 stipites
1386 2123 1504 2155 fuisse

826 2166 974 2199 tradunt
1006 2167 1168 2202 Pausan.
1201 2169 1232 2200 7.
1256 2169 1315 2207 22,
1342 2169 1373 2202 4.
1421 2167 1503 2201 Dio.

828 2211 956 2256 Chrys.
974 2223 1026 2247 or.
1046 2214 1086 2244 12
1105 2211 1150 2255 (Ι.
1168 2223 1203 2255 p.
1221 2212 1314 2253 406).

874 2274 1039 2323 φωνὴν
1071 2298 1116 2302 —
1151 2274 1500 2323 διηρθρῶσατο]

825 2337 862 2359 v.
878 2325 1046 2368 Xenoph.
1063 2325 1172 2359 Mem.
1188 2325 1216 2359 Ι.
1234 2327 1267 2367 4,
1287 2327 1338 2359 12.

873 2394 915 2426 B.
939 2387 1215 2426 ἀπώλλυντο
1246 2383 1330 2426 οὖν
1352 2386 1441 2426 ὑπὸ
1469 2404 1500 2425 τ.

827 2436 951 2483 fine]
970 2439 1013 2471 In
1028 2438 1188 2471 Politico
1206 2439 1315 2481 p.274
1328 2439 1357 2471 B
1375 2438 1503 2470 dicun-

828 2488 887 2518 tur
925 2484 1090 2516 homines
1128 2483 1287 2517 Saturno
1324 2486 1502 2526 regnante

829 2529 995 2563 omnibus
1021 2529 1137 2571 copiis
1159 2529 1257 2562 ultro
1282 2529 1418 2563 oblatis
1438 2529 1501 2561 ab·

826 2575 985 2608 undasse
1008 2578 1047 2608 et
1076 2584 1156 2607 cum
1177 2574 1311 2608 belluis
1334 2575 1502 2615 interque

827 2631 866 2654 se
886 2621 1139 2654 commercium
1147 2621 1369 2653 tutissimum
1386 2619 1503 2652 habu-

826 2667 911 2705 isse,
931 2665 995 2698 sed
1012 2666 1098 2699 Iove
1122 2676 1240 2698 rerum
1258 2665 1374 2708 potito
1391 2664 1500 2698 vehe—

826 2714 968 2745 menter
997 2711 1188 2745 laborasse
1229 2714 1266 2743 et
1295 2709 1503 2743 belluarum

827 2756 986 2790 saevitia
1004 2759 1041 2790 et
1059 2756 1372 2798 ciboruminopia,
1391 2755 1439 2795 ef.
1456 2755 1501 2794 de

825 2803 916 2846 Leg.
931 2813 967 2848 p.
985 2803 1062 2838 677.
