<?xml version="1.0" encoding="UTF-8"?>
<!DOCTYPE html PUBLIC "-//W3C//DTD XHTML 1.0 Transitional//EN"
    "http://www.w3.org/TR/xhtml1/DTD/xhtml1-transitional.dtd">
<html xmlns="http://www.w3.org/1999/xhtml" xml:lang="en" lang="en">
 <head>
  <title>
</title>
<meta http-equiv="Content-Type" content="text/html;charset=utf-8" />
  <meta name='ocr-system' content='tesseract 3.04.00' />
  <meta name='ocr-capabilities' content='ocr_page ocr_carea ocr_par ocr_line ocrx_word'/>
</head>
<body>
  <div class='ocr_page' id='page_1' title='image "./operaomniarecens02platuoft_0059.png"; bbox 0 0 1682 2944; ppageno 0'>
   <div class='ocr_carea' id='block_1_1' title="bbox 485 210 1484 251">
    <p class='ocr_par' dir='ltr' id='par_1_1' title="bbox 485 210 1484 251">
     <span class='ocr_line' id='line_1_1' title="bbox 485 210 1484 251; baseline -0.005 0"><span class='ocrx_word' id='word_1_1' title='bbox 485 213 559 250; x_wconf 80' lang='lat' dir='ltr'>AD</span> <span class='ocrx_word' id='word_1_2' title='bbox 587 211 833 251; x_wconf 83' lang='lat' dir='ltr'>GORGIAM</span> <span class='ocrx_word' id='word_1_3' title='bbox 859 211 1068 251; x_wconf 82' lang='lat' dir='ltr'>PLATON</span> <span class='ocrx_word' id='word_1_4' title='bbox 1070 210 1131 249; x_wconf 86' lang='lat' dir='ltr'>IS.</span> <span class='ocrx_word' id='word_1_5' title='bbox 1433 212 1484 247; x_wconf 82' lang='lat'>53</span> 
     </span>
    </p>
   </div>
   <div class='ocr_carea' id='block_1_2' title="bbox 124 322 1486 2810">
    <p class='ocr_par' dir='ltr' id='par_1_2' title="bbox 124 322 1486 2810">
     <span class='ocr_line' id='line_1_2' title="bbox 132 322 1486 376; baseline -0.004 -11"><span class='ocrx_word' id='word_1_6' title='bbox 132 327 231 366; x_wconf 88' lang='lat' dir='ltr'>alius</span> <span class='ocrx_word' id='word_1_7' title='bbox 258 326 409 376; x_wconf 86' lang='lat' dir='ltr'>generis</span> <span class='ocrx_word' id='word_1_8' title='bbox 437 337 584 376; x_wconf 82' lang='lat' dir='ltr'>parare.</span> <span class='ocrx_word' id='word_1_9' title='bbox 651 323 770 363; x_wconf 86' lang='lat' dir='ltr'>Cuius</span> <span class='ocrx_word' id='word_1_10' title='bbox 807 323 964 376; x_wconf 90' lang='lat' dir='ltr'>quidem</span> <span class='ocrx_word' id='word_1_11' title='bbox 1001 322 1218 362; x_wconf 83' lang='lat' dir='ltr'>sententiae</span> <span class='ocrx_word' id='word_1_12' title='bbox 1256 326 1486 372; x_wconf 81' lang='lat' dir='ltr'>argumenta</span> 
     </span>
     <span class='ocr_line' id='line_1_3' title="bbox 131 379 1484 434; baseline -0.004 -12"><span class='ocrx_word' id='word_1_13' title='bbox 131 383 226 422; x_wconf 82' lang='lat' dir='ltr'>satis</span> <span class='ocrx_word' id='word_1_14' title='bbox 253 383 388 432; x_wconf 82' lang='lat' dir='ltr'>gravia</span> <span class='ocrx_word' id='word_1_15' title='bbox 415 386 531 434; x_wconf 84' lang='lat' dir='ltr'>atque</span> <span class='ocrx_word' id='word_1_16' title='bbox 558 381 727 420; x_wconf 81' lang='lat' dir='ltr'><strong>illustria</strong></span> <span class='ocrx_word' id='word_1_17' title='bbox 745 382 968 431; x_wconf 81' lang='lat' dir='ltr'>suppetunt.</span> <span class='ocrx_word' id='word_1_18' title='bbox 1010 382 1112 418; x_wconf 88' lang='lat' dir='ltr'>Nam</span> <span class='ocrx_word' id='word_1_19' title='bbox 1139 379 1307 430; x_wconf 89' lang='lat' dir='ltr'>primum</span> <span class='ocrx_word' id='word_1_20' title='bbox 1325 379 1484 430; x_wconf 90' lang='lat' dir='ltr'>quidem</span> 
     </span>
     <span class='ocr_line' id='line_1_4' title="bbox 130 436 1483 490; baseline -0.002 -14"><span class='ocrx_word' id='word_1_21' title='bbox 130 440 215 490; x_wconf 86' lang='lat' dir='ltr'>ipsa</span> <span class='ocrx_word' id='word_1_22' title='bbox 242 439 441 477; x_wconf 81' lang='lat' dir='ltr'>dialectica</span> <span class='ocrx_word' id='word_1_23' title='bbox 467 438 509 476; x_wconf 89' lang='lat' dir='ltr'>in</span> <span class='ocrx_word' id='word_1_24' title='bbox 529 438 670 488; x_wconf 81' lang='lat' dir='ltr'>Gorgia</span> <span class='ocrx_word' id='word_1_25' title='bbox 698 442 886 488; x_wconf 86' lang='lat' dir='ltr'>usurpata</span> <span class='ocrx_word' id='word_1_26' title='bbox 913 451 990 475; x_wconf 88' lang='lat' dir='ltr'>non</span> <span class='ocrx_word' id='word_1_27' title='bbox 1019 437 1132 475; x_wconf 92' lang='lat' dir='ltr'>modo</span> <span class='ocrx_word' id='word_1_28' title='bbox 1159 436 1202 473; x_wconf 92' lang='lat' dir='ltr'>in</span> <span class='ocrx_word' id='word_1_29' title='bbox 1230 449 1275 474; x_wconf 90' lang='lat' dir='ltr'>eo</span> <span class='ocrx_word' id='word_1_30' title='bbox 1291 439 1483 482; x_wconf 87' lang='lat' dir='ltr'>versatur,</span> 
     </span>
     <span class='ocr_line' id='line_1_5' title="bbox 132 491 1483 543; baseline -0.004 -8"><span class='ocrx_word' id='word_1_31' title='bbox 132 501 178 535; x_wconf 89' lang='lat' dir='ltr'>ut</span> <span class='ocrx_word' id='word_1_32' title='bbox 205 495 509 535; x_wconf 82' lang='lat' dir='ltr'>adversariorum</span> <span class='ocrx_word' id='word_1_33' title='bbox 535 495 751 533; x_wconf 87' lang='lat' dir='ltr'>sententiae</span> <span class='ocrx_word' id='word_1_34' title='bbox 771 498 907 543; x_wconf 88' lang='lat' dir='ltr'>argute</span> <span class='ocrx_word' id='word_1_35' title='bbox 932 491 1162 532; x_wconf 80' lang='lat' dir='ltr'>refellantur</span> <span class='ocrx_word' id='word_1_36' title='bbox 1177 505 1294 532; x_wconf 83' lang='lat' dir='ltr'>verae</span> <span class='ocrx_word' id='word_1_37' title='bbox 1321 492 1483 531; x_wconf 88' lang='lat' dir='ltr'>rationis</span> 
     </span>
     <span class='ocr_line' id='line_1_6' title="bbox 132 548 1482 602; baseline -0.003 -11"><span class='ocrx_word' id='word_1_38' title='bbox 132 552 203 591; x_wconf 84' lang='lat' dir='ltr'>vix</span> <span class='ocrx_word' id='word_1_39' title='bbox 228 552 379 591; x_wconf 85' lang='lat' dir='ltr'>levibus</span> <span class='ocrx_word' id='word_1_40' title='bbox 408 551 638 602; x_wconf 84' lang='lat' dir='ltr'>quibusdam</span> <span class='ocrx_word' id='word_1_41' title='bbox 666 551 779 590; x_wconf 81' lang='lat' dir='ltr'>factis</span> <span class='ocrx_word' id='word_1_42' title='bbox 803 550 1160 600; x_wconf 85' lang='lat' dir='ltr'>significationibus,</span> <span class='ocrx_word' id='word_1_43' title='bbox 1188 549 1303 601; x_wconf 79' lang='lat' dir='ltr'>sicuti</span> <span class='ocrx_word' id='word_1_44' title='bbox 1329 549 1372 587; x_wconf 92' lang='lat' dir='ltr'>in</span> <span class='ocrx_word' id='word_1_45' title='bbox 1401 548 1482 587; x_wconf 89' lang='lat' dir='ltr'>dia-</span> 
     </span>
     <span class='ocr_line' id='line_1_7' title="bbox 131 606 1480 660; baseline -0.002 -14"><span class='ocrx_word' id='word_1_46' title='bbox 131 609 228 659; x_wconf 81' lang='lat' dir='ltr'>logis</span> <span class='ocrx_word' id='word_1_47' title='bbox 255 621 360 646; x_wconf 89' lang='lat' dir='ltr'>more</span> <span class='ocrx_word' id='word_1_48' title='bbox 382 607 574 646; x_wconf 86' lang='lat' dir='ltr'>Socratico</span> <span class='ocrx_word' id='word_1_49' title='bbox 603 608 755 658; x_wconf 86' lang='lat' dir='ltr'>scriptis</span> <span class='ocrx_word' id='word_1_50' title='bbox 783 607 868 646; x_wconf 90' lang='lat' dir='ltr'>fieri</span> <span class='ocrx_word' id='word_1_51' title='bbox 895 607 1151 660; x_wconf 83' lang='lat' dir='ltr'>meminimus,</span> <span class='ocrx_word' id='word_1_52' title='bbox 1182 607 1250 645; x_wconf 88' lang='lat' dir='ltr'>sed</span> <span class='ocrx_word' id='word_1_53' title='bbox 1281 606 1480 657; x_wconf 88' lang='lat' dir='ltr'>aliquanto</span> 
     </span>
     <span class='ocr_line' id='line_1_8' title="bbox 132 662 1482 719; baseline -0.003 -15"><span class='ocrx_word' id='word_1_54' title='bbox 132 668 193 704; x_wconf 88' lang='lat' dir='ltr'>est</span> <span class='ocrx_word' id='word_1_55' title='bbox 218 665 398 711; x_wconf 87' lang='lat' dir='ltr'>severior,</span> <span class='ocrx_word' id='word_1_56' title='bbox 427 678 548 716; x_wconf 90' lang='lat' dir='ltr'>quum</span> <span class='ocrx_word' id='word_1_57' title='bbox 574 677 644 719; x_wconf 65' lang='lat' dir='ltr'>pgr</span> <span class='ocrx_word' id='word_1_58' title='bbox 661 678 747 703; x_wconf 89' lang='lat' dir='ltr'>eam</span> <span class='ocrx_word' id='word_1_59' title='bbox 775 668 932 703; x_wconf 89' lang='lat' dir='ltr'>strenue</span> <span class='ocrx_word' id='word_1_60' title='bbox 961 663 1003 701; x_wconf 93' lang='lat' dir='ltr'>id</span> <span class='ocrx_word' id='word_1_61' title='bbox 1031 667 1180 712; x_wconf 88' lang='lat' dir='ltr'>agatur,</span> <span class='ocrx_word' id='word_1_62' title='bbox 1208 666 1264 709; x_wconf 90' lang='lat' dir='ltr'>ut,</span> <span class='ocrx_word' id='word_1_63' title='bbox 1292 662 1384 700; x_wconf 85' lang='lat' dir='ltr'>licet</span> <span class='ocrx_word' id='word_1_64' title='bbox 1411 675 1482 712; x_wconf 89' lang='lat' dir='ltr'>per</span> 
     </span>
     <span class='ocr_line' id='line_1_9' title="bbox 132 719 1481 766; baseline -0.003 -6"><span class='ocrx_word' id='word_1_65' title='bbox 132 721 262 760; x_wconf 86' lang='lat' dir='ltr'>omnia</span> <span class='ocrx_word' id='word_1_66' title='bbox 287 723 459 759; x_wconf 88' lang='lat' dir='ltr'>urbanae</span> <span class='ocrx_word' id='word_1_67' title='bbox 492 721 680 759; x_wconf 82' lang='lat' dir='ltr'>irrisionis</span> <span class='ocrx_word' id='word_1_68' title='bbox 715 721 775 760; x_wconf 75' lang='lat' dir='ltr'>‘vis</span> <span class='ocrx_word' id='word_1_69' title='bbox 805 720 1041 759; x_wconf 85' lang='lat' dir='ltr'>admirabilis</span> <span class='ocrx_word' id='word_1_70' title='bbox 1079 719 1313 766; x_wconf 82' lang='lat' dir='ltr'>dominetur,</span> <span class='ocrx_word' id='word_1_71' title='bbox 1349 723 1481 757; x_wconf 82' lang='lat' dir='ltr'>tamen</span> 
     </span>
     <span class='ocr_line' id='line_1_10' title="bbox 129 776 1480 830; baseline -0.003 -13"><span class='ocrx_word' id='word_1_72' title='bbox 129 778 235 826; x_wconf 88' lang='lat' dir='ltr'>item,</span> <span class='ocrx_word' id='word_1_73' title='bbox 275 778 368 830; x_wconf 90' lang='lat' dir='ltr'>quid</span> <span class='ocrx_word' id='word_1_74' title='bbox 396 790 533 816; x_wconf 87' lang='lat' dir='ltr'>verum</span> <span class='ocrx_word' id='word_1_75' title='bbox 559 782 786 829; x_wconf 90' lang='lat' dir='ltr'>rectumque</span> <span class='ocrx_word' id='word_1_76' title='bbox 815 778 1005 823; x_wconf 83' lang='lat' dir='ltr'>videatur,</span> <span class='ocrx_word' id='word_1_77' title='bbox 1043 776 1280 814; x_wconf 86' lang='lat' dir='ltr'>luculentius</span> <span class='ocrx_word' id='word_1_78' title='bbox 1325 776 1480 814; x_wconf 89' lang='lat' dir='ltr'>demon-</span> 
     </span>
     <span class='ocr_line' id='line_1_11' title="bbox 131 833 1480 885; baseline -0.004 -11"><span class='ocrx_word' id='word_1_79' title='bbox 131 838 286 874; x_wconf 85' lang='lat' dir='ltr'>stretur.</span> <span class='ocrx_word' id='word_1_80' title='bbox 324 834 475 873; x_wconf 82' lang='lat' dir='ltr'>Deinde</span> <span class='ocrx_word' id='word_1_81' title='bbox 501 834 574 872; x_wconf 92' lang='lat' dir='ltr'>loci</span> <span class='ocrx_word' id='word_1_82' title='bbox 594 834 753 885; x_wconf 89' lang='lat' dir='ltr'>quidam</span> <span class='ocrx_word' id='word_1_83' title='bbox 770 834 1048 884; x_wconf 83' lang='lat' dir='ltr'>philosophiae,</span> <span class='ocrx_word' id='word_1_84' title='bbox 1078 838 1125 871; x_wconf 89' lang='lat' dir='ltr'>ut</span> <span class='ocrx_word' id='word_1_85' title='bbox 1142 833 1221 870; x_wconf 91' lang='lat' dir='ltr'>iam</span> <span class='ocrx_word' id='word_1_86' title='bbox 1239 846 1290 870; x_wconf 85' lang='lat' dir='ltr'>ex</span> <span class='ocrx_word' id='word_1_87' title='bbox 1308 833 1480 882; x_wconf 89' lang='lat' dir='ltr'>superio-</span> 
     </span>
     <span class='ocr_line' id='line_1_12' title="bbox 129 889 1480 942; baseline -0.003 -12"><span class='ocrx_word' id='word_1_88' title='bbox 129 891 236 930; x_wconf 87' lang='lat' dir='ltr'>ribus</span> <span class='ocrx_word' id='word_1_89' title='bbox 254 895 373 941; x_wconf 88' lang='lat' dir='ltr'>patet,</span> <span class='ocrx_word' id='word_1_90' title='bbox 391 895 472 930; x_wconf 85' lang='lat' dir='ltr'>tam</span> <span class='ocrx_word' id='word_1_91' title='bbox 487 891 600 940; x_wconf 88' lang='lat' dir='ltr'>plene</span> <span class='ocrx_word' id='word_1_92' title='bbox 620 895 875 942; x_wconf 79' lang='lat' dir='ltr'>accurateque</span> <span class='ocrx_word' id='word_1_93' title='bbox 890 890 1149 936; x_wconf 75' lang='lat' dir='ltr'>illustrantur,</span> <span class='ocrx_word' id='word_1_94' title='bbox 1165 893 1210 927; x_wconf 92' lang='lat' dir='ltr'>ut</span> <span class='ocrx_word' id='word_1_95' title='bbox 1225 889 1480 939; x_wconf 88' lang='lat' dir='ltr'>philosophus</span> 
     </span>
     <span class='ocr_line' id='line_1_13' title="bbox 129 945 1480 997; baseline -0.003 -11"><span class='ocrx_word' id='word_1_96' title='bbox 129 947 308 987; x_wconf 87' lang='lat' dir='ltr'>videatur</span> <span class='ocrx_word' id='word_1_97' title='bbox 334 948 426 985; x_wconf 88' lang='lat' dir='ltr'>hinc</span> <span class='ocrx_word' id='word_1_98' title='bbox 451 947 695 997; x_wconf 88' lang='lat' dir='ltr'>potissimum</span> <span class='ocrx_word' id='word_1_99' title='bbox 729 948 772 985; x_wconf 93' lang='lat' dir='ltr'>in</span> <span class='ocrx_word' id='word_1_100' title='bbox 798 947 1063 997; x_wconf 85' lang='lat' dir='ltr'>philosophiae</span> <span class='ocrx_word' id='word_1_101' title='bbox 1090 946 1247 984; x_wconf 88' lang='lat' dir='ltr'>moralis</span> <span class='ocrx_word' id='word_1_102' title='bbox 1283 945 1480 996; x_wconf 83' lang='lat' dir='ltr'>principiis</span> 
     </span>
     <span class='ocr_line' id='line_1_14' title="bbox 128 1002 1478 1055; baseline -0.003 -12"><span class='ocrx_word' id='word_1_103' title='bbox 128 1004 280 1054; x_wconf 88' lang='lat' dir='ltr'>plenius</span> <span class='ocrx_word' id='word_1_104' title='bbox 300 1004 537 1055; x_wconf 84' lang='lat' dir='ltr'>explicandis</span> <span class='ocrx_word' id='word_1_105' title='bbox 566 1004 711 1054; x_wconf 88' lang='lat' dir='ltr'>cepisse</span> <span class='ocrx_word' id='word_1_106' title='bbox 730 1004 895 1042; x_wconf 82' lang='lat' dir='ltr'>initium.</span> <span class='ocrx_word' id='word_1_107' title='bbox 933 1003 1122 1045; x_wconf 78' lang='lat' dir='ltr'>Quocirca</span> <span class='ocrx_word' id='word_1_108' title='bbox 1148 1016 1220 1041; x_wconf 91' lang='lat' dir='ltr'>nec</span> <span class='ocrx_word' id='word_1_109' title='bbox 1238 1002 1380 1040; x_wconf 91' lang='lat' dir='ltr'>mirum</span> <span class='ocrx_word' id='word_1_110' title='bbox 1399 1002 1478 1040; x_wconf 89' lang='lat' dir='ltr'>cui-</span> 
     </span>
     <span class='ocr_line' id='line_1_15' title="bbox 128 1059 1479 1112; baseline -0.002 -13"><span class='ocrx_word' id='word_1_111' title='bbox 128 1074 246 1112; x_wconf 86' lang='lat' dir='ltr'>quam</span> <span class='ocrx_word' id='word_1_112' title='bbox 263 1061 420 1108; x_wconf 84' lang='lat' dir='ltr'>accidet,</span> <span class='ocrx_word' id='word_1_113' title='bbox 449 1061 552 1112; x_wconf 92' lang='lat' dir='ltr'>quod</span> <span class='ocrx_word' id='word_1_114' title='bbox 571 1061 619 1099; x_wconf 89' lang='lat' dir='ltr'>de</span> <span class='ocrx_word' id='word_1_115' title='bbox 639 1061 797 1099; x_wconf 89' lang='lat' dir='ltr'>iucundi</span> <span class='ocrx_word' id='word_1_116' title='bbox 817 1064 856 1099; x_wconf 87' lang='lat' dir='ltr'>et</span> <span class='ocrx_word' id='word_1_117' title='bbox 874 1060 1088 1110; x_wconf 85' lang='lat' dir='ltr'>voluptatis</span> <span class='ocrx_word' id='word_1_118' title='bbox 1115 1063 1257 1098; x_wconf 89' lang='lat' dir='ltr'>natura</span> <span class='ocrx_word' id='word_1_119' title='bbox 1274 1063 1411 1109; x_wconf 86' lang='lat' dir='ltr'>postea</span> <span class='ocrx_word' id='word_1_120' title='bbox 1436 1059 1479 1096; x_wconf 88' lang='lat' dir='ltr'>in</span> 
     </span>
     <span class='ocr_line' id='line_1_16' title="bbox 129 1116 1477 1168; baseline -0.001 -13"><span class='ocrx_word' id='word_1_121' title='bbox 129 1117 290 1156; x_wconf 89' lang='lat' dir='ltr'>Philebo</span> <span class='ocrx_word' id='word_1_122' title='bbox 308 1123 349 1156; x_wconf 91' lang='lat' dir='ltr'>et</span> <span class='ocrx_word' id='word_1_123' title='bbox 367 1117 581 1168; x_wconf 84' lang='lat' dir='ltr'>Republica</span> <span class='ocrx_word' id='word_1_124' title='bbox 598 1118 779 1167; x_wconf 82' lang='lat' dir='ltr'>exposuit</span> <span class='ocrx_word' id='word_1_125' title='bbox 806 1117 948 1155; x_wconf 85' lang='lat' dir='ltr'>similia</span> <span class='ocrx_word' id='word_1_126' title='bbox 965 1118 1146 1168; x_wconf 89' lang='lat' dir='ltr'>quodque</span> <span class='ocrx_word' id='word_1_127' title='bbox 1164 1116 1205 1153; x_wconf 90' lang='lat' dir='ltr'>in</span> <span class='ocrx_word' id='word_1_128' title='bbox 1224 1117 1374 1153; x_wconf 92' lang='lat' dir='ltr'>duobus</span> <span class='ocrx_word' id='word_1_129' title='bbox 1386 1116 1477 1154; x_wconf 88' lang='lat' dir='ltr'>Rei-</span> 
     </span>
     <span class='ocr_line' id='line_1_17' title="bbox 128 1171 1477 1224; baseline -0.001 -12"><span class='ocrx_word' id='word_1_130' title='bbox 128 1174 304 1224; x_wconf 87' lang='lat' dir='ltr'>publicae</span> <span class='ocrx_word' id='word_1_131' title='bbox 319 1174 428 1212; x_wconf 88' lang='lat' dir='ltr'>libris</span> <span class='ocrx_word' id='word_1_132' title='bbox 436 1174 638 1224; x_wconf 83' lang='lat' dir='ltr'>prioribus,</span> <span class='ocrx_word' id='word_1_133' title='bbox 648 1174 865 1223; x_wconf 86' lang='lat' dir='ltr'>graviorem</span> <span class='ocrx_word' id='word_1_134' title='bbox 881 1175 928 1211; x_wconf 87' lang='lat' dir='ltr'>de</span> <span class='ocrx_word' id='word_1_135' title='bbox 944 1173 1096 1212; x_wconf 86' lang='lat' dir='ltr'>iustitia</span> <span class='ocrx_word' id='word_1_136' title='bbox 1110 1177 1150 1211; x_wconf 91' lang='lat' dir='ltr'>et</span> <span class='ocrx_word' id='word_1_137' title='bbox 1158 1173 1305 1223; x_wconf 86' lang='lat' dir='ltr'>optima</span> <span class='ocrx_word' id='word_1_138' title='bbox 1319 1171 1477 1211; x_wconf 85' lang='lat' dir='ltr'>civitate</span> 
     </span>
     <span class='ocr_line' id='line_1_18' title="bbox 128 1229 1477 1281; baseline -0.001 -13"><span class='ocrx_word' id='word_1_139' title='bbox 128 1235 376 1281; x_wconf 87' lang='lat' dir='ltr'>suscepturus</span> <span class='ocrx_word' id='word_1_140' title='bbox 404 1230 716 1281; x_wconf 85' lang='lat' dir='ltr'>disputationem,</span> <span class='ocrx_word' id='word_1_141' title='bbox 745 1231 1075 1281; x_wconf 84' lang='lat' dir='ltr'>Thrasymachum</span> <span class='ocrx_word' id='word_1_142' title='bbox 1101 1229 1401 1268; x_wconf 89' lang='lat' dir='ltr'>Chalcedonium</span> <span class='ocrx_word' id='word_1_143' title='bbox 1429 1229 1477 1266; x_wconf 86' lang='lat' dir='ltr'>de</span> 
     </span>
     <span class='ocr_line' id='line_1_19' title="bbox 127 1286 1478 1337; baseline 0 -14"><span class='ocrx_word' id='word_1_144' title='bbox 127 1287 265 1325; x_wconf 89' lang='lat' dir='ltr'>iisdem</span> <span class='ocrx_word' id='word_1_145' title='bbox 302 1288 384 1324; x_wconf 88' lang='lat' dir='ltr'>fere</span> <span class='ocrx_word' id='word_1_146' title='bbox 421 1288 537 1324; x_wconf 88' lang='lat' dir='ltr'>rebus</span> <span class='ocrx_word' id='word_1_147' title='bbox 574 1287 722 1325; x_wconf 89' lang='lat' dir='ltr'>fraudis</span> <span class='ocrx_word' id='word_1_148' title='bbox 760 1287 950 1336; x_wconf 84' lang='lat' dir='ltr'>coarguit,</span> <span class='ocrx_word' id='word_1_149' title='bbox 991 1288 1038 1324; x_wconf 89' lang='lat' dir='ltr'>de</span> <span class='ocrx_word' id='word_1_150' title='bbox 1077 1286 1218 1337; x_wconf 88' lang='lat' dir='ltr'>quibus</span> <span class='ocrx_word' id='word_1_151' title='bbox 1255 1286 1298 1323; x_wconf 91' lang='lat' dir='ltr'>in</span> <span class='ocrx_word' id='word_1_152' title='bbox 1336 1286 1478 1334; x_wconf 83' lang='lat' dir='ltr'>Gorgia</span> 
     </span>
     <span class='ocr_line' id='line_1_20' title="bbox 128 1343 1476 1395; baseline -0.001 -15"><span class='ocrx_word' id='word_1_153' title='bbox 128 1343 266 1381; x_wconf 92' lang='lat' dir='ltr'>Polum</span> <span class='ocrx_word' id='word_1_154' title='bbox 303 1343 441 1381; x_wconf 88' lang='lat' dir='ltr'>erroris</span> <span class='ocrx_word' id='word_1_155' title='bbox 479 1343 694 1390; x_wconf 76' lang='lat' dir='ltr'>convincit,</span> <span class='ocrx_word' id='word_1_156' title='bbox 733 1348 851 1395; x_wconf 86' lang='lat' dir='ltr'>atque</span> <span class='ocrx_word' id='word_1_157' title='bbox 880 1343 1133 1381; x_wconf 85' lang='lat' dir='ltr'>Adimantum</span> <span class='ocrx_word' id='word_1_158' title='bbox 1172 1348 1211 1381; x_wconf 89' lang='lat' dir='ltr'>et</span> <span class='ocrx_word' id='word_1_159' title='bbox 1239 1343 1476 1381; x_wconf 88' lang='lat' dir='ltr'>Glauconem</span> 
     </span>
     <span class='ocr_line' id='line_1_21' title="bbox 128 1398 1478 1451; baseline 0 -14"><span class='ocrx_word' id='word_1_160' title='bbox 128 1399 269 1437; x_wconf 88' lang='lat' dir='ltr'>similia</span> <span class='ocrx_word' id='word_1_161' title='bbox 305 1400 346 1437; x_wconf 92' lang='lat' dir='ltr'>in</span> <span class='ocrx_word' id='word_1_162' title='bbox 384 1400 554 1437; x_wconf 90' lang='lat' dir='ltr'>medium</span> <span class='ocrx_word' id='word_1_163' title='bbox 590 1401 727 1438; x_wconf 87' lang='lat' dir='ltr'>afferre</span> <span class='ocrx_word' id='word_1_164' title='bbox 764 1398 895 1447; x_wconf 87' lang='lat' dir='ltr'>iussit,</span> <span class='ocrx_word' id='word_1_165' title='bbox 935 1412 1051 1451; x_wconf 87' lang='lat' dir='ltr'>quam</span> <span class='ocrx_word' id='word_1_166' title='bbox 1087 1399 1130 1436; x_wconf 89' lang='lat' dir='ltr'>in</span> <span class='ocrx_word' id='word_1_167' title='bbox 1159 1399 1301 1448; x_wconf 86' lang='lat' dir='ltr'>Gorgia</span> <span class='ocrx_word' id='word_1_168' title='bbox 1338 1399 1478 1437; x_wconf 87' lang='lat' dir='ltr'>tribuit</span> 
     </span>
     <span class='ocr_line' id='line_1_22' title="bbox 128 1455 1476 1508; baseline -0.001 -14"><span class='ocrx_word' id='word_1_169' title='bbox 128 1456 286 1494; x_wconf 86' lang='lat' dir='ltr'>Callicli.</span> <span class='ocrx_word' id='word_1_170' title='bbox 333 1456 525 1494; x_wconf 89' lang='lat' dir='ltr'>Nimirum</span> <span class='ocrx_word' id='word_1_171' title='bbox 551 1456 734 1494; x_wconf 87' lang='lat' dir='ltr'>resumsit</span> <span class='ocrx_word' id='word_1_172' title='bbox 759 1457 813 1495; x_wconf 90' lang='lat' dir='ltr'>ibi</span> <span class='ocrx_word' id='word_1_173' title='bbox 840 1460 1040 1508; x_wconf 89' lang='lat' dir='ltr'>tamquam</span> <span class='ocrx_word' id='word_1_174' title='bbox 1067 1456 1177 1494; x_wconf 83' lang='lat' dir='ltr'>filum</span> <span class='ocrx_word' id='word_1_175' title='bbox 1205 1455 1476 1505; x_wconf 85' lang='lat' dir='ltr'>disputationis</span> 
     </span>
     <span class='ocr_line' id='line_1_23' title="bbox 128 1512 1475 1564; baseline 0 -14"><span class='ocrx_word' id='word_1_176' title='bbox 128 1513 168 1550; x_wconf 92' lang='lat' dir='ltr'>in</span> <span class='ocrx_word' id='word_1_177' title='bbox 187 1512 329 1561; x_wconf 84' lang='lat' dir='ltr'>Gorgia</span> <span class='ocrx_word' id='word_1_178' title='bbox 357 1513 448 1550; x_wconf 92' lang='lat' dir='ltr'>olim</span> <span class='ocrx_word' id='word_1_179' title='bbox 475 1512 587 1564; x_wconf 85' lang='lat' dir='ltr'>quasi</span> <span class='ocrx_word' id='word_1_180' title='bbox 614 1513 838 1551; x_wconf 91' lang='lat' dir='ltr'>inchoatum</span> <span class='ocrx_word' id='word_1_181' title='bbox 867 1526 911 1551; x_wconf 88' lang='lat' dir='ltr'>ac</span> <span class='ocrx_word' id='word_1_182' title='bbox 929 1514 1056 1551; x_wconf 91' lang='lat' dir='ltr'>denuo</span> <span class='ocrx_word' id='word_1_183' title='bbox 1083 1513 1126 1550; x_wconf 91' lang='lat' dir='ltr'>in</span> <span class='ocrx_word' id='word_1_184' title='bbox 1151 1513 1366 1561; x_wconf 85' lang='lat' dir='ltr'>legentium</span> <span class='ocrx_word' id='word_1_185' title='bbox 1394 1513 1475 1550; x_wconf 87' lang='lat' dir='ltr'>ani-</span> 
     </span>
     <span class='ocr_line' id='line_1_24' title="bbox 127 1569 1476 1621; baseline 0 -15"><span class='ocrx_word' id='word_1_186' title='bbox 127 1582 208 1607; x_wconf 91' lang='lat' dir='ltr'>mos</span> <span class='ocrx_word' id='word_1_187' title='bbox 236 1569 451 1616; x_wconf 80' lang='lat' dir='ltr'>revocavit,</span> <span class='ocrx_word' id='word_1_188' title='bbox 487 1582 587 1621; x_wconf 86' lang='lat' dir='ltr'>quae</span> <span class='ocrx_word' id='word_1_189' title='bbox 616 1574 808 1619; x_wconf 90' lang='lat' dir='ltr'>postremo</span> <span class='ocrx_word' id='word_1_190' title='bbox 834 1569 878 1607; x_wconf 92' lang='lat' dir='ltr'>in</span> <span class='ocrx_word' id='word_1_191' title='bbox 906 1570 1049 1619; x_wconf 87' lang='lat' dir='ltr'>Gorgia</span> <span class='ocrx_word' id='word_1_192' title='bbox 1075 1571 1123 1607; x_wconf 90' lang='lat' dir='ltr'>de</span> <span class='ocrx_word' id='word_1_193' title='bbox 1150 1569 1362 1607; x_wconf 85' lang='lat' dir='ltr'>moralibus</span> <span class='ocrx_word' id='word_1_194' title='bbox 1388 1569 1476 1619; x_wconf 87' lang='lat' dir='ltr'>phi-</span> 
     </span>
     <span class='ocr_line' id='line_1_25' title="bbox 126 1624 1475 1677; baseline 0 -14"><span class='ocrx_word' id='word_1_195' title='bbox 126 1625 322 1675; x_wconf 89' lang='lat' dir='ltr'>losophiae</span> <span class='ocrx_word' id='word_1_196' title='bbox 347 1624 545 1676; x_wconf 67' lang='lat' dir='ltr'>principiis</span> <span class='ocrx_word' id='word_1_197' title='bbox 563 1630 647 1664; x_wconf 88' lang='lat' dir='ltr'>erat</span> <span class='ocrx_word' id='word_1_198' title='bbox 667 1629 958 1665; x_wconf 81' lang='lat' dir='ltr'>commentatus.</span> <span class='ocrx_word' id='word_1_199' title='bbox 988 1626 1149 1664; x_wconf 85' lang='lat' dir='ltr'>Accedit</span> <span class='ocrx_word' id='word_1_200' title='bbox 1168 1627 1217 1664; x_wconf 91' lang='lat' dir='ltr'>ad</span> <span class='ocrx_word' id='word_1_201' title='bbox 1236 1627 1343 1672; x_wconf 87' lang='lat' dir='ltr'>haec,</span> <span class='ocrx_word' id='word_1_202' title='bbox 1373 1626 1475 1677; x_wconf 89' lang='lat' dir='ltr'>quod</span> 
     </span>
     <span class='ocr_line' id='line_1_26' title="bbox 127 1682 1476 1733; baseline 0.001 -14"><span class='ocrx_word' id='word_1_203' title='bbox 127 1682 351 1731; x_wconf 89' lang='lat' dir='ltr'>primarium</span> <span class='ocrx_word' id='word_1_204' title='bbox 388 1682 478 1721; x_wconf 91' lang='lat' dir='ltr'>libri</span> <span class='ocrx_word' id='word_1_205' title='bbox 514 1686 784 1731; x_wconf 87' lang='lat' dir='ltr'>argumentum</span> <span class='ocrx_word' id='word_1_206' title='bbox 811 1683 955 1721; x_wconf 85' lang='lat' dir='ltr'>talibus</span> <span class='ocrx_word' id='word_1_207' title='bbox 983 1682 1202 1733; x_wconf 88' lang='lat' dir='ltr'>philosophi</span> <span class='ocrx_word' id='word_1_208' title='bbox 1238 1683 1476 1732; x_wconf 90' lang='lat' dir='ltr'>temporibus</span> 
     </span>
     <span class='ocr_line' id='line_1_27' title="bbox 127 1739 1476 1787; baseline 0.001 -11"><span class='ocrx_word' id='word_1_209' title='bbox 127 1739 240 1787; x_wconf 90' lang='lat' dir='ltr'>longe</span> <span class='ocrx_word' id='word_1_210' title='bbox 267 1739 423 1777; x_wconf 86' lang='lat' dir='ltr'>videtur</span> <span class='ocrx_word' id='word_1_211' title='bbox 450 1739 572 1777; x_wconf 83' lang='lat' dir='ltr'>fuisse</span> <span class='ocrx_word' id='word_1_212' title='bbox 600 1739 1017 1778; x_wconf 87' lang='lat' dir='ltr'>convenientissimum.</span> <span class='ocrx_word' id='word_1_213' title='bbox 1056 1739 1186 1780; x_wconf 80' lang='lat' dir='ltr'>Quum</span> <span class='ocrx_word' id='word_1_214' title='bbox 1214 1740 1318 1777; x_wconf 90' lang='lat' dir='ltr'>enim</span> <span class='ocrx_word' id='word_1_215' title='bbox 1344 1752 1476 1777; x_wconf 87' lang='lat' dir='ltr'>rerum</span> 
     </span>
     <span class='ocr_line' id='line_1_28' title="bbox 129 1795 1476 1846; baseline 0.001 -14"><span class='ocrx_word' id='word_1_216' title='bbox 129 1795 299 1833; x_wconf 88' lang='lat' dir='ltr'>civilium</span> <span class='ocrx_word' id='word_1_217' title='bbox 318 1796 446 1834; x_wconf 84' lang='lat' dir='ltr'>studio</span> <span class='ocrx_word' id='word_1_218' title='bbox 463 1796 578 1845; x_wconf 89' lang='lat' dir='ltr'>plane</span> <span class='ocrx_word' id='word_1_219' title='bbox 595 1796 809 1834; x_wconf 76' lang='lat' dir='ltr'>valedicere</span> <span class='ocrx_word' id='word_1_220' title='bbox 829 1800 869 1834; x_wconf 91' lang='lat' dir='ltr'>et</span> <span class='ocrx_word' id='word_1_221' title='bbox 885 1796 1151 1846; x_wconf 88' lang='lat' dir='ltr'>philosophiae</span> <span class='ocrx_word' id='word_1_222' title='bbox 1161 1795 1476 1834; x_wconf 86' lang='lat' dir='ltr'>meditationibus</span> 
     </span>
     <span class='ocr_line' id='line_1_29' title="bbox 126 1852 1475 1903; baseline 0.001 -14"><span class='ocrx_word' id='word_1_223' title='bbox 126 1865 263 1890; x_wconf 87' lang='lat' dir='ltr'>vacare</span> <span class='ocrx_word' id='word_1_224' title='bbox 291 1852 574 1899; x_wconf 83' lang='lat' dir='ltr'>constituisset,</span> <span class='ocrx_word' id='word_1_225' title='bbox 614 1853 707 1903; x_wconf 90' lang='lat' dir='ltr'>quid</span> <span class='ocrx_word' id='word_1_226' title='bbox 745 1866 888 1903; x_wconf 90' lang='lat' dir='ltr'>quaeso</span> <span class='ocrx_word' id='word_1_227' title='bbox 916 1853 1044 1902; x_wconf 86' lang='lat' dir='ltr'>potuit</span> <span class='ocrx_word' id='word_1_228' title='bbox 1070 1853 1197 1890; x_wconf 88' lang='lat' dir='ltr'>facere</span> <span class='ocrx_word' id='word_1_229' title='bbox 1226 1859 1311 1891; x_wconf 91' lang='lat' dir='ltr'>tum</span> <span class='ocrx_word' id='word_1_230' title='bbox 1339 1866 1475 1902; x_wconf 89' lang='lat' dir='ltr'>oppor-</span> 
     </span>
     <span class='ocr_line' id='line_1_30' title="bbox 126 1908 1475 1959; baseline 0.001 -14"><span class='ocrx_word' id='word_1_231' title='bbox 126 1908 279 1955; x_wconf 86' lang='lat' dir='ltr'>tunius,</span> <span class='ocrx_word' id='word_1_232' title='bbox 309 1921 426 1959; x_wconf 88' lang='lat' dir='ltr'>quam</span> <span class='ocrx_word' id='word_1_233' title='bbox 453 1909 518 1946; x_wconf 77' lang='lat' dir='ltr'>vel</span> <span class='ocrx_word' id='word_1_234' title='bbox 545 1909 776 1958; x_wconf 85' lang='lat' dir='ltr'>perniciosas</span> <span class='ocrx_word' id='word_1_235' title='bbox 815 1915 856 1947; x_wconf 90' lang='lat' dir='ltr'>et</span> <span class='ocrx_word' id='word_1_236' title='bbox 883 1909 1076 1959; x_wconf 86' lang='lat' dir='ltr'>improbas</span> <span class='ocrx_word' id='word_1_237' title='bbox 1111 1910 1310 1947; x_wconf 83' lang='lat' dir='ltr'>rhetorum</span> <span class='ocrx_word' id='word_1_238' title='bbox 1339 1913 1380 1947; x_wconf 87' lang='lat' dir='ltr'>et</span> <span class='ocrx_word' id='word_1_239' title='bbox 1416 1909 1475 1947; x_wconf 84' lang='lat' dir='ltr'>vi-</span> 
     </span>
     <span class='ocr_line' id='line_1_31' title="bbox 127 1964 1475 2015; baseline 0.002 -14"><span class='ocrx_word' id='word_1_240' title='bbox 127 1977 257 2001; x_wconf 90' lang='lat' dir='ltr'>rorum</span> <span class='ocrx_word' id='word_1_241' title='bbox 285 1964 458 2003; x_wconf 82' lang='lat' dir='ltr'>civilium</span> <span class='ocrx_word' id='word_1_242' title='bbox 495 1969 597 2003; x_wconf 88' lang='lat' dir='ltr'>artes</span> <span class='ocrx_word' id='word_1_243' title='bbox 635 1965 823 2013; x_wconf 88' lang='lat' dir='ltr'>castigare</span> <span class='ocrx_word' id='word_1_244' title='bbox 851 1966 916 2003; x_wconf 84' lang='lat' dir='ltr'>vel</span> <span class='ocrx_word' id='word_1_245' title='bbox 951 1965 1217 2015; x_wconf 88' lang='lat' dir='ltr'>philosophiae</span> <span class='ocrx_word' id='word_1_246' title='bbox 1245 1965 1475 2014; x_wconf 87' lang='lat' dir='ltr'>dignitatem</span> 
     </span>
     <span class='ocr_line' id='line_1_32' title="bbox 126 2020 1475 2071; baseline 0.001 -13"><span class='ocrx_word' id='word_1_247' title='bbox 126 2025 243 2071; x_wconf 86' lang='lat' dir='ltr'>atque</span> <span class='ocrx_word' id='word_1_248' title='bbox 270 2020 549 2070; x_wconf 81' lang='lat' dir='ltr'>praestantiam</span> <span class='ocrx_word' id='word_1_249' title='bbox 575 2021 616 2058; x_wconf 91' lang='lat' dir='ltr'>in</span> <span class='ocrx_word' id='word_1_250' title='bbox 643 2021 852 2059; x_wconf 83' lang='lat' dir='ltr'>illustriore</span> <span class='ocrx_word' id='word_1_251' title='bbox 887 2022 973 2059; x_wconf 90' lang='lat' dir='ltr'>luce</span> <span class='ocrx_word' id='word_1_252' title='bbox 1002 2021 1209 2060; x_wconf 87' lang='lat' dir='ltr'>collocare?</span> <span class='ocrx_word' id='word_1_253' title='bbox 1263 2022 1475 2060; x_wconf 83' lang='lat' dir='ltr'>Enimvero</span> 
     </span>
     <span class='ocr_line' id='line_1_33' title="bbox 124 2076 1475 2128; baseline 0.001 -14"><span class='ocrx_word' id='word_1_254' title='bbox 124 2076 198 2115; x_wconf 88' lang='lat' dir='ltr'>isto</span> <span class='ocrx_word' id='word_1_255' title='bbox 237 2077 393 2128; x_wconf 89' lang='lat' dir='ltr'>quidem</span> <span class='ocrx_word' id='word_1_256' title='bbox 430 2082 541 2127; x_wconf 85' lang='lat' dir='ltr'>pacto</span> <span class='ocrx_word' id='word_1_257' title='bbox 570 2082 707 2127; x_wconf 90' lang='lat' dir='ltr'>sponte</span> <span class='ocrx_word' id='word_1_258' title='bbox 745 2082 904 2127; x_wconf 87' lang='lat' dir='ltr'>apparet</span> <span class='ocrx_word' id='word_1_259' title='bbox 939 2078 1156 2117; x_wconf 86' lang='lat' dir='ltr'>defendisse</span> <span class='ocrx_word' id='word_1_260' title='bbox 1189 2079 1320 2128; x_wconf 87' lang='lat' dir='ltr'>ipsum</span> <span class='ocrx_word' id='word_1_261' title='bbox 1359 2079 1475 2116; x_wconf 88' lang='lat' dir='ltr'>simul</span> 
     </span>
     <span class='ocr_line' id='line_1_34' title="bbox 126 2133 1472 2187; baseline 0.001 -16"><span class='ocrx_word' id='word_1_262' title='bbox 126 2133 276 2182; x_wconf 85' lang='lat' dir='ltr'>egregie</span> <span class='ocrx_word' id='word_1_263' title='bbox 303 2133 412 2180; x_wconf 90' lang='lat' dir='ltr'>illud,</span> <span class='ocrx_word' id='word_1_264' title='bbox 441 2135 544 2185; x_wconf 92' lang='lat' dir='ltr'>quod</span> <span class='ocrx_word' id='word_1_265' title='bbox 571 2138 657 2172; x_wconf 92' lang='lat' dir='ltr'>tum</span> <span class='ocrx_word' id='word_1_266' title='bbox 685 2133 1032 2187; x_wconf 11' lang='lat' dir='ltr'>animopagitabat,</span> <span class='ocrx_word' id='word_1_267' title='bbox 1063 2136 1110 2173; x_wconf 89' lang='lat' dir='ltr'>de</span> <span class='ocrx_word' id='word_1_268' title='bbox 1137 2136 1339 2184; x_wconf 88' lang='lat' dir='ltr'>deligendo</span> <span class='ocrx_word' id='word_1_269' title='bbox 1367 2136 1472 2174; x_wconf 86' lang='lat' dir='ltr'>vitae</span> 
     </span>
     <span class='ocr_line' id='line_1_35' title="bbox 125 2190 1475 2242; baseline 0.002 -15"><span class='ocrx_word' id='word_1_270' title='bbox 125 2202 265 2238; x_wconf 86' lang='lat' dir='ltr'>genere</span> <span class='ocrx_word' id='word_1_271' title='bbox 302 2190 504 2228; x_wconf 89' lang='lat' dir='ltr'>consilium</span> <span class='ocrx_word' id='word_1_272' title='bbox 541 2194 658 2242; x_wconf 85' lang='lat' dir='ltr'>atque</span> <span class='ocrx_word' id='word_1_273' title='bbox 696 2204 850 2229; x_wconf 81' lang='lat' dir='ltr'>caussas</span> <span class='ocrx_word' id='word_1_274' title='bbox 886 2192 1092 2241; x_wconf 87' lang='lat' dir='ltr'>aperuisse,</span> <span class='ocrx_word' id='word_1_275' title='bbox 1131 2205 1199 2230; x_wconf 90' lang='lat' dir='ltr'>cur</span> <span class='ocrx_word' id='word_1_276' title='bbox 1226 2193 1387 2242; x_wconf 85' lang='lat' dir='ltr'>posthac</span> <span class='ocrx_word' id='word_1_277' title='bbox 1414 2206 1475 2230; x_wconf 89' lang='lat' dir='ltr'>re-</span> 
     </span>
     <span class='ocr_line' id='line_1_36' title="bbox 125 2246 1474 2299; baseline 0.002 -16"><span class='ocrx_word' id='word_1_278' title='bbox 125 2246 280 2295; x_wconf 86' lang='lat' dir='ltr'>publica</span> <span class='ocrx_word' id='word_1_279' title='bbox 307 2246 500 2285; x_wconf 84' lang='lat' dir='ltr'>abstinere</span> <span class='ocrx_word' id='word_1_280' title='bbox 536 2251 577 2286; x_wconf 89' lang='lat' dir='ltr'>et</span> <span class='ocrx_word' id='word_1_281' title='bbox 611 2247 701 2285; x_wconf 87' lang='lat' dir='ltr'>unis</span> <span class='ocrx_word' id='word_1_282' title='bbox 729 2247 993 2298; x_wconf 87' lang='lat' dir='ltr'>philosophiae</span> <span class='ocrx_word' id='word_1_283' title='bbox 1031 2248 1168 2287; x_wconf 84' lang='lat' dir='ltr'>studiis</span> <span class='ocrx_word' id='word_1_284' title='bbox 1204 2261 1341 2287; x_wconf 82' lang='lat' dir='ltr'>vacare</span> <span class='ocrx_word' id='word_1_285' title='bbox 1371 2250 1474 2299; x_wconf 89' lang='lat' dir='ltr'>apud</span> 
     </span>
     <span class='ocr_line' id='line_1_37' title="bbox 126 2302 1473 2352; baseline 0.003 -13"><span class='ocrx_word' id='word_1_286' title='bbox 126 2302 298 2340; x_wconf 86' lang='lat' dir='ltr'>animum</span> <span class='ocrx_word' id='word_1_287' title='bbox 314 2303 587 2342; x_wconf 85' lang='lat' dir='ltr'>constituisset.</span> <span class='ocrx_word' id='word_1_288' title='bbox 625 2305 707 2342; x_wconf 86' lang='lat' dir='ltr'>Nec</span> <span class='ocrx_word' id='word_1_289' title='bbox 734 2317 827 2342; x_wconf 82' lang='lat' dir='ltr'>vero</span> <span class='ocrx_word' id='word_1_290' title='bbox 852 2305 933 2342; x_wconf 87' lang='lat' dir='ltr'>ullo</span> <span class='ocrx_word' id='word_1_291' title='bbox 951 2306 1063 2343; x_wconf 92' lang='lat' dir='ltr'>modo</span> <span class='ocrx_word' id='word_1_292' title='bbox 1083 2306 1287 2343; x_wconf 89' lang='lat' dir='ltr'>obscurum</span> <span class='ocrx_word' id='word_1_293' title='bbox 1305 2305 1473 2352; x_wconf 79' lang='lat' dir='ltr'>videtur,</span> 
     </span>
     <span class='ocr_line' id='line_1_38' title="bbox 125 2358 1473 2413; baseline 0.003 -17"><span class='ocrx_word' id='word_1_294' title='bbox 125 2358 194 2409; x_wconf 87' lang='lat' dir='ltr'>qui</span> <span class='ocrx_word' id='word_1_295' title='bbox 222 2358 307 2397; x_wconf 86' lang='lat' dir='ltr'>fieri</span> <span class='ocrx_word' id='word_1_296' title='bbox 333 2359 522 2408; x_wconf 87' lang='lat' dir='ltr'>potuerit,</span> <span class='ocrx_word' id='word_1_297' title='bbox 551 2364 597 2398; x_wconf 88' lang='lat' dir='ltr'>ut</span> <span class='ocrx_word' id='word_1_298' title='bbox 623 2361 696 2398; x_wconf 90' lang='lat' dir='ltr'>hoc</span> <span class='ocrx_word' id='word_1_299' title='bbox 723 2360 794 2398; x_wconf 89' lang='lat' dir='ltr'>tali</span> <span class='ocrx_word' id='word_1_300' title='bbox 828 2364 1001 2411; x_wconf 91' lang='lat' dir='ltr'>tempore</span> <span class='ocrx_word' id='word_1_301' title='bbox 1029 2375 1150 2413; x_wconf 91' lang='lat' dir='ltr'>quum</span> <span class='ocrx_word' id='word_1_302' title='bbox 1177 2363 1226 2400; x_wconf 90' lang='lat' dir='ltr'>de</span> <span class='ocrx_word' id='word_1_303' title='bbox 1253 2362 1358 2399; x_wconf 91' lang='lat' dir='ltr'>omni</span> <span class='ocrx_word' id='word_1_304' title='bbox 1386 2363 1473 2400; x_wconf 90' lang='lat' dir='ltr'>rhe-</span> 
     </span>
     <span class='ocr_line' id='line_1_39' title="bbox 126 2415 1474 2467; baseline 0.002 -14"><span class='ocrx_word' id='word_1_305' title='bbox 126 2415 248 2453; x_wconf 75' lang='lat' dir='ltr'>torica</span> <span class='ocrx_word' id='word_1_306' title='bbox 276 2419 316 2453; x_wconf 85' lang='lat' dir='ltr'>et</span> <span class='ocrx_word' id='word_1_307' title='bbox 342 2419 426 2454; x_wconf 85' lang='lat' dir='ltr'>arte</span> <span class='ocrx_word' id='word_1_308' title='bbox 455 2415 571 2463; x_wconf 80' lang='lat' dir='ltr'>civili,</span> <span class='ocrx_word' id='word_1_309' title='bbox 610 2420 695 2455; x_wconf 88' lang='lat' dir='ltr'>tum</span> <span class='ocrx_word' id='word_1_310' title='bbox 730 2416 918 2467; x_wconf 89' lang='lat' dir='ltr'>imprimis</span> <span class='ocrx_word' id='word_1_311' title='bbox 947 2418 1064 2456; x_wconf 87' lang='lat' dir='ltr'>etiam</span> <span class='ocrx_word' id='word_1_312' title='bbox 1092 2419 1140 2456; x_wconf 93' lang='lat' dir='ltr'>de</span> <span class='ocrx_word' id='word_1_313' title='bbox 1168 2419 1474 2457; x_wconf 86' lang='lat' dir='ltr'>Atheniensibus</span> 
     </span>
     <span class='ocr_line' id='line_1_40' title="bbox 126 2471 1473 2523; baseline 0.004 -15"><span class='ocrx_word' id='word_1_314' title='bbox 126 2484 335 2522; x_wconf 88' lang='lat' dir='ltr'>eorumque</span> <span class='ocrx_word' id='word_1_315' title='bbox 362 2471 596 2521; x_wconf 86' lang='lat' dir='ltr'>reipublicae</span> <span class='ocrx_word' id='word_1_316' title='bbox 622 2474 944 2523; x_wconf 78' lang='lat' dir='ltr'>gubernatoribus</span> <span class='ocrx_word' id='word_1_317' title='bbox 981 2475 1143 2512; x_wconf 88' lang='lat' dir='ltr'>subinde</span> <span class='ocrx_word' id='word_1_318' title='bbox 1172 2475 1346 2513; x_wconf 88' lang='lat' dir='ltr'>acerbius</span> <span class='ocrx_word' id='word_1_319' title='bbox 1373 2476 1473 2513; x_wconf 88' lang='lat' dir='ltr'>iudi-</span> 
     </span>
     <span class='ocr_line' id='line_1_41' title="bbox 126 2529 1473 2583; baseline 0.003 -18"><span class='ocrx_word' id='word_1_320' title='bbox 126 2531 231 2566; x_wconf 85' lang='lat' dir='ltr'>caret</span> <span class='ocrx_word' id='word_1_321' title='bbox 268 2531 385 2579; x_wconf 87' lang='lat' dir='ltr'>atque</span> <span class='ocrx_word' id='word_1_322' title='bbox 423 2529 589 2567; x_wconf 86' lang='lat' dir='ltr'>Socratis</span> <span class='ocrx_word' id='word_1_323' title='bbox 625 2543 799 2568; x_wconf 86' lang='lat' dir='ltr'>caussam</span> <span class='ocrx_word' id='word_1_324' title='bbox 837 2543 916 2568; x_wconf 89' lang='lat' dir='ltr'>non</span> <span class='ocrx_word' id='word_1_325' title='bbox 943 2531 1026 2569; x_wconf 89' lang='lat' dir='ltr'>sine</span> <span class='ocrx_word' id='word_1_326' title='bbox 1064 2531 1182 2569; x_wconf 89' lang='lat' dir='ltr'>animi</span> <span class='ocrx_word' id='word_1_327' title='bbox 1212 2533 1378 2583; x_wconf 89' lang='lat' dir='ltr'>quadam</span> <span class='ocrx_word' id='word_1_328' title='bbox 1415 2532 1473 2569; x_wconf 87' lang='lat' dir='ltr'>in-</span> 
     </span>
     <span class='ocr_line' id='line_1_42' title="bbox 126 2583 1472 2632; baseline 0.004 -11"><span class='ocrx_word' id='word_1_329' title='bbox 126 2583 349 2632; x_wconf 85' lang='lat' dir='ltr'>dignatione</span> <span class='ocrx_word' id='word_1_330' title='bbox 395 2585 461 2623; x_wconf 84' lang='lat' dir='ltr'>vel</span> <span class='ocrx_word' id='word_1_331' title='bbox 496 2590 726 2625; x_wconf 81' lang='lat' dir='ltr'>memoraret</span> <span class='ocrx_word' id='word_1_332' title='bbox 771 2587 837 2626; x_wconf 84' lang='lat' dir='ltr'>vel</span> <span class='ocrx_word' id='word_1_333' title='bbox 874 2588 1109 2626; x_wconf 88' lang='lat' dir='ltr'>defenderet.</span> <span class='ocrx_word' id='word_1_334' title='bbox 1183 2589 1285 2626; x_wconf 86' lang='lat' dir='ltr'>Nam</span> <span class='ocrx_word' id='word_1_335' title='bbox 1322 2589 1355 2627; x_wconf 90' lang='lat' dir='ltr'>si</span> <span class='ocrx_word' id='word_1_336' title='bbox 1393 2589 1472 2626; x_wconf 91' lang='lat' dir='ltr'>ullo</span> 
     </span>
     <span class='ocr_line' id='line_1_43' title="bbox 126 2643 1475 2696; baseline 0.004 -19"><span class='ocrx_word' id='word_1_337' title='bbox 126 2644 308 2689; x_wconf 89' lang='lat' dir='ltr'>tempore,</span> <span class='ocrx_word' id='word_1_338' title='bbox 337 2644 439 2679; x_wconf 91' lang='lat' dir='ltr'>certe</span> <span class='ocrx_word' id='word_1_339' title='bbox 467 2644 552 2679; x_wconf 87' lang='lat' dir='ltr'>tum</span> <span class='ocrx_word' id='word_1_340' title='bbox 569 2643 636 2680; x_wconf 81' lang='lat' dir='ltr'>vel</span> <span class='ocrx_word' id='word_1_341' title='bbox 651 2643 819 2681; x_wconf 87' lang='lat' dir='ltr'>maxime</span> <span class='ocrx_word' id='word_1_342' title='bbox 839 2643 974 2683; x_wconf 88' lang='lat' dir='ltr'>debuit</span> <span class='ocrx_word' id='word_1_343' title='bbox 991 2644 1146 2691; x_wconf 88' lang='lat' dir='ltr'>sentire,</span> <span class='ocrx_word' id='word_1_344' title='bbox 1171 2648 1317 2696; x_wconf 88' lang='lat' dir='ltr'>quanta</span> <span class='ocrx_word' id='word_1_345' title='bbox 1335 2645 1475 2683; x_wconf 85' lang='lat' dir='ltr'>fuisset</span> 
     </span>
     <span class='ocr_line' id='line_1_44' title="bbox 126 2695 1473 2751; baseline 0.004 -18"><span class='ocrx_word' id='word_1_346' title='bbox 126 2695 348 2745; x_wconf 88' lang='lat' dir='ltr'>indignitas,</span> <span class='ocrx_word' id='word_1_347' title='bbox 376 2710 454 2749; x_wconf 89' lang='lat' dir='ltr'>qua</span> <span class='ocrx_word' id='word_1_348' title='bbox 481 2697 539 2736; x_wconf 82' lang='lat' dir='ltr'>ita</span> <span class='ocrx_word' id='word_1_349' title='bbox 563 2699 711 2738; x_wconf 70' lang='lat' dir='ltr'>factum</span> <span class='ocrx_word' id='word_1_350' title='bbox 739 2704 852 2747; x_wconf 89' lang='lat' dir='ltr'>esset,</span> <span class='ocrx_word' id='word_1_351' title='bbox 880 2703 927 2739; x_wconf 89' lang='lat' dir='ltr'>ut</span> <span class='ocrx_word' id='word_1_352' title='bbox 953 2701 1015 2739; x_wconf 88' lang='lat' dir='ltr'>vir</span> <span class='ocrx_word' id='word_1_353' title='bbox 1041 2701 1378 2739; x_wconf 87' lang='lat' dir='ltr'>innocentissimus</span> <span class='ocrx_word' id='word_1_354' title='bbox 1402 2715 1473 2751; x_wconf 86' lang='lat' dir='ltr'>pu-</span> 
     </span>
     <span class='ocr_line' id='line_1_45' title="bbox 127 2751 1475 2810; baseline 0.006 -19"><span class='ocrx_word' id='word_1_355' title='bbox 127 2751 224 2802; x_wconf 85' lang='lat' dir='ltr'>blice</span> <span class='ocrx_word' id='word_1_356' title='bbox 234 2757 435 2793; x_wconf 85' lang='lat' dir='ltr'>accusatus</span> <span class='ocrx_word' id='word_1_357' title='bbox 445 2754 582 2805; x_wconf 86' lang='lat' dir='ltr'>capitis</span> <span class='ocrx_word' id='word_1_358' title='bbox 597 2756 783 2807; x_wconf 84' lang='lat' dir='ltr'>supplicio</span> <span class='ocrx_word' id='word_1_359' title='bbox 793 2757 1023 2797; x_wconf 84' lang='lat' dir='ltr'>afficeretur.</span> <span class='ocrx_word' id='word_1_360' title='bbox 1039 2760 1171 2810; x_wconf 89' lang='lat' dir='ltr'>Atque</span> <span class='ocrx_word' id='word_1_361' title='bbox 1183 2758 1363 2798; x_wconf 84' lang='lat' dir='ltr'>convenit</span> <span class='ocrx_word' id='word_1_362' title='bbox 1379 2759 1475 2799; x_wconf 85' lang='lat' dir='ltr'>haec</span> 
     </span>
    </p>
   </div>
  </div>
 </body>
</html>
