1690 2892
378 203 641 243 GORGIAS.
670 204 715 242 P.
748 206 840 241 506.
873 203 966 242 507.
997 204 1058 241 ed.
1090 203 1146 242 St.
1381 203 1460 240 277

107 316 195 356 τῶν
239 315 400 364 ὄντωνς
436 308 621 367 ”Εμοιγε
667 313 795 354 δοκεῖ.
863 311 948 353 Καὶ
1000 310 1116 366 ψυχὴ
1164 313 1247 365 α”ρα
1298 312 1463 365 κόσμον

107 378 262 434 ἔχουσα
300 378 378 420 τὸν
417 377 571 433 ἑαυτῆς
610 374 798 432 ἀμείνων
834 383 908 431 τῆς
946 373 1219 432 ἀκοσμήτου,·
1254 374 1461 431 Ἀνάγκη.

102 443 237 486 ’.Αλλὰ
276 443 363 498 μὴν
398 444 425 499 ἥ
461 458 509 498 γε
545 445 709 498 κόσμον
746 441 902 498 ἔχουσα
942 444 1122 497 κοσμία;
1165 445 1269 492 Πῶς
1296 442 1378 496 γὰρ
1409 443 1462 484 οὐ

106 509 267 565 μέλλεις
299 505 360 551 Ἡ
389 508 434 551 δέ
473 524 519 564 γε
557 510 712 564 κοσμία
751 505 966 562 σώφρων,·
1006 507 1154 563 Πολλὴ
1183 509 1362 588 ἀνάγκη.
1409 502 1469 549 Ἡ
1493 511 1574 553 507

106 579 191 630 ἄρα
227 577 417 629 σώφρων
455 573 571 630 ψυχὴ
611 576 769 630 ἀγαθή.
830 570 951 628 Ἐγὼ
992 573 1070 626 μὲν
1110 574 1190 616 οὐκ
1230 572 1310 628 ἔχω
1346 573 1464 653 παρὰ

105 649 239 684 ταῦτα
274 643 381 683 ἄλλα
418 643 576 695 φάναι,
617 643 652 683 ὠ
690 642 787 693 φίλε
817 640 1092 689 Καλλίκλεις·
1134 639 1188 681 σὺ
1216 635 1254 682 δ’
1282 639 1318 681 εἰ
1345 636 1463 694 ἔχεις,

104 708 287 749 δίδασκε.
345 708 480 749 ΚΑΛ.
521 701 698 761 Λέγ’ω,
676 701 692 718 ²
663 704 859 761 ω’γαθέ.
916 708 1014 747 ΣΩ.
1052 704 1178 759 Λέγω
1206 704 1272 760 δη,
1314 704 1389 755 ὅτι,
1428 705 1465 746 εἰ

104 773 133 828 ἦ
170 773 357 826 σώφρων
393 772 539 827 ἀγαθή
569 770 708 821 ἐστιν,
747 772 775 826 ἡ
801 772 1062 814 τούναντίον
1089 778 1140 826 τῇ
1170 767 1367 825 σώφρονι
1395 785 1463 812 πε-

104 842 300 881 πονθυῖα
319 839 428 892 κακή
452 836 578 880 ἐστιν.
605 833 661 892 ἦν
685 837 730 880 δὲ
759 837 866 891 αὕτη
893 837 922 891 ἦ
950 840 1105 891 ἄφρων
1133 852 1177 879 τε
1205 836 1275 879 καὶ
1305 837 1463 879 ἀκόλα-

106 915 226 955 στος;
259 904 389 946 Πάνυ
417 918 474 957 γε.
533 903 621 945 Καὶ
650 902 737 958 μὴν
766 903 789 944 ὅ
818 917 865 956 γε
895 904 1084 957 σώφρων
1111 903 1163 945 τὰ
1191 905 1465 958 προςήκοντα

104 971 283 1023 πράττοι
322 969 377 1011 ἂν
413 968 482 1010 καὶ
524 967 620 1022 περὶ
659 968 790 1018 θεοὺς
827 968 900 1010 καὶ
937 969 1032 1022 περὶ
1071 969 1357 1021 ἀνθρώπους;
1412 968 1465 1009 ού

106 1036 189 1089 γὰρ
217 1035 272 1077 ἂν
301 1038 527 1088 σωφρονοῖ
551 1034 603 1076 τὰ
630 1035 688 1090 μὴ
717 1035 988 1089 προςήκοντα
1015 1035 1238 1087 πράττων,·
1270 1029 1464 1088 Ἀνάγκη

104 1098 224 1143 ταῦτ’
266 1097 376 1142 εἶναι
416 1099 543 1143 οὕτω.
611 1100 698 1142 Καὶ
737 1101 824 1154 μὴν
862 1098 957 1151 περὶ
993 1099 1072 1153 μὲν
1111 1099 1376 1153 ἀνθρώπους
1414 1099 1466 1141 τὰ

105 1168 374 1221 προςήκοντα
414 1166 613 1218 πράττων
654 1166 778 1208 δίκαι’
808 1165 863 1206 ἂν
890 1165 1095 1218 πράττοι,
1135 1164 1232 1219 περὶ
1260 1165 1305 1207 δὲ
1333 1160 1534 1214 θεοὺςΒ

106 1232 226 1274 ὅσια·
268 1233 345 1274 τὸν
383 1231 428 1273 δὲ
463 1230 515 1273 τὰ
543 1231 686 1273 δίκαια
715 1230 786 1272 καὶ
814 1230 911 1272 ὅσια
939 1231 1182 1283 πράττοντα
1210 1231 1376 1285 ἀνάγκη
1406 1231 1464 1272 δί-

104 1313 230 1340 καιον
264 1297 334 1339 καὶ
379 1293 502 1338 ὅσιον
537 1292 671 1344 εἶναι,·
701 1291 832 1337 ”Εστι
874 1300 1020 1338 ταῦτα.
1081 1297 1167 1338 Καὶ
1205 1296 1284 1351 μὲν
1312 1295 1364 1351 δὴ
1394 1297 1463 1338 καὶ

104 1364 304 1418 ἀνδρεῖόν
331 1377 379 1416 γε
407 1362 597 1417 ἀνάγκης
627 1362 681 1403 οὐ
709 1361 791 1416 γὰρ
820 1359 873 1416 δὴ
903 1362 1132 1415 σώφρονος
1160 1362 1320 1416 ἀνδρός
1351 1361 1467 1404 ἐστιν

107 1432 204 1471 οὔτε
246 1429 415 1470 διώκειν
452 1430 549 1469 οὔτε
590 1428 768 1481 φεύγειν
806 1429 833 1468 ἃ
872 1425 931 1483 μὴ
961 1428 1186 1482 προςήκει,
1228 1429 1318 1469 ἀλλ’
1348 1430 1374 1468 ἃ
1403 1430 1469 1470 δεῖ

105 1493 176 1536 καὶ
223 1494 450 1548 πράγματα
498 1492 568 1535 καὶ
608 1489 875 1546 ἀνθρώπους
911 1492 982 1535 καὶ
1018 1492 1180 1547 ἡδονὰς
1217 1492 1289 1535 καὶ
1326 1493 1464 1543 λύπας

171 1629 214 1661 Ρ.
237 1627 314 1662 507.
362 1627 476 1670 παρὰ
501 1627 630 1660 ταῦτα
654 1625 770 1671 ἄλλα]
797 1629 878 1670 περὶ
903 1627 956 1660 ed.
979 1628 1059 1662 Bas.
1084 1627 1117 1661 2.

174 1693 339 1738 ἄφρων
370 1707 411 1728 τε
442 1695 510 1728 καὶ
545 1693 801 1739 ἀκόλαστος]
838 1696 880 1728 V.
906 1696 962 1728 καὶ
990 1693 1009 1739 ἡ
1033 1693 1106 1734 α’κ.,
1141 1695 1234 1738 quod
1266 1696 1362 1728 solus
1395 1697 1466 1728 fere

108 1742 186 1774 Par.
209 1743 248 1774 E.
274 1745 376 1776 tenet.
418 1742 510 1773 Dein
527 1741 632 1773 vind.
655 1741 687 1774 6.
718 1741 811 1774 Flor.
831 1752 864 1773 x.
892 1744 1109 1784 σωφρονοίη.
1147 1741 1214 1774 Sed
1238 1752 1302 1774 nec
1324 1741 1466 1774 alteram

106 1788 251 1819 formam
281 1786 406 1819 Atticis
436 1787 688 1829 infrequentem
722 1797 797 1819 esse
828 1790 970 1821 constat.
1003 1797 1036 1818 v.
1067 1787 1160 1819 infra
1191 1798 1223 1830 p.
1247 1785 1325 1820 510.
1359 1787 1397 1820 C.
1422 1788 1465 1819 D.

106 1831 182 1866 520.
199 1833 240 1864 Ε.
271 1833 325 1864 De
341 1833 424 1874 Rep.
447 1830 524 1865 557.
544 1833 586 1864 D.
621 1833 709 1864 conf.
738 1833 904 1865 Valcken.
935 1832 978 1864 ad
1001 1832 1183 1875 Hippolyt.
1207 1843 1240 1875 p.
1264 1831 1341 1866 220.
1367 1838 1401 1865 et
1424 1832 1465 1865 de

104 1878 250 1910 Platone
275 1877 471 1910 Schneider.
495 1877 538 1909 ad
562 1878 680 1920 Remp.
706 1878 747 1909 T.
772 1878 798 1909 Ι.
822 1888 856 1919 p.
881 1875 935 1910 77.

170 1946 210 1978 B.
257 1942 342 1977 ἀλλ’
368 1942 390 1976 ἂ
415 1943 503 1986 δεῖ]
530 1943 629 1977 Libri
653 1941 736 1977 ἀλλὰ
762 1943 824 1984 δεῖ,
850 1944 942 1987 quod
966 1945 1165 1977 emendavit
1187 1944 1368 1978 Heindorf.

103 2068 427 2125 εοὴρ1.ὲντεῦθεν,
458 2069 590 2111 inquit,
622 2066 640 2100 ὁ
669 2068 746 2101 Σω-

104 2112 230 2157 κράιηε,Ί
255 2114 367 2170 ἑαυτῷ
392 2112 626 2156 ἀποκρίνεται.

148 2160 192 2192 D.
246 2157 295 2192 οὐ
335 2163 388 2204 τῷ
429 2159 526 2203 εἰκῇ
565 2159 615 2203 κ.]
663 2171 746 2192 non

103 2206 298 2238 fortuito
347 2210 475 2247 atque
521 2215 642 2246 casn,
689 2206 746 2238 cui

103 2250 288 2293 opponitur
320 2250 443 2283 deinde
474 2248 566 2292 τάξει
595 2251 651 2283 καὶ
683 2248 744 2292 ὀρ-

104 2294 223 2338 θότητι
247 2296 302 2327 καὶ
328 2295 434 2338 τέχνῃ.
457 2297 555 2329 Phil.
572 2307 605 2338 Ρ
621 2295 676 2329 28.
693 2297 745 2328 D.

105 2339 165 2384 τὴν
195 2344 256 2373 τοῦ
285 2338 414 2384 ἀλόγου
445 2341 501 2374 καὶ
532 2341 612 2384 εἰκῇ
642 2340 746 2374 δύνα-

104 2398 173 2426 μιν.
212 2386 302 2418 Tim.
331 2397 368 2439 Ρ.
387 2384 442 2419 34.
467 2386 514 2419 C:
549 2386 745 2428 μετέχοντες

105 2435 165 2464 τοῦ
197 2429 450 2474 προς-τυχόντος
481 2433 537 2464 καὶ
570 2431 658 2475 εἰκῇ.
704 2433 746 2464 In

103 2477 250 2519 Sophist.
275 2487 308 2519 p.
332 2475 411 2510 225.
434 2477 474 2509 B.
505 2477 745 2510 scribendum:

103 2522 180 2564 εἰκῇ
212 2521 251 2554 δὲ
280 2522 336 2555 καὶ
369 2519 516 2563 ἀτέχνως
548 2524 629 2565 περὶ
662 2521 745 2555 αὐτὸ

104 2565 292 2610 πράττεται.
338 2567 482 2610 Legitur
514 2569 605 2600 enim
640 2569 745 2612 vulgo

102 2623 281 2655 perperam
304 2610 465 2654 ἀτεχνῶς.
497 2613 656 2646 Ceterum
673 2613 746 2646 Co-

103 2668 198 2691 raes
237 2658 448 2701 suffragante
483 2658 745 2702 Hirschigio

103 2701 257 2735 κάλλιστα
318 2703 568 2736 eliminandum
620 2709 748 2746 censet,

103 2748 195 2791 quod
209 2754 325 2781 tamen
339 2760 384 2782 ex
402 2760 442 2782 eo
467 2753 622 2792 paratam
643 2750 748 2783 habet

816 2069 1077 2110 defensionem,
1109 2069 1200 2111 quod
1233 2066 1340 2114 ἀρετή
1363 2070 1464 2103 modo

815 2115 985 2147 latissimo
1032 2125 1138 2148 sensu
1176 2115 1270 2147 dicta
1310 2119 1379 2156 est,
1427 2120 1465 2148 ut

816 2161 921 2193 etiam
945 2159 1049 2193 rebus
1073 2161 1118 2193 sit
1143 2161 1318 2193 attributa.

860 2206 900 2238 P.
926 2204 1003 2239 507.
1051 2203 1166 2247 παρὰ
1199 2209 1327 2238 ταῦτα
1361 2203 1463 2239 ἄλλα

818 2249 981 2305 φάναι]
1028 2251 1206 2284 Phaedon.
1219 2262 1270 2305 Ρ.
1304 2250 1381 2284 107.
1413 2252 1462 2284 A:

815 2294 949 2329 οὔκουν
972 2316 1016 2321 -
1047 2297 1110 2338 ἔχω
1136 2294 1231 2338 παρὰ
1255 2299 1359 2328 ταῦτα
1381 2294 1462 2328 ἄλλο

816 2354 844 2374 τι
867 2341 989 2396 λέγειν,
1013 2343 1085 2395 uhi..
1098 2353 1130 2374 v.
1152 2346 1270 2374 annot.
1469 2380 1477 2388 ⁸

859 2388 898 2420 B.
947 2385 1032 2419 ἀλλ
1063 2383 1085 2419 ἃ
1117 2386 1192 2420 δεῖ
1211 2387 1283 2420 καὶ
1310 2399 1372 2428 πρ.
1398 2387 1464 2431 -J

815 2433 932 2473 „Inter
962 2432 1051 2465 alias
1074 2434 1321 2476 temperantiae
1346 2433 1466 2466 defini-

814 2457 927 2511 tiones
973 2478 1138 2511 tribuitur
1180 2479 1266 2512 haee
1304 2478 1463 2511 Platoni:

815 2523 903 2565 ἕξις,
941 2521 1022 2555 καθ’
1055 2521 1100 2566 ἢν
1132 2520 1151 2556 ὁ
1178 2524 1265 2566 ἔχων
1289 2524 1464 2569 αἱρετικός

815 2567 886 2601 ἐστι
925 2569 982 2601 καὶ
1025 2552 1248 2612 εὐλαβηιικὸς
1291 2570 1343 2602 ῶν
1386 2568 1462 2613 χρή,

814 2614 1172 2657 Aristotelesque
1209 2615 1246 2646 in
1284 2615 1359 2657 ipso
1394 2615 1463 2647 fine

814 2659 892 2691 libr.
906 2660 968 2692 111.
980 2659 1059 2692 Eth.
1075 2660 1210 2694 Nicom.
1223 2661 1309 2692 haec
1322 2659 1460 2692 scribit·
1453 2684 1461 2691 .

815 2704 988 2744 ἐπιθυμεῖ
1016 2702 1034 2738 ὁ
1064 2704 1222 2746 σώφρων
1247 2699 1304 2737 οἶν
1328 2705 1387 2738 δεῖ
1406 2705 1461 2737 καὶ

814 2747 863 2784 055·
889 2749 947 2782 δεῖ
967 2750 1022 2784 καὶ
1048 2748 1134 2783 ὅτε.”
1160 2750 1340 2784 ROUTH.
