1682 2944
257 214 308 248 38
725 209 1112 249 PROLEGOMENA

340 321 497 359 Censuit
524 321 642 370 igitur
670 321 919 371 philosophus
954 321 1184 371 reipublicae
1214 321 1461 360 Atheniensis
1498 334 1585 359 con·

257 377 440 415 ditionem
478 381 565 425 post
602 376 702 415 bella
739 376 890 415 Persica
928 376 967 413 in
1007 376 1088 415 dies
1125 377 1246 426 magis
1284 381 1498 427 comptam
1544 389 1589 414 ac

259 433 504 482 depravatam
532 444 625 469 esse.
682 433 933 483 Posteaquam
962 431 1074 478 enim,
1103 432 1316 481 profligatis
1343 433 1588 471 barbarorum

260 487 396 537 copiis,
434 486 666 525 diuturnitas
693 499 762 537 par
789 487 909 525 otium
937 491 976 525 ct
1002 487 1319 538 tranquillitatem
1348 487 1588 525 confirmasse

260 543 344 581 visa
382 547 457 588 est,
504 542 668 592 populus
713 542 958 581 victoriarum
1003 547 1282 592 reportaturum
1328 542 1590 591 magnitudine

261 598 385 636 elatus
435 597 633 647 pristinam
679 597 862 636 virtutem
909 597 1108 647 paullatim
1155 598 1323 637 abolevit
1370 598 1591 649 abiectaque

263 654 391 702 legum
419 653 654 702 publicarum
680 653 896 692 reverentia
924 658 1038 704 atquc
1075 653 1222 702 patriae
1249 653 1408 692 caritate
1437 658 1476 692 et
1504 666 1591 691 con-

263 713 382 747 temta
410 708 580 746 virorum
616 709 799 746 bonorum
834 721 877 746 ac
905 708 1049 758 patriae
1076 721 1166 747 vere
1195 708 1403 747 amantium
1431 709 1592 747 auctori-

263 767 343 802 tate
372 763 642 813 cupiditatibus
680 768 794 815 atquc
832 763 937 802 vitiis
974 763 1177 810 avaritiae,
1215 764 1338 802 malae
1366 764 1592 810 ambitionis,

265 818 431 869 partium
468 819 583 857 studii
621 819 715 857 mire
759 819 955 867 indulgere
994 819 1117 868 coepit
1125 819 1177 868 θ’).
1233 818 1405 860 Quorum
1441 819 1592 871 quidem

266 872 452 912 malorum
480 874 649 911 omnium
677 874 859 922 originem
897 879 936 912 et
973 887 1144 913 caussam
1174 874 1284 914 Plato
1324 875 1371 912 ab
1399 874 1474 912 illis
1501 874 1595 924 ipsis

265 929 359 968 viris
387 930 631 979 repetendam
664 929 866 975 iudicavit,
904 930 969 980 qui
1005 929 1094 967 belli
1130 935 1298 980 tempore
1326 943 1408 968 sese
1435 929 1594 979 praesti-

266 989 393 1023 terant
418 985 533 1023 duees
559 985 784 1023 fortissimos
814 997 856 1022 ac
883 985 1206 1034 prudentissimos.
1245 987 1341 1023 Pace
1360 985 1461 1023 enim
1482 985 1595 1023 resti-

268 1044 354 1078 tuta
379 1040 436 1077 illi
465 1052 541 1077 non
567 1040 623 1078 ita
650 1044 849 1088 gesseruut
882 1040 1172 1090 rempublicam,
1210 1045 1253 1079 ut
1281 1040 1421 1079 civium
1452 1040 1596 1078 animos

270 1096 317 1133 ad
344 1095 644 1145 temperantiam,
673 1095 871 1142 iustitiam,
900 1096 1063 1146 denique
1092 1096 1275 1135 virtutem
1304 1096 1502 1134 flecterent
1529 1100 1597 1134 aut

268 1151 494 1197 formarent,
533 1151 599 1188 sed
636 1163 766 1188 corum
804 1150 1075 1200 cupiditatibus
1111 1151 1349 1190 blandientes
1385 1164 1453 1201 per
1489 1163 1597 1189 suam

269 1206 436 1256 ipsorum
463 1205 671 1244 lubidinem
698 1206 820 1244 multa
846 1206 1062 1253 ambitiose,
1094 1219 1229 1253 avare,
1268 1207 1412 1245 abiecte
1448 1211 1488 1245 et
1515 1206 1597 1244 sine

272 1261 458 1310 dignitate
486 1261 568 1299 fieri
597 1261 697 1310 passi
726 1265 827 1299 sunt.
872 1260 956 1302 Quo
985 1263 1126 1300 factum
1155 1266 1224 1308 est,
1252 1266 1297 1300 ut
1315 1262 1478 1311 populus
1505 1262 1598 1300 adeo

271 1317 438 1355 iniustus
468 1319 507 1355 et
534 1317 642 1354 ferox
671 1317 892 1363 exsisteret,
917 1321 975 1363 ,ut
1002 1316 1087 1355 illos
1116 1317 1236 1367 ipsos,
1275 1317 1413 1368 quibus
1451 1316 1598 1367 patriae

272 1372 488 1410 libertatem
508 1376 699 1421 acceptam
717 1372 917 1418 referebat,
936 1372 1076 1410 iniuste
1094 1373 1307 1419 mulctaret,
1324 1373 1600 1418 condemnaret,

273 1427 437 1478 denique
475 1430 656 1465 tractaret
692 1427 962 1465 contumeliose
971 1426 1047 1475 W).
1104 1428 1238 1479 Neque
1273 1427 1388 1466 ctiam
1427 1427 1599 1473 Pericles,

275 1483 342 1533 qui
369 1495 437 1532 per
464 1482 717 1533 quadraginta
754 1483 833 1520 fere
871 1495 990 1520 annos
1026 1482 1254 1532 reipublicae
1290 1483 1473 1532 praefuit,
1514 1483 1602 1520 lieet

274 1537 486 1587 prudentia,
505 1537 732 1588 eloquentia,
760 1537 991 1576 abstinentia
1010 1541 1153 1576 eeteros
1170 1538 1280 1576 facilc
1298 1542 1493 1588 superaret
1501 1538 1602 1584 Μ),

275 1593 314 1631 id
343 1592 414 1631 sibi
450 1593 638 1641 agendum
674 1593 843 1642 putavit,
882 1597 927 1631 ut
963 1594 1164 1632 effrenatas
1201 1593 1341 1632 civium
1378 1593 1604 1643 cupiditates

277 1648 550 1698 temperantiae
588 1654 627 1686 et
663 1648 833 1686 iustitiae
870 1648 987 1686 frenis
1024 1649 1233 1696 cohiberet,
1273 1649 1339 1687 sed
1367 1648 1520 1687 licentia
1547 1649 1605 1687 in-

279 1703 514 1754 solentiaque
533 1703 689 1741 mirifice
709 1707 821 1741 aucta
840 1716 903 1741 eos
922 1703 1037 1742 etiam
1064 1704 1201 1754 pigros,
1229 1704 1397 1752 ignavos,
1422 1704 1604 1753 garrulos,

281 1772 414 1798 avaros
443 1758 606 1797 reddidit
616 1758 672 1806 †),
710 1759 766 1796 ita
794 1764 837 1797 ut
863 1758 995 1797 referri
1034 1760 1168 1797 merito
1196 1764 1324 1809 posset
1362 1760 1460 1798 inter
1487 1759 1605 1798 malos

280 1815 484 1861 ministros,
512 1814 662 1865 quibus,
691 1827 809 1865 quum
837 1814 1088 1864 inexplebiles
1125 1815 1253 1864 populi
1280 1815 1410 1853 fauces
1438 1815 1606 1853 exaruis-

281 1874 367 1908 sent
393 1869 581 1908 libertatis
610 1869 694 1921 siti,
734 1882 826 1907 usus
854 1869 918 1908 ille
956 1882 1032 1907 non
1060 1870 1204 1908 modice
1242 1874 1489 1919 temperatam
1502 1899 1511 1916 ‚
1540 1870 1607 1907 scd

284 1925 396 1962 nimis
432 1937 618 1962 meracam
656 1925 871 1963 libertatem
907 1925 1038 1963 sitiens
1076 1925 1205 1963 hausit
1213 1925 1282 1973 ††).
1358 1926 1609 1977 Posteaquam

283 1984 411 2019 autem
439 1980 554 2017 huius
582 1980 782 2029 imperium
810 1993 910 2018 mors
948 1980 1093 2027 finivit,
1131 1980 1243 2019 multi
1270 1981 1309 2018 in
1337 1993 1496 2019 vacuam
1523 1993 1608 2030 pos-

282 2033 488 2074 sessionem
516 2035 630 2073 unius
667 2035 895 2074 involarunt.
953 2036 1072 2074 Nemo
1110 2036 1212 2074 enim
1238 2036 1318 2074 fere
1346 2035 1469 2074 laudis
1505 2035 1608 2085 cupi-

283 2091 365 2129 dior
392 2090 608 2129 adolescens
642 2103 717 2128 non
746 2090 817 2128 sibi
847 2091 894 2128 ad
927 2091 1098 2140 publicos
1132 2091 1291 2129 honores
1328 2091 1609 2142 consequendos

284 2146 409 2185 studio
437 2146 539 2184 omni
567 2146 786 2184 enitendum
814 2146 976 2194 putavit.
1030 2145 1131 2187 Quid
1159 2147 1259 2197 quod
1287 2146 1458 2197 plerique
1487 2146 1610 2184 civilis

283 2201 441 2240 rationis
468 2214 620 2251 prorsus
649 2201 780 2249 ignari,
810 2201 874 2252 qui
903 2213 1028 2252 neque
1056 2201 1340 2239 exercitationis
1368 2201 1484 2239 ullam
1507 2201 1610 2240 viam

283 2257 442 2306 ingressi
479 2262 623 2302 essent,
661 2269 784 2307 neque
823 2256 975 2307 aliquod
1014 2262 1257 2306 praeceptum
1294 2257 1387 2295 artis
1425 2262 1609 2302 tenerent,

351 2410 384 2451 *)
409 2410 506 2443 Conf.
530 2408 634 2452 chg.
658 2406 732 2444 701.
759 2408 797 2440 13.
822 2407 860 2443 C.

339 2464 566 2542 bssg—Pbelghis
603 2462 761 2496 omnibus
799 2463 925 2506 passim
963 2463 999 2495 in
1029 2462 1158 2507 Gorgia
1187 2464 1312 2497 mentio
1341 2463 1510 2504 inficitur,
1545 2463 1615 2496 vid.

284 2519 316 2553 p.
519 2531 528 2541 .

348 2564 423 2605 m)
447 2563 489 2596 V.
513 2562 654 2596 Phaedr.
678 2573 710 2606 p.
732 2560 809 2596 269.
832 2562 985 2606 Sympos.
1009 2572 1040 2605 p.
1063 2560 1140 2595 215.
1165 2563 1203 2596 Ε.

353 2619 390 2660 †)
414 2618 518 2662 Gorg.
541 2628 574 2661 p.
598 2617 674 2652 515.
698 2618 737 2650 Ε.
762 2627 830 2659 seq.

351 2674 411 2716 ††)
436 2673 524 2706 Sunt
551 2674 656 2706 verba
686 2672 860 2705 Ciceronis
890 2672 931 2706 de
962 2671 1106 2716 Republ.
1139 2673 1177 2714 1,
1206 2670 1273 2715 43„
1301 2682 1463 2716 expressa
1484 2670 1548 2704 illa
1570 2681 1614 2704 οι

287 2717 373 2751 Plat.
396 2718 478 2761 Rep.
502 2717 595 2751 vm.
618 2728 650 2761 p.
673 2715 749 2751 562.
778 2716 818 2750 C.
