1722 2964
188 162 269 206 162
735 166 1038 202 PLAToms

184 286 386 338 θρωπος,
427 279 610 331 συνθεὶς
642 275 694 322 τοὶ
724 275 833 336 ἡδέα
864 279 938 323 καὶ
971 279 1156 331 συνθεὶς
1192 277 1245 324 τὰ
1275 279 1472 339 λυπηρά,
1512 284 1587 328 καὶ

183 343 233 391 τὸ
259 344 387 403 ἐγγὺς
422 346 495 390 καὶ
517 342 565 389 τὸ
589 343 739 403 πόρρω
764 342 924 402 στήσας
954 346 1004 390 ἐν
1023 348 1084 405 τῷ
1109 348 1246 406 ζυγῷ,
1279 346 1394 404 εἰπὲ,
1426 346 1587 407 πότερα

183 417 321 457 πλείω
347 414 477 456 ἐστίν.
516 410 592 456 ἐὰν
616 411 696 468 μὲν
718 409 801 468 γὰρ
824 409 933 469 ἡδέα
956 408 1063 470 πρὸς
1086 410 1196 469 ἡδέα
1220 415 1357 472 ίστῇς,
1380 412 1433 459 τὰ
1454 420 1586 472 μείζω

181 476 251 524 ἀεὶ
283 479 356 523 καὶ
387 482 524 523 πλείω
556 479 739 535 ληπτέα·
774 475 852 523 ε’ἀν
883 478 931 523 δὲ
962 477 1136 536 λυπηρὰ
1169 477 1275 536 πρὸς
1306 479 1501 538 λυπηρά,
1533 480 1586 527 τά

180 543 341 590 ἐλάττω
374 545 448 589 καὶ
479 542 752 603 σμικρότερα.
813 543 890 589 ἐὰν
921 545 970 590 δὲ
1001 545 1111 602 ἡδέα
1141 543 1248 602 πρὸς
1279 546 1475 604 λυπηρά,
1508 546 1586 593 ἐὰν

177 611 260 670 μὲν
282 610 335 656 τὰ
367 609 526 668 ἀνιαρὰ
557 609 882 668 ὖπερβάλληται
910 609 998 656 ὑπὸ
1028 614 1118 656 τῶν
1148 610 1316 670 ἡδέων,
1349 612 1427 658 ἐάν
1456 632 1502 659 τε
1532 613 1585 659 τὰ

179 676 309 736 ἐγγύς
332 676 419 723 ὑπὸ
442 680 532 723 τῶν
555 676 726 738 πόρρω,
760 676 838 723 ἐάν
859 695 905 723 τε
935 677 988 723 τὰ
1019 677 1169 737 πόρρω
1199 677 1284 724 ὑπὸ
1319 682 1409 725 τῶν
1440 679 1583 737 ἐγγύς,

178 744 343 803 ταύτην
371 743 453 801 τὴν
484 747 644 803 πρᾶξιν
674 746 912 803 πρακτέον,
947 746 995 790 ἐν
1015 738 1046 803 ᾗ
1070 741 1126 790 ἂν
1147 743 1271 790 ταῦτ’
1301 748 1397 804 ε’νῇ·
1435 745 1512 791 ἐὰν
1535 748 1584 792 δὲ

177 810 231 856 τὰ
253 810 363 869 ἡδέα
385 809 472 856 ὑπὸ
495 813 584 856 τῶν
607 809 817 869 ἀνιαρῶν,
841 809 892 856 οὗ
917 814 1121 869 πρακτέα.
1177 811 1236 869 μή
1260 830 1321 871 πῃ
1345 810 1455 872 ἄλλῃ
1481 818 1582 871 ἔχει,

177 882 317 936 φαίην
347 875 424 934 ἅν,
454 880 614 934 ταῦτα,
657 871 690 922 ὦ
721 875 972 939 ἅνθρωποις
1005 876 1114 935 οἶδ’,
1151 876 1216 923 ὅτι
1244 876 1325 924 οὐκ
1357 875 1413 924 ἂν
1444 884 1586 938 ἔχοιεν

176 942 319 998 ἄλλως
351 947 506 1002 λέγειν.
563 942 808 990 Συνεδόκει
838 946 912 988 καὶ
944 946 1110 1005 ἐκείνῳ.
1156 942 1254 990 Ὅτε
1278 944 1333 1003 δὴ
1355 949 1483 991 τοῦτο
1507 944 1585 991 01⁴3—

175 1030 259 1064 τως
292 1016 402 1069 ἔχει,
436 1010 538 1056 τόδε
570 1029 644 1068 μοι
675 1009 1000 1068 ἀποκρίνασθε,
1034 1010 1174 1068 φήσω.
1240 1017 1445 1068 φαίνεται
1475 1011 1584 1070 ὑμῖν

175 1081 229 1137 τῇ
256 1075 355 1132 ὄψει
377 1074 430 1122 τὰ
454 1074 564 1122 αὐτοὶ
587 1078 755 1135 μεγέθη
780 1075 971 1134 ἐγγύθεν
993 1076 1075 1135 μὲν
1097 1082 1250 1134 μείζω,
1275 1077 1510 1137 πόρρωθεν
1535 1080 1582 1124 δὲ

175 1142 359 1190 ἐλάττω·
401 1139 429 1202 ἢ
459 1142 534 1199 οὕ;
586 1143 797 1201 Φήσουσι.
864 1144 953 1189 Καὶ
983 1142 1037 1188 τὰ
1075 1145 1213 1202 παχέα
1245 1146 1319 1189 καὶ
1352 1143 1405 1190 τὰ
1444 1144 1584 1190 πολλὰ

177 1208 407 1267 ὦσαύτωςς
431 1211 504 1255 καὶ
529 1214 580 1255 αἱ
598 1212 745 1268 φωναὶ
769 1213 816 1255 αἱ
840 1216 930 1255 ἴσαι
955 1209 1146 1268 ἐγγύθεν
1162 1210 1242 1267 μὲν
1265 1216 1450 1269 μείζους,
1475 1210 1584 1269 πόρ-

178 1286 328 1335 ρωθεν
352 1278 400 1323 δὲ
424 1275 723 1335 σμικρότεραι;
758 1284 898 1323 Φαῖεν
920 1274 988 1322 ἅν.
1045 1281 1104 1322 Εἰ
1125 1271 1207 1323 οὖν
1239 1280 1287 1323 ἐν
1309 1277 1448 1339 τούτῳ
1478 1276 1586 1336 ἡμῖν

178 1337 235 1404 ἦν
256 1342 304 1390 τὸ
329 1338 380 1390 εὖ
403 1343 632 1403 πράττειν,
667 1346 716 1389 έν
737 1346 798 1405 τῷ
827 1342 879 1389 τὰ
902 1343 984 1402 μὲν
1012 1342 1178 1401 μεγάλα
1201 1343 1317 1402 μήκη
1349 1346 1422 1389 καὶ
1451 1343 1583 1403 πράτ-

261 1496 304 1530 Β.
338 1492 457 1538 εἰπὲ,
489 1491 661 1538 πότερα
692 1492 784 1538 uk]
818 1495 1016 1538 Vulgatum
1048 1492 1130 1529 εἷπε
1164 1497 1371 1530 emendavit
1403 1496 1583 1530 Schleier·

170 1540 380 1582 macheras,
406 1541 508 1573 euius
525 1541 705 1573 rationem
722 1538 913 1572 confirmat
930 1540 1008 1573 cod.
1028 1539 1157 1581 Coisl.,
1181 1542 1219 1573 in
1237 1552 1305 1583 quo
1330 1552 1373 1574 ex
1392 1552 1484 1574 corr.
1502 1538 1582 1575 εἰπὲ

171 1586 357 1628 seriptum.
388 1585 474 1617 Mox
488 1587 579 1617 vett.
598 1584 699 1618 editt.
717 1582 822 1626 ἵστης
838 1595 901 1626 pro
919 1580 1035 1627 ἱστῇς.

261 1627 302 1661 C.
334 1623 393 1672 μή
408 1639 436 1662 π
488 1622 601 1672 ἄλλῃ
622 1625 737 1679 ἔχει,
763 1626 916 1680 §pain-vl
931 1622 1005 1671 ἄν,
1023 1626 1073 1671 τ.]
1098 1629 1263 1661 Accessit
1278 1623 1327 1662 ἄν
1345 1640 1364 1662 e
1378 1629 1480 1664 Bodl.
1498 1630 1581 1664 Vnt.

171 1672 282 1708 vind.
299 1673 413 1706 Coisl.

484 1683 531 1706 ox
546 1683 610 1715 pro
636 1672 711 1706 Οτε
729 1671 777 1714 δη
794 1672 892 1705 Flor.
910 1683 942 1705 o.
960 1676 997 1705 et
1011 1674 1096 1706 Vat.
1116 1683 1146 1705 e.
1164 1673 1302 1706 habent
1318 1666 1377 1706 ὅτι
1394 1668 1456 1715 δὴ.

261 1729 286 1750 α
297 1713 314 1750 ἷ
327 1715 479 1759 φωναὶ
496 1713 546 1750 αἲ
561 1714 682 1760 ἴσαι]
701 1716 864 1750 Alterum
880 1714 924 1750 αῖ
938 1717 982 1750 de
999 1717 1187 1750 Heindorfi
1203 1718 1391 1751 sententia
1408 1717 1582 1751 additum.

170 1763 278 1797 Libri
293 1762 357 1795 illo
375 1764 515 1795 carent.

170 1873 334 1906 cunda
365 1875 469 1905 sunt
505 1873 838 1914 compositis,

170 1919 367 1959 itemque
399 1917 517 1957 illis,
559 1926 672 1958 quae
703 1916 841 1949 mole-

169 1965 366 2004 sta,tum
383 1961 631 2004 propinquo
648 1964 736 1993 tum
753 1961 840 1993 lon-

170 2007 336 2049 ginquo
367 2016 443 2048 per
474 2005 634 2038 libram
672 2006 839 2038 exami-

169 2050 444 2091 nato‚nobis
461 2049 842 2092 dieas,utraplu-

169 2105 218 2128 ra
234 2096 335 2127 sint.

215 2133 294 2173 ἐὰν
311 2133 493 2181 δὲἡδὲα
511 2133 624 2180 πρὸς
640 2134 838 2181 λυπηρά,

169 2178 251 2217 ἐὰν
273 2179 354 2227 μὲν
376 2193 411 2216 κ.
430 2194 462 2215 τ.
482 2179 530 2225 L]
566 2182 602 2214 si
632 2191 740 2215 vero
773 2184 841 2214 iu-

170 2229 315 2261 cunda
337 2237 434 2260 eum
449 2226 675 2267 molestis,
702 2235 841 2267 quan—

170 2271 221 2305 do
267 2270 516 2304 iniucunda.
562 2281 585 2303 a
630 2270 841 2303 iucundis

173 2319 460 2359 superantur,
480 2317 576 2349 sive
593 2315 842 2358 propinqua

176 2371 198 2393 a
237 2361 437 2399 remotis,
476 2360 571 2393 sive
610 2363 780 2392 remota
820 2370 842 2391 a

177 2405 457 2448 propinquis,
491 2404 571 2437 hoc
602 2404 743 2446 ipsum
773 2404 841 2436 fa.-

179 2449 382 2482 ciendum
399 2449 545 2487 est‚in
561 2458 642 2490 quo
659 2447 701 2480 id
717 2448 841 2490 insit,

169 2493 282 2527 videl.
299 2493 382 2536 plus
397 2493 649 2525 iucunditatis.
676 2492 795 2526 Staub.

214 2538 255 2571 C.
277 2531 379 2572 ’Ὅτε
403 2532 457 2579 δὴ
484 2536 624 2570 τοῦτο
646 2554 689 2560 —
734 2535 839 2576 Quo-

169 2585 277 2615 niam
307 2582 451 2625 igitur
482 2581 560 2614 hoc
596 2581 664 2614 ita
727 2581 839 2615 abet.

168 2627 263 2660 Nam
280 2619 363 2669 ὅτε,
389 2629 432 2659 ut
444 2625 531 2659 Lat.
549 2625 738 2667 quando,
757 2635 843 2658 cau-

169 2682 250 2704 sam
270 2670 428 2711 indicat,
459 2673 501 2703 ut
523 2670 632 2712 Soph.
657 2681 690 2712 p.
709 2671 775 2703 254
797 2670 840 2702 Β.

169 2726 204 2749 ν.
231 2715 278 2748 ad
297 2714 485 2749 Phaedon.
506 2724 543 2757 1).
559 2715 603 2747 84
618 2714 660 2749 E.
699 2712 842 2747 Deinde

171 2757 343 2803 μεγέθη,
397 2769 544 2802 prorsus
596 2763 636 2790 ut
681 2762 842 2792 nostrum

171 2804 203 2837 G
211 2815 228 2836 r
236 2815 256 2837 o
266 2814 284 2837 e
294 2814 311 2837 s
320 2815 336 2837 s
347 2815 365 2837 e
374 2813 398 2836 n
407 2828 415 2843 ,
439 2803 660 2845 intelligitur
675 2802 719 2836 de
735 2803 843 2835 rebus

174 2849 335 2891 aliquem
348 2847 608 2892 magnitudinis
620 2847 762 2882 modum
778 2846 842 2880 hs—

910 1872 1094 1906 bentibus.
1123 1872 1266 1905 Phileb.
1284 1883 1320 1915 p.
1335 1873 1378 1904 41
1395 1873 1439 1904 E:
1458 1866 1498 1905 ἕν
1513 1869 1583 1915 μὲν

909 1910 1000 1957 ὄψει
1022 1911 1075 1967 τὸὶ
1094 1912 1293 1959 πόρρωθεν
1321 1914 1387 1949 καὶ
1417 1911 1582 1959 ἐγγύθεν

909 1956 1003 2003 ὁρᾶν
1034 1972 1081 1994 τα
1112 1958 1258 2004 μεγέθη
1291 1956 1362 2003 τὴν
1387 1955 1583 2004 ἀλήθειαν

909 2000 1102 2047 ἀφανίζει.
1135 2005 1253 2038 Staub.

918 2085 934 2100 Ὗ
954 2050 1000 2082 D.
1032 2046 1090 2083 Ec
1115 2041 1197 2083 οὖν
1225 2044 1273 2083 ἐν
1300 2044 1443 2094 τούτῳ
1470 2044 1582 2093 ἡμῖν

909 2106 964 2136 ην
990 2091 1048 2137 -]
1083 2094 1254 2135 Quodsi
1285 2094 1425 2137 igitur
1455 2094 1499 2126 in
1531 2104 1581 2126 eo

908 2139 1058 2180 posita
1081 2139 1210 2171 nobis
1235 2142 1358 2171 esset
1374 2140 1497 2171 vitae
1514 2138 1583 2171 fe-

909 2182 1089 2223 lici-tas,
1128 2186 1176 2214 ut
1196 2192 1379 2226 magnas
1409 2192 1582 2215 mensu-

909 2236 983 2259 ras
1019 2227 1274 2259 faceremus
1314 2230 1351 2259 et
1384 2226 1582 2269 eligere-

909 2281 1018 2311 mus,
1041 2281 1206 2313 parvas
1231 2273 1381 2303 autem
1398 2271 1580 2313 fugere-

909 2324 1000 2347 mus
1022 2318 1092 2348 ete.
1132 2315 1217 2348 Mox
1233 2316 1398 2358 p.35613:
1423 2312 1459 2348 εἰ
1478 2309 1519 2348 ἒν
1535 2313 1580 2367 ζῇ

910 2358 978 2392 τοῦ
995 2359 1173 2402 περιττοῦ
1199 2377 1241 2383 -
1263 2355 1406 2402 αἱρέσει
1422 2354 1515 2402 ἡμῖν
1530 2369 1580 2401 ην

922 2398 930 2411 ‘
957 2403 1119 2446 σωτηρία
1142 2403 1209 2437 τοῦ
1232 2403 1329 2456 ρίου.
1378 2404 1419 2436 Ρ.
1442 2404 1508 2436 367
1529 2403 1579 2434 A:

909 2415 1041 2491 Ztetffv}
1075 2465 1118 2471 —
1157 2443 1198 2482 ἐν
1229 2447 1329 2491 ορθῇ
1362 2447 1406 2491 τῇ
1437 2443 1579 2489 αἱρέσει

908 2487 1033 2546 ἐφάνη
1057 2487 1150 2535 ἡμῖν
1171 2488 1195 2536 ἡ
1220 2492 1383 2535 σωτηρία
1405 2489 1471 2525 τοῦ
1493 2489 1580 2533 βίου

909 2546 1017 2570 ουσα.
1032 2547 1067 2570 v.
1081 2537 1243 2580 p.3loD.
1265 2535 1579 2579 Praepositionem

908 2582 947 2613 in
963 2581 1034 2613 hae
1051 2581 1280 2624 appositione
1304 2581 1474 2614 iteratam
1496 2590 1579 2612 mox

909 2625 1064 2668 legimus
1079 2636 1114 2677 g.
1132 2626 1197 2659 358
1212 2626 1259 2658 B:
1293 2621 1338 2659 αἴ
1357 2619 1420 2658 ἐπὶ
1442 2619 1579 2657 τούτου

909 2665 1066 2712 πράξεις
1082 2679 1246 2712 απασαι,
1264 2663 1327 2703 ἐπὶ
1343 2667 1409 2702 τοῦ
1427 2663 1577 2706 ἀλύπως

911 2714 989 2757 ζῆν.
1007 2724 1043 2747 v.
1057 2714 1201 2758 Kriiger
1218 2714 1279 2748 Gr.
1294 2714 1349 2747 5⁵1.
1368 2715 1420 2754 10,
1434 2716 1466 2746 4.
1498 2712 1578 2745 Vox

910 2753 1029 2802 μήκη,
1058 2769 1152 2801 quse
1176 2760 1255 2792 sine
1275 2757 1350 2791 ullo
1372 2757 1578 2790 sententiae

910 2803 1125 2837 detrimento
1147 2803 1265 2836 omitti
1280 2803 1418 2845 potuit,
1452 2800 1577 2833 addita

911 2850 968 2880 est
984 2852 1024 2880 ut
1046 2847 1152 2882 initio
1169 2846 1275 2880 huius
1292 2846 1497 2890 argumenti
1513 2854 1579 2888 με·
