1696 2976
440 89 856 128 PROTAGORAS.
889 90 931 129 P.
958 93 1026 127 310
1054 91 1128 126 ST.
1440 83 1523 140 35,

80 208 246 267 δεῦρο’
225 206 512 267 επορευόμην.
540 206 661 254 Καὶ
639 225 724 264 εγω
734 221 996 264 γιγνωσκων
1019 202 1156 252 αὐτοῦ
1179 202 1260 262 τὴν
1283 201 1498 264 ἀνδρείαν

78 277 153 322 καὶ
168 274 251 334 τὴν
274 281 500 334 πτοίησιν,
532 279 589 322 Τί
607 275 688 321 οὖν
715 289 806 333 σοι,
837 267 895 333 ἦν
910 272 952 320 δ’
983 272 1083 333 ἐγώ,
1099 275 1252 330 τοῦτο;
1277 274 1374 332 μῶν
1389 276 1437 318 τί
1448 285 1498 318 σε

79 342 556 405 ἀδικεῐΠρωταγόρας;
580 339 708 390 Καὶ
694 342 741 396 ὀς
766 341 969 401 γελάσας,
995 341 1070 402 Νὴ
1093 340 1195 396 τούς
1219 339 1370 399 θεούς,
1395 345 1497 399 ἔφη,

80 432 114 458 ω
140 411 398 472 Σώκρατες,
432 411 498 458 ὅτι
530 431 582 471 γε
607 409 739 470 μόνος
775 413 866 457 ἐστὶ
898 409 1057 470 σοφός,
1093 411 1168 469 ἐμὲ
1201 410 1251 456 δὲ
1281 408 1335 456 οὐ
1366 420 1495 455 ποιεῖ.

74 479 206 527 Ἀλλα
237 483 312 527 ναὶ
350 479 411 540 μὰ
435 485 548 539 Δία,
583 485 697 539 ἔφην
736 478 846 538 ἐγώ,
878 476 936 525 ἂν
967 477 1086 525 αὐτω
1119 480 1254 541 διδῷς
1285 476 1500 538 ἀργύριον

79 550 154 595 καὶ
180 554 343 609 πείθῃς
368 552 563 607 ἐκεῖνον,
595 547 770 607 ποιήσει
794 549 868 593 καὶ
901 548 950 593 σε
976 546 1145 631 60oe6yv.
1180 552 1239 594 Εἰ
1268 545 1375 606 γάρ,
1401 540 1428 604 ἦ
1453 544 1494 592 δ’

78 616 149 675 ὅς,
183 637 217 663 ω
243 620 331 664 Ζεῦ
355 619 429 663 καὶ
460 622 582 675 θεοί,
616 619 665 663 ἐν
687 615 828 678 τούτῳ
854 623 942 675 εἴη·
969 615 1028 669 ὦς
1053 613 1145 662 οὔτ’
1181 612 1238 662 ἂν
1260 617 1351 661 τῶν
1383 617 1501 674 ἐμῶν

81 688 325 745 ἐπιλίποιμι
357 685 491 732 οὐδὲν
522 683 624 732 οὔτε
653 687 744 731 τῶν
774 690 931 743 φίλων.
977 683 1075 730 ἀλλ’
1114 682 1224 730 αὐτοὶ
1257 685 1394 730 ταῦτα
1426 685 1501 729 καὶ

79 757 165 800 νῦν
188 753 281 812 ἥκω
306 752 425 815 παρὰ
443 756 508 812 σε’,
533 758 608 800 ἵνα
625 751 738 814 ὓπερ
758 756 864 812 ἐμοῦ
885 755 1124 813 διαλεχθῇς
1144 750 1276 815 αὐτῷ.
1314 751 1399 810 ἐγώ
1416 751 1500 811 γὰρ

79 820 168 882 ἅμα
192 823 274 882 μὲν
298 825 372 868 καὶ
394 821 608 882 νεώτερός
628 827 731 881 εἰμι,
758 820 847 881 ἅμα
867 822 917 867 δε
941 819 1045 868 οὐδὲ
1072 819 1246 880 ἑώρακα
1260 819 1503 881 Πρωταγό-

80 909 166 950 ραν
195 890 372 938 πώποτε
410 889 509 937 οὐδ’
548 888 715 949 ακήκοα
749 889 902 936 οὐδέν·
937 895 999 962 ἔτι
1030 889 1113 949 γὰρ
1147 901 1250 944 παῖς
1274 890 1327 948 ὴ,
1357 887 1430 935 ὅτε
1453 887 1502 934 τὸ

168 1025 213 1056 D.
240 1018 384 1057 αὐτοῦ
404 1018 454 1067 τὴ
466 1036 487 1058 ν
504 1019 752 1067 ανδρείαν]
766 1024 1039 1056 Hancformam
1050 1023 1502 1056 etiaminhoclibrotuen—

78 1073 138 1102 tur
162 1069 265 1102 codd.
291 1070 462 1102 meliores
486 1080 610 1102 omnes
636 1070 730 1102 satis
754 1071 979 1102 constanter.
1029 1069 1133 1109 Quae
1154 1079 1218 1100 cur
1233 1069 1342 1101 alteri
1359 1068 1418 1101 illi
1435 1063 1502 1101 οἷν-

80 1114 195 1157 δρίαν
210 1115 455 1158 praeferenda
480 1116 542 1156 sit,
568 1114 615 1147 ad
631 1116 746 1158 Legg.
764 1115 832 1147 lib.
848 1115 878 1147 Ι.
896 1125 931 1157 p.
951 1115 1017 1147 629
1033 1114 1074 1146 Β
1094 1115 1264 1156 exposuit
1282 1114 1501 1147 Stallbaum.

81 1160 225 1194 Deinde
242 1171 335 1193 unus
357 1160 469 1193 Coisl.
487 1155 663 1213 πτόησιν,
683 1160 777 1203 quod
800 1161 942 1203 recepit
957 1160 1163 1192 Bekkerus.

170 1207 212 1239 E.
241 1202 307 1239 ἔτι
324 1217 407 1249 γαρ
425 1208 532 1244 παῖς
550 1197 596 1249 ἦ]
613 1207 700 1239 Bas.
710 1207 742 1239 2.
761 1206 861 1241 Flor.
876 1206 913 1239 b
921 1206 1041 1239 Paris.
1059 1205 1100 1238 Ε.
1117 1206 1203 1239 Vat.
1211 1214 1239 1242 t.
1252 1204 1366 1238 etduo
1385 1205 1505 1238 aliiex

80 1322 164 1362 post
187 1319 426 1362 participium
448 1319 510 1351 hic
533 1322 569 1352 et
593 1330 626 1361 p.
644 1320 710 1352 314
728 1318 755 1351 O

81 1365 188 1398 illato
206 1375 241 1398 v.
259 1363 306 1396 ad
322 1364 510 1399 Phaedon.
531 1375 567 1407 p.
587 1366 628 1405 61
648 1364 688 1399 C.
707 1365 756 1399 al.

81 1409 224 1443 Deinde
254 1404 441 1452 ἀνδρείαν
457 1413 571 1443 vocat
598 1410 756 1443 hominis

82 1455 386 1498 pertinaciam
398 1481 406 1496 ,
439 1455 617 1498 πτοίησιν
634 1458 756 1488 autem

81 1500 259 1543 intelligit
281 1500 534 1533 sollicitum
564 1501 756 1533 anxium-

83 1556 165 1588 que
198 1546 294 1578 eius
319 1546 512 1579 studium
537 1557 586 1579 ac
613 1548 757 1589 trepi-

82 1591 325 1626 dationem.
350 1590 470 1625 Stallb.

127 1636 175 1670 τί
194 1627 276 1670 οὖν
298 1645 369 1670 σοι
385 1655 431 1660 -
447 1635 606 1681 τοῦτο]
632 1637 758 1669 Intell.

35 1696 37 1698 ¹
83 1678 277 1734 διαφέρει.
295 1693 329 1716 v.
341 1682 429 1726 adp.
439 1683 554 1716 309A.
564 1682 758 1715 —Deinde

82 1721 216 1760 ἀδικεῖ
236 1727 375 1760 dictum
397 1738 465 1760 usu
487 1728 674 1783 frequenti
695 1738 760 1771 pro

82 1766 201 1815 ἧδίκη
204 1782 289 1815 κεν,
313 1773 348 1805 h
373 1784 404 1807 e.
423 1767 558 1812 ἄδικός
587 1768 702 1806 ἔστιν.
725 1783 761 1807 v.

83 1817 318 1850 Heindorf.
330 1818 417 1851 adh.
427 1818 451 1851 1.
462 1818 546 1851 coll.
565 1818 762 1861 Xenoph.

83 1863 762 1906 Anab.,‚.‚‚.„.1511V633V1427

85 1908 204 1961 Βίαζίὂ.

130 1946 186 1987 ὂὶν
202 1948 322 1999 αυτῷ
341 1952 484 2000 διδῷς
499 1973 540 1977 -
550 1949 761 2009 ἐκεῖνον]

86 1993 208 2037 Αὐτός
236 1988 376 2041 pariter
401 2002 512 2041 atque
542 1994 688 2038 ἐκεῖνος
719 1999 766 2032 ad

85 2045 340 2087 Protagoram,
370 2045 602 2078 referendum
623 2055 762 2100 quam-

87 2100 196 2132 quam
218 2091 345 2123 nescio
363 2100 410 2123 an
439 2090 585 2123 librarii
616 2085 765 2124 ἐκεῖνον

87 2135 320 2175 inseruerint,
353 2146 386 2169 v
405 2146 440 2178 p.
464 2138 530 2170 313
554 2137 583 2168 B
601 2135 649 2169 ad
667 2135 763 2169 διεί-

89 2179 195 2222 λεξαι
214 2190 299 2215 ann

132 2223 212 2259 καὶ
249 2225 422 2278 πείθῃς
455 2221 661 2270 ἐκεῖνον]
697 2227 764 2259 int.

87 2266 208 2305 τούτω
227 2270 292 2312 (τῶ
317 2265 515 2315 ἀργυρίῳ).
537 2272 738 2305 Socrates'
728 2282 766 2303 ιιι

87 2304 341 2360 magnitudine
372 2318 552 2360 pecuniae
590 2317 638 2356 id,
672 2316 767 2359 quod

87 2363 337 2406 Hippocrates
355 2362 490 2404 cupiat,
508 2364 668 2402 positum
687 2373 766 2395 esse

90 2408 200 2460 dioit;
224 2418 258 2440 v.
282 2418 316 2450 p.
336 2409 400 2439 311
422 2407 476 2440 D.
499 2419 549 2441 αν
571 2402 767 2463 ἐξικνῆται

90 2447 136 2486 τὰ
153 2448 317 2497 ἡμέτερα
340 2447 515 2505 χρῄματα
538 2450 605 2485 καὶ
621 2448 769 2492 τούτοις

89 2498 282 2541 πείθομεν
305 2508 437 2531 αυτον.
466 2499 523 2530 De
539 2498 627 2541 Rep.
644 2499 713 2531 111.
731 2510 770 2551 μ’

90 2545 157 2577 390
173 2544 222 2575 E:
248 2542 352 2586 δῶρα
369 2537 489 2582 θεους
504 2543 657 2587 πείθει,
682 2538 770 2587 δῶρ’

92 2585 265 2628 αἰδοίους
282 2587 481 2644 βασιλῆας.

138 2631 195 2667 Εἰ
224 2629 308 2678 γὰρ
339 2653 385 2658 -
415 2628 461 2667 ἐν
494 2627 637 2677 τούτῳ
675 2632 762 2678 εἴη]

92 2679 264 2712 utinam
286 2689 357 2712 res
381 2680 424 2712 in
447 2680 530 2712 hoc
546 2682 766 2722 vertatur,

94 2725 140 2757 in
155 2723 238 2757 hoc
253 2725 408 2766 posita
425 2725 498 2759 sit.

139 2759 168 2802 ὦ
187 2768 273 2803 Ζεῦ
295 2768 374 2803 καὶ
398 2768 528 2814 θεοί]
549 2769 688 2803 Eadem
705 2770 769 2803 ob·

93 2815 256 2849 testandi
266 2815 424 2849 formula
436 2816 551 2849 utitur
556 2815 770 2859 Aristopha-

825 1329 891 1351 nes
922 1319 1020 1353 Plut.
1049 1328 1082 1351 v.
1108 1319 1140 1357 1,
1171 1319 1235 1351 ubi
1264 1319 1507 1352 scholiastes.

826 1359 894 1397 τὸν
918 1364 994 1397 Δία
1027 1361 1220 1416 παρέλαβε
1252 1358 1335 1397 κατ’
1368 1359 1507 1407 ἐξοχὴν

826 1409 901 1443 τῶν
918 1402 1042 1442 αλλων
1044 1408 1186 1464 θεῶν,
1196 1404 1244 1447 ὠς
1262 1405 1303 1443 τὸ
1306 1410 1444 1452 (Hom
1463 1410 1506 1442 11.

829 1453 952 1496 13,1.)
982 1449 1078 1492 Ζεὺς
1102 1448 1138 1486 δ’
1169 1449 1251 1487 ἐπεὶ
1275 1452 1345 1488 οὐν
1373 1450 1507 1498 Τρῶάς

827 1511 867 1533 τε
895 1497 963 1534 καὶ
977 1493 1142 1542 Έκτορα
1174 1498 1287 1543 νηυσὶ
1308 1497 1508 1534 πέλασσεν.

826 1547 875 1579 Et
912 1545 1151 1578 inveniuntur
1188 1546 1297 1579 huius
1335 1545 1513 1588 loqdendi

827 1590 926 1624 modi
944 1591 1115 1633 exempla
1139 1591 1236 1633 apud
1253 1602 1378 1625 omnes
1396 1591 1511 1624 Grae-

829 1647 953 1670 corum
985 1637 1184 1679 scriptores
1215 1637 1348 1678 multa,
1383 1646 1512 1679 quam-

829 1693 937 1725 quam
968 1692 1042 1715 non
1073 1681 1222 1722 desunt,
1256 1692 1353 1724 quae
1385 1685 1511 1715 nostro

829 1727 1207 1781 modorespondeant,
1218 1728 1335 1760 veluti
1345 1727 1466 1769 Symp.
1475 1738 1511 1770 p.

832 1775 897 1806 190
915 1772 961 1805 C:
995 1769 1014 1805 ὃ
1037 1766 1133 1811 Ζευς
1148 1770 1215 1805 καὶ
1234 1768 1274 1806 οἷ
1294 1767 1404 1806 αλλοι
1417 1770 1512 1806 θεοὶ

831 1812 1091 1874 ἐβουλεύοντο.
1124 1818 1313 1851 Demosth.
1321 1819 1383 1850 Or.
1387 1820 1443 1860 37,
1452 1819 1516 1851 61:

832 1859 878 1906 νὴ
898 1858 966 1897 τὸν
989 1862 1065 1896 Δία
1097 1861 1164 1896 καὶ
1180 1858 1300 1902 θεοὺς
1323 1874 1512 1902 απαντας.

877 1910 920 1942 Ε.
946 1903 1044 1941 οὔτ
1063 1920 1117 1942 αν
1133 1907 1224 1942 τῶν
1241 1903 1437 1953 ἐμῶν-]
1458 1909 1514 1941 ni—

832 1955 886 1987 hil
899 1964 1019 1996 neque
1034 1964 1197 1987 meorum
1210 1955 1386 1988 bonorum
1393 1965 1514 1996 neque

833 2001 1030 2041 bonorum,
1055 2009 1163 2042 quae
1173 2001 1286 2032 amici
1307 2000 1511 2043 possident,

834 2045 967 2087 reliqui
983 2045 1134 2078 faciam.
1164 2039 1281 2079 οὕδεν
1297 2044 1373 2079 τῶν
1389 2045 1513 2088 φίλων

831 2091 893 2123 hic
910 2090 1049 2123 dictum
1066 2093 1124 2123 est
1135 2101 1200 2133 pro
1214 2085 1331 2124 οὕδεν
1348 2090 1422 2124 τῶν
1438 2090 1514 2124 τῶν

833 2136 968 2190 φι’,λων
1002 2146 1037 2169 v.
1073 2147 1108 2179 p.
1139 2138 1204 2169 313
1233 2137 1263 2168 B
1297 2133 1446 2192 ε’τοιμος
1480 2131 1518 2169 εἷ

832 2177 1055 2215 αναλίσκειν
1077 2192 1124 2214 τα
1147 2192 1187 2214 τε
1211 2182 1355 2215 σαυτοῦ
1376 2179 1443 2214 καὶ
1465 2191 1513 2214 τα

834 2227 908 2261 τῶν
940 2226 1065 2269 φίλων
1097 2221 1282 2270 χρήματα.
1323 2227 1513 2268 Nusquam

834 2276 966 2309 autem,
985 2271 1081 2314 quod
1095 2273 1221 2310 sciam,
1238 2272 1347 2305 Plato
1361 2271 1514 2305 eandem

835 2318 985 2351 articuli
1006 2318 1163 2350 formam
1185 2318 1243 2350 bis
1260 2317 1435 2360 deinceps
1450 2328 1514 2360 po-

835 2365 903 2396 nit.
922 2363 971 2397 cf
997 2374 1030 2405 p.
1056 2363 1121 2395 319
1140 2361 1167 2394 C
1185 2360 1272 2414 περὶ
1291 2362 1358 2406 τῆς
1373 2363 1431 2402 (=
1447 2362 1515 2406 τῆς

834 2408 916 2452 τῆς)
943 2404 1087 2446 πόλεως
1111 2403 1348 2462 διοικήσεως.
1370 2409 1458 2450 Lys.
1481 2419 1515 2463 p.

835 2456 901 2487 205
918 2454 970 2485 D:
995 2463 1060 2496 γεγ
1040 2447 1159 2495 γονώς
1198 2447 1238 2486 ἐκ
1263 2448 1356 2492 Διός
1381 2464 1421 2486 τε
1440 2450 1516 2505 ⁹noc).

835 2499 903 2553 τῆς
920 2497 988 2531 τοῦ
1014 2497 1072 2539 (z
1095 2497 1162 2531 τοῦ
1180 2497 1263 2539 τοῦ)
1278 2494 1404 2542 δήμου
1427 2509 1517 2540 αρχ-

834 2541 973 2595 ηγέτου
989 2538 1196 2594 θυγατρός.
1214 2543 1328 2586 Kriig.
1338 2545 1396 2576 50.
1410 2545 1444 2584 8,
1462 2545 1515 2575 11.

884 2583 1002 2622 αὐτα
1025 2586 1193 2632 ταῦτα]
1220 2589 1344 2621 hanc·
1332 2598 1452 2631 ipsam
1470 2588 1515 2620 ob

840 2644 1007 2674 causam3
1049 2634 1182 2667 similis
1214 2637 1270 2666 est
1308 2633 1516 2667 accusativi

836 2689 924 2712 usus
939 2680 1191 2722 pronominum
1215 2679 1263 2722 τί,
1289 2690 1362 2722 οτι,
1387 2678 1515 2712 τοῦτο.

836 2725 949 2765 Kxiig,
966 2726 1022 2757 46.
1039 2727 1073 2778 3,
1090 2726 1124 2760 4.

877 2764 983 2823 ,οὐδ’
1023 2764 1203 2813 ακήκοα
1243 2763 1407 2813 συδέν]
1450 2770 1516 2802 int.

838 2810 977 2849 αὐτοῦ.

1188 2870 1245 2912 3*
