1716 2886
423 193 668 235 GORGIAS.
698 193 743 232 P.
774 195 868 231 495.
899 195 993 231 496.
1023 193 1083 231 ed.
1114 192 1171 231 St.
1403 194 1482 230 245

135 307 228 348 τότε
264 303 336 347 καὶ
372 310 448 359 τῆς
484 303 645 358 ὑγιείας
680 302 984 344 ἀπαλλάττεται
1019 304 1106 343 τῶν
1143 301 1386 355 ὀφθαλμῶν
1413 300 1485 341 καὶ

135 374 341 413 τελευτῶν
380 370 469 425 ἅμα
506 368 762 423 ἀμφοτέρων
799 368 1085 422 ἀπήλλακται;
1134 369 1270 410 ΚΑΛ.
1302 363 1484 408 ’Ήκιστά

92 479 95 481 .
135 452 194 491 γε.
251 437 352 478 Σῼ.
396 436 646 491 Θαυμάσιον
672 435 777 488 γάρ,
817 429 954 487 οἶμαι,
994 433 1064 474 καὶ
1093 435 1254 486 ἄλογον
1280 433 1482 486 γίγνεται..

136 499 162 557 ἧ
190 502 294 556 γάρ;
339 503 477 543 ΚΑΛ.
515 500 699 555 Σφόδρα
726 513 786 553 γε.
842 501 940 540 ΣΩ.
973 495 1086 540 Ἀλλ’
1116 498 1163 539 ἐν
1191 498 1320 553 μέρει,
1349 495 1481 552 οἶμαι,
1511 501 1550 543 Β

136 567 336 622 ἑκάτερον
362 567 435 610 καὶ
461 567 666 621 λαμβάνει
692 564 764 607 καὶ
791 565 1015 614 ἀπολλύει;
1046 566 1180 606 ΚΑΛ.
1214 565 1340 619 Φημί.
1384 566 1483 606 Σῼ.

140 635 314 676 Οὐκοῦν
339 632 412 675 καὶ
439 631 560 687 ἰσχὺν
587 631 660 673 καὶ
686 629 917 673 ἀσθένειαν
946 631 1168 680 ῶςαύτωςς
1213 631 1350 672 ΚΑΛ.
1380 630 1483 672 Ναί.

135 701 233 741 ΣΩ.
265 697 354 740 Καὶ
379 699 505 753 τάχος
530 696 602 740 καὶ
629 697 899 752 βραδυτῆτας
944 698 1081 738 ΚΑΛ.
1115 697 1244 738 Πάνυ
1271 710 1329 750 γε.
1387 698 1485 738 Σῼ.

127 758 189 806 ³H
200 764 271 807 καὶ
291 764 463 818 τάγαθὰ
483 762 554 806 καὶ
572 763 652 818 τὴν
673 763 950 817 εὐδαιμονίαν
975 762 1044 804 καὶ
1074 762 1278 804 τάναντία
1305 762 1485 811 τούτων,

134 832 246 874 κακά
283 845 326 872 τε
353 829 425 872 καὶ
451 829 709 882 ἀθλιότητα,
748 827 796 870 έν
822 826 937 882 μέρει
963 829 1171 883 λαμβάνει
1198 827 1269 870 καὶ
1298 827 1345 869 ἐν
1372 825 1487 882 μέρει

134 897 440 938 ἀπαλλάττεται
477 893 701 948 ἑκατέρους
768 896 903 935 ΚΑΛ.
956 894 1139 942 Πάντως
1177 893 1329 948 δήπου.
1387 895 1484 935 ΣιΩ..

129 960 241 1004 Ἐὰν
277 962 466 1016 εὕρωμεν
502 963 587 1015 ἄρα
623 963 750 1012 ἄττα,
791 952 854 1002 ῶν
893 959 982 1013 ἅμα
1007 974 1051 1000 τε
1078 960 1386 1002 ἀπαλλάττεται
1413 960 1486 1001 ἄν·
1518 955 1553 1000 C

134 1032 311 1082 θρωπος
330 1027 402 1070 καὶ
429 1027 516 1081 ἅμα
543 1027 636 1081 ἔχει,
665 1026 797 1081 δῆλον
825 1025 889 1067 ὅτι
916 1025 1050 1067 ταῦτά
1076 1040 1124 1078 γε
1153 1026 1233 1067 οὐκ
1261 1026 1316 1067 ἂν
1345 1025 1409 1079 εἴη
1436 1025 1486 1066 τό

134 1108 179 1135 τε
217 1090 386 1148 ἀγαθὸν
423 1091 494 1135 καὶ
529 1093 577 1135 τὸ
615 1092 762 1134 κακόν.
800 1091 1095 1145 ὁμολογοῦμεν
1134 1095 1290 1140 ταῦτα;
1342 1090 1412 1133 καὶ
1438 1087 1485 1132 εὖ

134 1160 247 1214 μάλα
293 1158 558 1213 σκεψάμενος
595 1157 849 1210 ἀποκρίνου.
917 1158 1054 1198 ΚΑΛ.
1100 1153 1216 1198 Ἀλλ’
1253 1157 1488 1209 ὑπερφυῶς

137 1226 194 1275 ῶς
220 1225 427 1278 ὁμολογῶ.

222 1290 329 1349 Cap.
358 1290 435 1334 LI.
495 1289 594 1329 Σῼ.
622 1282 710 1329 Ἴθι
744 1284 796 1340 δὴ
824 1285 891 1328 ἐπὶ
918 1286 970 1329 τὰ
998 1284 1242 1342 ἔμπροσθεν
1271 1287 1486 1341 ὡμολογη-

135 1358 252 1413 μένα.
293 1358 343 1399 τὸ
381 1362 533 1410 πεινῆν
568 1354 706 1409 ἔλεγες
741 1355 926 1409 πότερον
961 1354 1045 1409 ήδὺ
1082 1355 1109 1408 ἢ
1145 1354 1327 1408 ἀνιαρὸν
1355 1351 1488 1405 εἶναις

138 1425 243 1467 αὐτὸ
264 1422 373 1477 λέγω
394 1422 442 1464 τὸ
464 1427 629 1476 πεινῆν.

207 1548 247 1580 Β.
294 1547 363 1578 καὶ
395 1542 630 1587 ἀπολλύει]

690 1422 828 1463 ΚΑΛ.
852 1417 1062 1474 Ἀνιαρὸν
1086 1419 1239 1475 ἔγωγε·
1268 1419 1317 1463 τὸ
1345 1419 1490 1475 μέντοι

670 1544 729 1577 Sic
759 1543 877 1576 Clark.
909 1544 987 1576 Vat.
1019 1544 1124 1577 Coisl.
1157 1545 1243 1577 Ven.
1270 1544 1351 1577 ΞΣ.
1387 1544 1490 1578 Vind.

140 1594 171 1627 1.
194 1592 226 1626 2.
251 1592 282 1626 6.
307 1590 338 1625 7.
371 1592 448 1624 Par.
472 1591 567 1623 VW.
596 1589 694 1623 Bodl.
719 1590 859 1622 Mearm.
883 1589 977 1622 Flor.
1000 1590 1031 1624 d.
1078 1590 1173 1622 Male
1195 1590 1290 1634 vulg.
1314 1588 1467 1623 ἀπολύει.

206 1633 250 1670 Ἦ
269 1637 340 1670 καὶ
366 1634 558 1680 τάγαθὰ]
590 1636 635 1669 V.
650 1633 698 1667 ”H
716 1636 772 1668 καὶ
799 1633 837 1668 τὰ
859 1633 987 1678 ἀγαθά,
1012 1636 1103 1678 quod
1128 1647 1145 1668 e
1170 1636 1267 1669 libris
1290 1636 1490 1669 melioribus

138 1683 367 1718 emendatum.

209 1729 246 1762 C.
295 1726 605 1762 ἀπαλλάττεται
630 1724 881 1770 ἄνθρωπος]
906 1726 948 1758 V.
963 1723 1080 1758 ἀπαλλ.
1102 1724 1305 1769 ἄνθρωπος.
1330 1727 1432 1762 Vind.
1458 1727 1490 1760 6.

138 1773 256 1808 ἀπαλλ.
281 1772 300 1807 ὁ
324 1771 429 1815 ἅνθρ.

210 1818 450 1862 ὑπερφυῶς
482 1815 538 1853 ὥς
570 1815 703 1861 ὁμολ.]
735 1814 783 1852 ὥς
813 1816 967 1850 additum
998 1828 1042 1849 ex
1074 1817 1192 1850 Clark.
1223 1818 1302 1850 Vat.
1334 1818 1421 1851 Ven.
1449 1817 1488 1851 Σ.

139 1865 243 1899 Vind.
267 1864 300 1899 2.
322 1864 353 1898 6.
385 1865 464 1897 Par.
487 1863 530 1896 V.
552 1863 642 1896 aliis.

141 1979 241 2012 dieo
273 1981 316 2010 et
346 1987 419 2019 per
449 1986 493 2008 se
524 1978 779 2018 spectatam,

140 2026 206 2057 ita
244 2029 290 2056 ut
325 2021 513 2064 nondum
552 2021 600 2052 de
641 2031 689 2053 ea
726 2020 781 2052 le-

141 2069 283 2103 vanda
322 2072 367 2101 et
401 2066 624 2110 explenda
659 2067 782 2110 eogi-

142 2115 228 2149 tari
250 2114 394 2147 velim.

186 2158 395 2202 Ἀνιαρὸν
428 2158 578 2201 ἔγωγε·
612 2156 655 2189 τὸ
687 2155 781 2196 μέν·

145 2218 208 2239 τοι
239 2207 458 2238 πεινῶντα
483 2202 665 2236 ἐσθίειν
689 2199 781 2245 ἡδύ.

147 2250 225 2285 ΣΩ.
251 2247 496 2283 Μανθάνω·
520 2246 603 2282 ἀλλ’
629 2244 780 2292 οὖν-]

142 2297 259 2340 Vulgo
289 2296 376 2328 haec
399 2295 451 2327 sie
473 2296 600 2349 scripta
621 2294 782 2337 legeban-

143 2347 216 2375 tur:
244 2341 358 2374 KAA.
381 2337 544 2381 Ἀνιαρὸν
564 2339 682 2382 ἔγωγε.
708 2338 780 2372 ΣΩ.

147 2386 195 2421 Τὸ
210 2386 324 2427 μέντοι
338 2389 512 2418 πεινῶντα
534 2384 672 2417 ἐσθίειν
695 2382 782 2428 ἡδύ,-

146 2434 262 2467 KAA.
274 2430 432 2487 Ἔγωγε.
477 2429 550 2462 ΣΩ.
575 2429 781 2463 Μανθάν·ω

142 2476 211 2512 ἀλλ’
246 2472 518 2518 οὗντόγεπ.
548 2488 578 2508 κ.
610 2487 635 2507 τ.
669 2477 695 2508 λ.
742 2477 783 2508 In

143 2535 211 2567 qua.
240 2523 462 2556 distinetione
484 2521 635 2564 profecto
657 2522 784 2554 mirum

144 2574 197 2603 est
218 2569 317 2608 illud,
341 2567 433 2611 quod
457 2567 615 2599 Socrates
634 2566 784 2607 Callicli,

145 2616 205 2658 qni
249 2614 339 2647 nihil
382 2612 451 2645 nisi
490 2612 699 2655 propositam
735 2614 785 2645 af-

146 2660 294 2693 firmavit
314 2658 562 2701 quaestionem,
585 2658 783 2700 respondet:

149 2703 342 2739 Μανθάνω.
401 2703 492 2744 Quid
532 2703 623 2745 quod
660 2703 782 2737 verba:

145 2748 216 2784 ἀλλ’
240 2744 307 2784 οὖν
332 2748 369 2783 τό
391 2761 431 2793 γε
454 2752 579 2792 πεινῆν
602 2746 685 2782 αὐτὸ
710 2746 783 2783 ἀνι-

848 1972 950 2017 αρόν,
975 1986 1115 2018 prorsus
1138 1987 1208 2008 non
1226 1975 1368 2017 habent,
1391 1988 1491 2020 quor-

849 2031 926 2053 sum
961 2021 1138 2054 eommode
1175 2021 1383 2063 referantur,
1422 2024 1491 2055 nisi

848 2066 931 2098 illa:
970 2064 1006 2098 τὸ
1045 2066 1159 2106 μέντοι
1198 2071 1370 2100 πεινῶντα
1410 2068 1489 2101 ἐσθ’.

850 2109 934 2155 ἡδύ,
975 2112 1113 2145 Callicli
1145 2114 1322 2156 assignata
1350 2114 1488 2148 fuerint.

848 2158 968 2199 Itaque
1004 2159 1229 2191 Bekkerus
1274 2160 1403 2202 aliique
1448 2171 1491 2192 ex

848 2203 1006 2246 plurimis
1037 2204 1212 2237 codicibus
1245 2210 1490 2247 reposuerunt:

851 2249 967 2281 AAA.
999 2247 1166 2291 Ἀιιαρὸν
1189 2250 1312 2293 ἔγωγε·
1351 2249 1386 2282 τὸ
1411 2249 1490 2290 μέν·

851 2306 900 2326 τοι
924 2313 966 2318 -
992 2293 1069 2350 ἡδύ.
1119 2293 1191 2327 Σ.Ω
1217 2297 1286 2328 Aa)
1313 2295 1382 2339 ἐγώ
1406 2307 1491 2335 μαι·-

851 2337 968 2372 θάνω·
993 2337 1061 2372 ἀλλ’
1083 2340 1151 2372 οὐν
1175 2339 1212 2373 τό
1236 2353 1275 2384 γε
1300 2353 1332 2373 π.
1359 2353 1388 2374 κ.
1414 2354 1438 2373 τ.
1464 2343 1491 2374 λ.

851 2385 917 2418 Sed
948 2387 1066 2429 negari
1096 2397 1164 2418 non
1188 2392 1302 2429 potest
1324 2387 1415 2419 hane
1439 2398 1492 2419 ra-

849 2431 980 2463 tionem
1003 2436 1183 2474 propterea
1206 2443 1280 2464 esse
1302 2433 1492 2473 molestam,

851 2476 942 2519 quod
978 2477 1180 2509 adversatur
1216 2477 1380 2520 loquendi
1415 2489 1493 2510 con-

851 2522 1037 2554 suetudini.
1081 2523 1201 2565 Neque
1232 2525 1324 2556 enim
1347 2534 1492 2566 usquam

851 2567 980 2599 dictum
1010 2570 1159 2610 reperias
1188 2569 1225 2601 in
1254 2570 1492 2612 respondendo

851 2613 942 2655 apud
965 2613 1075 2645 ιιΠιιιιι
1101 2614 1270 2647 Graecum
1293 2616 1492 2657 scriptorem

853 2658 908 2691 καὶ
942 2656 1010 2701 ἐγώ
1038 2657 1231 2698 μανθάνω,
1271 2660 1331 2692 sed
1366 2661 1493 2702 ubique

853 2703 999 2746 simplex
1029 2703 1198 2743 μανθάνω
1228 2706 1285 2737 vel
1318 2702 1383 2748 ἤδη
1406 2716 1491 2744 μαν-

853 2747 956 2781 θάνω
979 2755 1174 2793 usurpatur.
1222 2751 1332 2793 Supra
1358 2762 1388 2795 p.
1415 2749 1490 2785 490.
