1702 2924
423 203 669 244 GORGIAS.
698 204 742 242 Ρ.
775 205 869 240 464.
899 168 960 241 ed.
993 201 1049 240 St.

1336 198 1413 235 137

58 319 196 365 καλῶ,
246 315 327 369 τὴν
364 313 410 356 δὲ
447 311 515 355 ἐπὶ
564 312 725 366 σώματι
763 311 866 365 μίαν
914 309 992 364 μὲν
1030 307 1166 357 οὕτως
1205 307 1417 361 ὀνομάσαι

56 383 137 424 οὐκ
164 379 243 436 ἔχω
271 390 361 432 σοι,
389 386 488 434 μιᾶς
516 377 562 420 δὲ
590 380 723 431 οὔσης
750 382 825 430 τῆς
851 382 933 418 τοῦ
962 375 1158 429 σώματος
1185 372 1416 425 θεραπείας

53 521 106 549 ter
128 517 205 549 Par.
231 516 257 548 1.
281 514 398 547 nullus
420 512 510 546 liber
531 516 668 554 tuetur,
697 521 763 545 nec
794 510 927 544 habent
951 509 1030 543 Ald.
1055 513 1090 542 et
1112 509 1193 542 Bas.
1216 507 1247 541 1.
1294 507 1416 541 Fluxit

56 573 100 595 ex
122 564 342 616 praepostera
364 559 588 593 correctione.
610 569 643 590 v.
668 568 750 591 ann.

123 604 202 650 τὴν
237 605 284 639 δὲ
317 604 388 637 ἐπὶ
423 602 595 647 σώματι]
629 603 689 636 Sic
714 602 831 635 Clark.
855 602 935 634 Vat.
959 600 1067 633 Goisl.
1091 600 1178 632 Ven.
1205 598 1287 633 ΞΣ.
1312 597 1414 675 Vinii.

58 649 658 731 {mizsossv7adpagbaffimssgit21.
663 659 782 727 ΟεῙ-,ΙιῙιιέιεί5
794 646 955 726 efinicnfilf
966 644 1168 734 poagggnD.
1182 646 1236 678 De
1269 645 1381 677 articu
1397 654 1416 676 o

55 808 271 854 αιρήσεσθαι
294 822 324 842 κ.
349 822 374 842 τ.
399 811 426 841 λ.
468 807 643 841 Phaedon.
666 817 700 850 Ρ.

56 855 110 890 91.
143 857 192 888 B:
224 856 401 910 λογίζομαι
429 852 516 910 γάρ,
556 847 585 886 ὦ
622 854 701 893 φίλε

59 901 191 943 ἑταῖρε
215 900 272 934 καὶ
292 899 421 933 θέασαι
440 897 488 934 ὥς
508 899 701 931 πλεονεκτι-

58 950 144 981 κῶς·
168 946 290 986 εἰμὲν
307 945 467 1000 τυγχάνει
482 941 599 987 ἀληθῆ
621 942 702 976 ὄντα

58 990 80 1024 ἂ
104 990 202 1035 λέγω,
226 993 336 1026 καλῶς
361 989 438 1034 δὴ”
419 1002 484 1033 εχει
506 988 542 1022 τὸ
558 990 704 1032 πεισθῆ-

63 1049 134 1079 rac,
167 1037 204 1069 εί
232 1037 323 1077 δὲμ
328 1035 412 1079 ηδέι·
443 1034 537 1068 ἐστιν
569 1047 597 1067 κ.
624 1048 650 1067 τ.
674 1036 702 1066 λ.

59 1084 112 1116 De
141 1084 223 1125 Rep.
257 1048 323 1115 Vsa
330 1092 364 1124 p.
393 1079 470 1114 470.
495 1082 553 1122 B.‚
563 1081 646 1113 ubi
668 1091 700 1112 v.

59 1139 148 1161 varr.
156 1128 250 1161 lectt.
266 1127 379 1169 Atque
389 1127 439 1159 sic
449 1127 519 1158 iam
523 1105 701 1183 I’Ipmer.

59 1173 160 1206 Iliad.
183 1172 225 1206 α’.
250 1183 283 1205 v.
298 1171 387 1206 304:
413 1170 461 1206 ὥς
485 1169 532 1204 ταί
553 1169 583 1214 γ’
610 1169 703 1203 ἀντι-

60 1219 168 1275 ssc'ofot
192 1217 438 1260 μαχεσσαμένω
462 1215 627 1249 ἐπέεσσιν
640 1213 703 1248 α’ν-

63 1264 204 1307 στήτην,
242 1265 352 1296 λῦσαν
383 1260 411 1295 δ’
443 1259 531 1305 ἀγορ
544 1259 580 1293 ’ν
610 1260 704 1302 παρὰ

66 1309 191 1364 ιηιισὶν
223 1307 383 1351 Ἀχαιῶν·
431 1307 543 1350 Πηλεί
565 1318 607 1361 ης
639 1306 705 1347 μὲι

63 1354 120 1387 ἐπὶ
139 1355 269 1389 κλισίας
290 1354 345 1387 καὶ
368 1357 449 1397 νῆας
473 1349 607 1387 etuas*
589 1356 703 1406 ηὶε-·

62 1397 240 1442 Ἀτρείδης
266 1397 294 1432 δ’
313 1397 380 1440 ἄρα
407 1401 471 1441 ιῆα
492 1395 586 1440 θοὴ]
601 1395 706 1430 ἅλαδε

65 1444 298 1486 προέρυσσεν.
345 1462 390 1468 -
435 1445 539 1483 μίαν
571 1441 704 1476 οὕτως

63 1487 281 1530 ὀνομάσαι
337 1486 414 1522 οὐκ
460 1489 560 1530 ἔχω,
618 1498 704 1520 non

63 1546 241 1578 possum
265 1535 331 1567 sic
355 1535 506 1567 statim
529 1544 615 1566 uno
639 1544 705 1566 no-

62 1581 174 1613 mine
198 1579 441 1623 appellare.
473 1580 527 1611 De
551 1579 616 1611 hoe
638 1589 706 1611 usu

63 1636 138 1659 voc.
163 1624 274 1659 οὕτως
298 1635 332 1657 v.
355 1624 500 1657 Phaedr.
523 1635 557 1667 p.
573 1622 652 1657 235.
667 1624 705 1657 C.

62 1671 180 1713 ibique
217 1670 444 1704 Heindorf.
477 1670 639 1712 Sympos.
673 1680 705 1712 p.

65 1715 140 1750 176.
175 1717 218 1749 D.
243 1726 272 1749 c.
298 1719 415 1749 annot.
446 1716 499 1747 De
523 1716 605 1758 Rep.
628 1715 706 1747 VII.

65 1773 97 1804 p.
121 1760 200 1794 530.
224 1761 263 1794 C.
295 1761 374 1795 coll.
408 1760 628 1793 Schaefer.
663 1760 707 1792 ad

70 1807 218 1849 Dionys.
232 1807 314 1839 Hal.
322 1807 375 1839 De
391 1806 550 1848 Compos.
563 1805 707 1838 Vei-bor.

66 1863 100 1895 Ρ.
123 1851 200 1885 480.
232 1852 428 1885 Dictionem
459 1849 650 1892 ὀνομάζειν
680 1861 707 1883 s.

69 1898 186 1930 καλεῖν
218 1895 292 1930 τινά
332 1909 377 1935 τι,
418 1896 606 1938 aliquem
631 1895 707 1929 ali-

66 1953 147 1985 quo
172 1943 347 1974 nomine
380 1941 636 1984 appellare,
665 1941 708 1973 ad

65 1987 242 2020 Phaedon.
264 1998 298 2031 Ρ.
318 1986 393 2020 105.
408 1988 451 2019 D.
467 1990 501 2019 et
523 1987 608 2019 alibi
626 1966 709 2018 'illu-

67 2033 262 2066 stravimus.
296 2051 341 2057 —-
375 2031 518 2075 Corpori
556 2031 708 2064 curando

64 2078 152 2110 duas
174 2082 265 2111 artes
287 2078 454 2110 inservire
479 2078 540 2118 ait,
564 2077 708 2109 alteram

64 2122 312 2166 γυμναστικήν,
351 2123 478 2165 quippe
513 2133 600 2165 quae
638 2133 708 2154 non

65 2168 165 2201 modo
211 2168 466 2201 conservandae
517 2167 709 2201 valetudini

66 2214 190 2256 prosit,
229 2213 289 2246 sed
327 2214 431 2246 etiam
468 2213 708 2255 acquirendae,

65 2258 209 2291 alteram
233 2257 409 2300 ἰατρικήν,
433 2269 522 2301 quae
545 2258 589 2291 ad
611 2259 709 2291 resti-

66 2303 229 2336 tuendam
268 2303 421 2346 corporis
468 2303 558 2336 male
597 2305 710 2337 affecti

66 2348 300 2381 valetudinem
329 2349 506 2391 pertineat.
553 2350 598 2381 Et
628 2350 708 2382 huie

66 2394 203 2436 quidem
227 2397 402 2435 tamquam
422 2405 467 2426 ex
483 2394 591 2427 altera
612 2400 709 2438 parte

68 2439 273 2482 respondere
286 2450 329 2471 ex
341 2438 472 2472 art-ibus
485 2439 645 2472 civilibus
661 2440 710 2472 di—

67 2486 115 2517 cit
129 2483 188 2526 τὴν
213 2482 448 2527 δικαιοσύνην,
473 2485 598 2527 quippe
622 2496 710 2527 quae

67 2530 143 2562 iura
151 2530 277 2562 civium
285 2530 374 2562 male
381 2529 511 2562 violata
518 2533 654 2562 tueatur
662 2536 710 2563 at-

68 2585 134 2616 que
147 2585 248 2607 suurn
258 2575 380 2617 cuique
390 2575 565 2615 restituat;
582 2575 636 2608 illi
653 2587 710 2608 au-

67 2628 135 2652 tem
151 2620 298 2652 similem
321 2630 396 2653 esse
418 2620 466 2652 ait
483 2617 545 2663 τὴν
562 2622 709 2660 νομοθε-

72 2662 175 2707 τικήν,
194 2675 282 2708 quae
302 2665 440 2706 efficiat,
455 2669 494 2697 ut
508 2665 581 2698 vita
596 2666 710 2699 civilis

69 2710 257 2742 consistere
289 2715 400 2753 queat.
455 2707 712 2753 ‘At-'tcotpocpov

68 2756 161 2788 enim
173 2759 316 2789 vocatur
326 2755 373 2798 id,
387 2755 477 2799 quod
490 2755 595 2789 alicui
607 2757 655 2790 rei
668 2768 711 2790 ex

771 806 881 839 altera
896 808 992 848 parte
1001 803 1204 847 respondet:
1221 803 1276 837 ein
1288 801 1417 846 Geyeu-

770 851 874 884 seick.
913 851 958 883 cf.
997 850 1141 883 Theaet.
1180 860 1214 892 p.
1254 848 1332 882 158.
1374 849 1417 880 D.

794 895 904 930 ,175.
928 897 972 929 D.
995 894 1135 928 Phileb.
1157 893 1269 937 p..40
1293 895 1338 927 D
1364 895 1417 926 De

802 941 917 985 epubl.
949 941 1027 974 VII.
1058 952 1091 983 Ρ.
1123 905 1201 974 52·p2.
1224 940 1267 973 A.
1322 940 1418 972 Ferri

771 999 841 1020 non
864 991 978 1030 potest
1001 986 1092 1029 quod
1112 986 1218 1029 vulgo
1243 989 1317 1018 erat
1339 982 1416 1017 ἀντὶ

771 1033 836 1073 μὲν
869 1036 926 1076 τῆς
958 1035 1188 1087 γυμναστικῆς
1218 1029 1281 1074 τὴν
1315 1042 1417 1070 νομο-

771 1077 924 1122 θετικήν,
949 1077 1112 1120 quoniam
1125 1089 1172 1109 αι
1174 1089 1203 1109 τι
1220 1087 1290 1109 non
1314 1075 1419 1109 habet

771 1135 847 1157 eam
877 1123 1184 1167 significationem,
1222 1132 1312 1164 quae
1343 1132 1419 1154 sen-

771 1170 899 1203 tentiae
944 1169 1014 1201 loci
1060 1167 1318 1201 accommodata
1365 1167 1418 1199 sit.

773 1215 875 1256 Quod
900 1218 1014 1247 autem
1043 1214 1208 1256 repetitur
1237 1210 1418 1254 ἀντίστρο-

775 1273 858 1302 φον,
884 1260 973 1292 nihil
988 1259 1054 1292 hoc
1071 1259 1273 1292 offensionis
1290 1257 1418 1291 habere

774 1306 990 1346 arbitramur,
1005 1304 1284 1347 quandoquidem
1292 1308 1419 1336 utram-

774 1362 840 1394 que
863 1351 954 1384 hanc
978 1356 1085 1383 artem
1109 1351 1347 1393 gymnasticae
1371 1354 1419 1382 at-

774 1407 840 1439 que
857 1395 1011 1428 medicae
1028 1406 1071 1428 ex
1089 1396 1198 1428 altera
1212 1399 1309 1438 parte
1327 1405 1419 1438 pror-

774 1453 833 1475 sus
856 1441 1062 1484 respondere
1093 1451 1172 1473 cum
1203 1441 1239 1473 vi
1273 1440 1420 1483 quadam

774 1488 1001 1530 significatur.
1056 1488 1100 1518 Et
1142 1485 1321 1519 sollemnis
1368 1490 1421 1518 est

773 1534 858 1565 haec
888 1532 1041 1566 eiusdem
1069 1532 1234 1565 vocabuli
1264 1532 1422 1574 repetitio

774 1578 867 1621 apud
890 1577 1078 1632 particulas
1098 1576 1261 1617 μὲν-δέ.
1284 1577 1421 1609 Deinde

775 1624 877 1657 facile
917 1624 995 1666 quis
1036 1620 1098 1666 τὴν
1111 1621 1348 1678 δικαστικήν,
1389 1627 1423 1655 et

775 1669 893 1712 paullo
916 1672 994 1712 post
1018 1669 1074 1701 καὶ
1101 1666 1121 1712 ἡ
1146 1666 1340 1711 δικαστική,
1372 1679 1422 1700 re-

775 1714 973 1758 ponendum
1011 1715 1214 1752 arbitretur,
1254 1713 1346 1756 quod
1385 1714 1422 1745 in

776 1761 895 1803 paucis
933 1759 1032 1793 libris
1077 1760 1255 1802 reperitur.
1326 1759 1423 1799 Quae

776 1806 878 1839 lectio
909 1806 1012 1838 unice
1035 1805 1170 1848 placuit
1204 1803 1422 1837 Schleier-

776 1851 894 1884 mach
904 1861 986 1892 ero,
1010 1851 1070 1893 qui
1090 1850 1280 1893 vulgatam,
1305 1859 1423 1892 quam-

779 1897 832 1929 vis
847 1896 1037 1939 antitmam,
1061 1900 1176 1928 tamen
1198 1906 1260 1938 per
1274 1905 1424 1928 errorem

778 1946 887 1974 ortam
926 1942 1068 1974 censuit.
1123 1941 1171 1973 At
1210 1942 1302 1973 enim
1341 1951 1422 1974 vero

778 1991 893 2020 tuetur
915 1987 1013 2019 illam
1048 1991 1122 2019 tum
1146 1986 1424 2028 Quintiliani

777 2033 966 2065 auctoritas
1007 2032 1083 2064 loeo
1130 2043 1234 2075 supra
1271 2031 1424 2073 laudato,

778 2083 851 2110 tum
874 2078 1051 2111 annotatio
1085 2077 1192 2110 schol.
1223 2077 1316 2110 haud
1340 2088 1423 2111 sane

778 2123 987 2165 spernenda:
1021 2121 1264 2166 δικαιοσιῖνην,
1300 2123 1424 2165 inquit,

777 2167 846 2201 αλλ’
893 2166 936 2201 οὐ
975 2167 1175 2223 δικαστικὴν
1221 2172 1422 2223 προςεῖπεν,

779 2215 836 2246 ἵνα
890 2213 935 2258 μὴ
980 2212 1015 2246 τὸ
1065 2211 1262 2246 δικαστικὸν
1298 2212 1422 2253 μόνοι
1440 2220 1442 2223 ’

779 2257 861 2292 ἀλλὰ
886 2260 940 2292 καὶ
965 2257 1002 2292 τὸ
1019 2257 1272 2302 διαιεμητικόν,
1296 2260 1423 2298 μᾶλλον

780 2303 820 2337 δὲ
845 2302 954 2348 αὐτὴν
979 2308 1036 2348 τῆς
1068 2308 1178 2359 ψυχῆς
1210 2304 1262 2339 εἰς
1294 2302 1423 2358 ἑαυιὴι

779 2349 963 2394 ἐνέργειαν
1009 2348 1178 2392 περιλάβῃ
1220 2347 1256 2382 τὸ
1303 2346 1424 2389 ὄνομα.

779 2396 898 2437 Itaque
923 2406 1029 2438 quum
1052 2395 1204 2428 iustitiae
1227 2399 1267 2428 ut
1286 2395 1424 2428 virtutis

779 2445 886 2473 artem
898 2441 1006 2473 vellet
1018 2440 1185 2480 indicare,
1199 2438 1356 2474 δικαιοσί
1349 2453 1425 2483 νην

779 2487 912 2528 posuit,
958 2487 1084 2528 quippe
1124 2486 1224 2519 cuius
1261 2485 1425 2519 vocabuli

779 2542 863 2563 usus
887 2532 991 2564 latius
1024 2535 1170 2574 pateret,
1201 2541 1313 2574 neque
1337 2530 1426 2563 dixit

781 2575 1000 2619 δικαστικήι·,
1049 2577 1131 2618 quia
1171 2576 1252 2609 huic
1293 2577 1425 2609 nomini

779 2621 896 2664 paullo
921 2622 1024 2654 aliam
1041 2621 1146 2654 tribui
1159 2621 1301 2654 videbat
1319 2621 1425 2664 signi—

779 2667 992 2708 ficationem,
1021 2678 1123 2710 quam
1154 2678 1241 2710 quae
1272 2666 1424 2699 iustitiae

780 2712 942 2755 dignitati
966 2713 1176 2746 conveniret.
1210 2712 1309 2746 Conf.
1334 2712 1425 2745 infra

779 2769 814 2800 p.
832 2756 908 2791 478.
934 2759 975 2790 A.
1000 2769 1105 2801 seqq„
1129 2757 1223 2791 unde
1246 2757 1425 2801 apparebit
