1696 2976
146 103 201 145 70
690 106 988 144 PLATONIS

146 222 296 278 ροῦντι
320 220 368 265 δὲ
386 218 503 280 αὐτῷ
528 225 695 278 ἔρχεται
714 220 978 279 Προμηθεὺς
1004 219 1340 279 ἐπισκεψόμενος
1357 220 1438 279 τὴν
1460 240 1535 267 νο-

145 285 256 345 μήν,
289 289 362 332 καὶ
392 285 472 346 ὁρᾷ
495 285 547 331 τοὶ
577 287 658 345 μὲν
680 285 790 332 ἄλλα
822 290 905 342 ζῶα
938 290 1129 346 ἐμμελῶς
1160 286 1337 334 πάντων
1367 293 1534 346 ἔχοντα,

144 353 221 400 τὸν
238 354 286 399 δε
310 352 551 413 ἄνθρωπον
566 352 735 412 γυμνόν
756 373 802 400 τε
819 356 892 400 καὶ
915 353 1192 412 ἀνυπόδητοι)
1216 357 1288 400 καὶ
1311 353 1536 413 ἄστρωτον

146 422 218 466 καὶ
241 419 418 467 αοπλον.
456 419 541 478 ἤδη
575 421 622 466 δὲ
655 419 774 467 uoel‘
751 441 778 480 η
803 424 1038 480 εἱμαρμένη
1062 420 1199 480 ἡμέρα
1230 424 1398 480 παρῆν,
1431 423 1479 467 ἐν
1508 415 1536 480 ᾗ

146 492 236 533 ἔδει
266 489 339 532 καὶ
375 486 615 546 ἄνθρωπον
649 490 807 542 ἐξιέναι
840 491 887 534 ἐκ
917 492 994 547 γῆς
1026 493 1087 542 εἰς
1117 492 1221 546 φῶς.
1264 487 1426 549 ἀπορίᾳ
1456 481 1538 534 οὖν

148 554 348 613 ἐχόμενος
386 553 409 599 ὁ
443 554 731 614 Προμηθεύς,
772 554 924 614 ἥντινα
959 560 1179 614 σωτηρίαν
1215 558 1276 601 τῶ
1313 553 1537 616 ἀνθρωπῳ

146 620 279 680 εὕροι,
305 623 477 668 κλέπτει
493 620 734 679 Ἡφαίστου
752 625 824 668 καὶ
836 621 1025 681 Ἀθηνᾶς
1048 622 1128 680 τὴν
1152 627 1353 681 ἔντεχνον
1376 626 1538 680 σοφίαν

145 688 229 735 σὺν
252 695 364 748 πυρί
388 715 445 722 ——
472 687 696 748 ἀμήχανον
725 689 807 748 γὰρ
835 684 889 747 ἦν
919 688 1027 736 ἄνευ
1051 688 1187 748 πυρὸς
1218 687 1357 747 αὐτὴν
1379 687 1539 747 κτητήν

144 775 204 817 τῳ
228 754 254 814 ἢ
279 760 493 815 χρησίμην
506 758 802 815 γενέσθαι-,
827 759 900 802 καὶ
923 755 1035 802 οὕτω
1061 756 1114 815 δὴ
1140 761 1343 815 δωρεῖται
1360 754 1539 815 ανθρώ-

143 841 224 884 πῳ.
285 822 365 881 τὴν
387 824 467 882 μὲν
490 817 571 869 οὖν
601 825 701 882 περὶ
723 823 799 869 τὸν
828 828 927 881 βίον
951 829 1115 882 σοφίαν
1144 822 1379 881 ἅνθρωπος
1401 823 1536 883 ταύτῃ

146 895 268 948 ἔσχε,
300 889 380 948 τὴν
412 891 460 936 δε
484 890 710 949 πολιτικὴν
733 889 814 936 οὐκ
839 891 978 949 εἶχεν·
1027 884 1082 949 ἦν
1105 890 1188 971 γαρ
1212 908 1330 949 παρα
1353 893 1413 935 τῶ
1438 894 1534 936 Διί·

143 960 201 1003 τῶ
227 958 274 1002 δε
294 965 528 1016 Προμηθεῖ
549 962 610 1010 εἰς
633 977 713 1016 μεν
735 956 816 1015 τὴν
833 956 1070 1016 ἀκρόπολιν
1092 957 1172 1015 τὴν
1188 960 1266 1003 τοῦ
1285 956 1391 1010 Διὸς
1415 964 1537 1015 οἴκη-

143 1039 217 1070 σιν
240 1023 384 1071 οὐκέτι
401 1023 603 1083 ἐνεχώρει
621 1030 859 1070 εἰσελθεῖν·
879 1023 986 1083 πρὸς
1006 1025 1054 1070 δὲ
1078 1026 1151 1070 καὶ
1166 1028 1216 1070 αἱ
1222 1022 1328 1078 Διὸς
1343 1026 1536 1083 φυλακαὶ

142 1093 329 1151 φοβεραὶ
344 1085 476 1150 ἦσαν·
505 1097 566 1146 εἰς
591 1092 640 1137 δὲ
660 1091 707 1137 τὸ
731 1094 805 1150 τῆς
821 1089 1010 1149 Ἀθηνᾶς
1036 1090 1357 1149 καὶἩφαίστου
1378 1098 1536 1149 οἴκημα

233 1218 346 1266 ἁπορ
356 1223 402 1266 ία
430 1234 449 1255 ο
459 1213 481 1256 ὖ
491 1235 512 1256 ν
536 1218 610 1266 ἒχό
619 1235 644 1266 μ
655 1234 670 1256 ε
681 1232 728 1256 νο
737 1220 770 1265 ς]
804 1222 907 1255 Bodl.
932 1222 1015 1255 Vat.
1033 1217 1226 1266 σχόμενος,
1245 1222 1340 1264 quod
1356 1223 1537 1266 Sauppius

141 1278 237 1301 nunc
261 1269 415 1310 recepit3
433 1268 538 1301 nobis
555 1268 710 1310 vulgata
725 1267 835 1300 lectio
852 1266 964 1300 multo
980 1267 1123 1300 videtur
1141 1268 1272 1310 aptior.

141 1379 250 1420 ὃετος
261 1378 331 1433 :nal
348 1389 534 1433 αστρωτος
557 1373 630 1413 ὑπὸ
649 1379 714 1421 τῆς
732 1374 804 1422 φύ-

140 1435 230 1464 σεως
248 1419 527 1458 απολέλειπται.
551 1423 803 1456 SimiliterSe-

140 1481 190 1502 ne
202 1481 252 1503 ea
284 1470 469 1503 Consolat.
510 1469 555 1501 ad
587 1469 698 1502 Marc.
733 1469 801 1500 XI.

141 1514 253 1555 Quid
279 1517 348 1547 est
364 1514 512 1546 homo?
529 1513 804 1546 imbecillum

141 1569 300 1601 eorpus
333 1562 376 1591 et
408 1558 600 1600 fragile,
633 1558 802 1598 nudum,

141 1606 299 1645 suapte
318 1606 483 1635 natura
500 1603 678 1641 inerme,
697 1602 802 1634 alie-

139 1659 221 1680 nae
237 1649 332 1690 opis
347 1649 358 1679 i
371 1647 570 1689 adigens,
581 1647 804 1679 adomnem

141 1693 353 1725 fortunae
379 1691 696 1724 contumeliam
714 1701 804 1733 pro-

140 1738 152 1769 i
162 1748 180 1770 e
191 1748 209 1769 c
220 1741 316 1771 tum
372 1736 490 1769 Stalcb.
550 1737 605 1768 De
643 1736 805 1778 genitivo

139 1776 292 1815 πάντων
308 1793 351 1814 ex
375 1776 539 1824 ἐμμελῶς
562 1777 696 1823 ἔχοντα
717 1791 806 1822 pen-

139 1827 246 1859 dente
263 1837 297 1859 v.
315 1826 427 1868 Kriig
446 1826 650 1862 G1.47.10‚
668 1827 699 1858 5.

185 1862 280 1904 έν
259 1883 282 1914 ῃ
316 1867 414 1904 ἔδει
447 1868 527 1903 καὶ
558 1863 693 1911 ἅνθρ.
726 1863 803 1913 ἐξ]

139 1916 257 1948 omnia
280 1916 391 1958 igitur
415 1915 588 1947 animalia
605 1915 730 1947 eodem
746 1914 805 1946 die

139 1962 175 1992 in
213 1961 327 1993 lucem
371 1959 548 2002 prodiisse
587 1958 806 2002 Protagoras

141 2005 292 2037 censuit.

183 2050 229 2084 D.
255 2044 336 2092 τὴν
366 2045 584 2091 ἔντεχνον
621 2046 803 2091 σοφίαν]

140 2094 425 2127 factitandarum
469 2094 600 2125 artium
641 2093 807 2125 sollertia

139 2149 246 2181 quum
262 2138 397 2170 homini
414 2138 437 2170 i.
457 2149 486 2172 e.
511 2138 665 2170 humano
682 2138 807 2179 generi

139 2195 202 2225 pro
228 2186 429 2216 ceterorum
453 2182 664 2215 animalium
686 2182 803 2214 facul-

139 2228 278 2260 tatibus
301 2239 323 2260 a
346 2227 562 2260 Prometheo
583 2226 719 2259 donata
741 2226 802 2267 sit,

139 2273 387 2314 consequitur,
412 2282 534 2304 omnes
557 2271 720 2303 homines
737 2271 804 2303 illa

138 2318 243 2349 initio
262 2321 360 2349 certe
378 2327 508 2357 rerum,
525 2316 639 2348 donec
647 2315 803 2348 societas

139 2362 317 2403 quaedam
330 2361 488 2394 humana
496 2361 649 2401 exstitit
666 2360 803 2402 pariter

138 2416 224 2440 usos
242 2416 333 2447 esse,
350 2416 384 2438 v.
403 2405 487 2448 adp
491 2407 582 2438 ,322
598 2405 640 2439 B.

183 2446 266 2484 σὺν
281 2448 406 2493 πυρί]
431 2451 536 2483 Artes
553 2460 624 2483 non
639 2449 801 2503 potuisse

138 2497 216 2529 sine
233 2496 243 2528 i
297 2506 328 2528 is
352 2505 418 2527 usu
435 2494 553 2528 excoli
570 2497 633 2527 aut
646 2494 803 2527 inveniri

138 2550 252 2584 pervu
228 2506 356 2583 ιιῗέιιιε.
385 2543 442 2572 est
480 2540 574 2582 apud
606 2539 800 2581 scriptores

139 2588 283 2618 veteres
315 2585 510 2617 sententia.
564 2585 698 2634 Itaque
724 2583 800 2616 Ae-

139 2641 156 2663 s
167 2630 279 2681 chyl.
310 2629 490 2662 Prometh.
527 2639 561 2661 ν.
585 2630 623 2660 7:
661 2622 702 2660 τὸ
734 2622 801 2661 σὸν

140 2670 211 2727 γὰρ
245 2668 387 2727 ἄνθος,
427 2670 685 2725 παντέχνου
720 2683 803 2705 πυ-

139 2715 187 2762 ρὰ
198 2731 216 2758 ς
231 2716 353 2762 σέλας,
371 2715 696 2761 θνητοῖσικλέψας
703 2710 804 2750 ῶπα

140 2774 216 2797 σεν.
252 2763 345 2798 Ibid.
370 2765 503 2796 v.109:
537 2757 803 2814 ναρθηκοπλῄ-

140 2818 258 2851 ρωτον
280 2805 322 2842 δε
346 2807 523 2852 θηρῶμαι
541 2802 657 2850 πυρὸς
674 2802 803 2851 πηγὴν

871 1377 1071 1421 κλοπαίαν,
1104 1370 1129 1421 ἣ
1162 1373 1467 1431 διδάσκαλος
1476 1375 1538 1412 τέ-

873 1435 955 1466 χην
933 1435 994 1474 ηρ·
1042 1423 1133 1456 Ibid.
1151 1433 1184 1455 v.
1202 1424 1285 1457 253·
1317 1417 1391 1475 αφ’
1423 1415 1468 1456 οὗ
1497 1434 1538 1476 γε

873 1435 1019 1510 (πυρος)
1037 1462 1176 1508 πολλας
1184 1462 1466 1510 ἐκμαθήσονται
1481 1466 1537 1501 τέ-

872 1523 975 1555 χνας.
1035 1512 1213 1545 Diodor.
1253 1512 1456 1552 Sioul.1‚
1496 1514 1536 1545 8:

872 1553 1105 1608 γνωσθέντος
1122 1553 1165 1589 δὲ
1183 1567 1249 1590 του
1233 1540 1456 1607 πυρόςκαὶ
1464 1557 1538 1590 τῶν

872 1595 1000 1634 ἄλλων
1030 1601 1218 1654 χρησίμων
1248 1596 1345 1633 κατὰ
1380 1596 1538 1644 σμικρὸν

872 1644 938 1679 καὶ
970 1640 1036 1684 τὰς
1047 1643 1200 1698 τέχνας
1233 1640 1441 1696 εὑρεθῆναι
1472 1644 1537 1679 καὶ

872 1682 991 1723 τᾶλλα
1015 1685 1060 1723 τὰ
1092 1685 1287 1732 δυνάμενα
1315 1685 1381 1725 τὸν
1408 1686 1538 1724 κοινὸν

873 1734 958 1778 βίον
973 1729 1181 1778 ὠφελῆσαι.
1199 1734 1316 1769 Staub.

919 1799 964 1835 ἔσ
972 1813 993 1846 χ
1003 1800 1032 1846 ε]
1052 1804 1183 1835 nactus
1202 1804 1293 1836 erat.

918 1863 1079 1902 οὐκέτι
1104 1863 1319 1912 ἐνεχώρει
1341 1867 1401 1912 -J
1435 1869 1480 1902 H.
1505 1881 1536 1902 e.

872 1924 936 1957 per
950 1914 1166 1947 brevitatem
1190 1914 1362 1956 temporis
1379 1924 1450 1946 non
1466 1915 1538 1947 iam

873 1959 1012 1991 licebat
1027 1959 1163 1990 intrare
1188 1959 1264 1991 sive
1282 1958 1359 1990 fieri
1375 1969 1446 1991 non
1464 1969 1537 1991 am—

873 2003 966 2046 plius
983 2006 1137 2054 poterat,
1156 2006 1195 2035 ut
1210 2003 1381 2055 intraret3
1411 2002 1540 2036 aderat

874 2048 969 2080 enim
984 2048 1055 2080 iam
1073 2042 1095 2090 ἡ
1121 2043 1323 2098 εἱμαρμένη
1346 2042 1478 2090 ἡμέρα.
1495 2066 1539 2071 --

874 2087 966 2134 πρὸς
983 2089 1026 2125 δὲ
1053 2090 1118 2124 καὶ
1143 2090 1230 2134 φοβ.
1254 2083 1313 2134 ἦσ.
1346 2095 1538 2134 praeterea

873 2147 960 2169 vero
992 2138 1102 2169 etiam
1141 2136 1308 2168 custodes
1346 2136 1396 2169 ibi
1435 2140 1540 2169 erant

871 2181 1071 2220 terribiles,
1105 2182 1170 2215 int.
1203 2175 1348 2222 Κρατος
1354 2178 1429 2214 ’καὶ
1453 2181 1537 2222 Βία,

872 2226 919 2260 cf.
936 2225 1087 2258 Hesiod.
1103 2225 1241 2267 Theog.
1258 2227 1334 2258 385.
1364 2226 1536 2268 Aesehyl.

870 2271 986 2303 Prom.
1011 2271 1090 2304 init.
1102 2294 1110 2309 ‚
1135 2271 1197 2311 qui
1214 2280 1352 2303 omnem
1370 2273 1538 2303 conatum

871 2318 985 2348 artem
1009 2315 1154 2347 civilem
1181 2325 1225 2347 ex
1249 2325 1333 2347 arce
1350 2314 1537 2348 auferendi

869 2360 1009 2392 irritum
1027 2359 1219 2399 fecissent;
1236 2369 1308 2392 non
1323 2359 1379 2392 illi
1393 2358 1537 2400 quidem

869 2405 987 2447 ipsum
1004 2404 1254 2437 Prometheum
1265 2428 1273 2442 ‚
1305 2404 1402 2437 Iovis
1433 2403 1535 2436 mini-

870 2453 982 2481 strum
999 2449 1048 2490 (v.
1065 2448 1172 2491 Gorg.
1191 2459 1225 2491 p.
1240 2450 1304 2482 523
1318 2447 1379 2489 D),
1403 2448 1461 2480 cui
1477 2448 1536 2481 vel

869 2493 1089 2526 facultatum
1112 2493 1319 2526 distributio
1348 2493 1538 2525 commissa,

869 2542 956 2575 erat,
989 2539 1034 2570 ab
1052 2548 1137 2571 arce
1160 2537 1441 2581 prohibuissent,
1475 2536 1536 2570 sed

868 2593 913 2615 ne
932 2582 1117 2624 quidinde
1149 2582 1369 2627 subduceret
1383 2606 1392 2622 ‚
1426 2581 1536 2615 obsti-

872 2629 1016 2661 tissent.

914 2673 956 2704 E.
976 2669 1041 2711 είς
1058 2668 1106 2704 δὲ
1125 2666 1170 2704 τὸ
1185 2669 1263 2712 τῆς
1274 2664 1533 2715 'aemon—J

871 2717 938 2749 His
987 2717 1019 2750 si
1071 2715 1268 2748 addidisset
1312 2715 1534 2759 Protagoras

870 2755 990 2804 ῶσπερ
1008 2758 1112 2804 λέγω,
1135 2760 1311 2793 orationis
1328 2770 1453 2793 cursus
1469 2759 1534 2792 ali·

870 2810 1005 2849 quanto
1023 2808 1120 2839 esset
1144 2804 1352 2838 dilucidior.
1384 2814 1534 2838 revocu-
