1722 2964
229 110 310 155 132
776 116 1074 154 PLA'roms

225 225 308 285 τὴν
324 228 398 273 καὶ
421 228 692 287 περιγένοιτο
715 226 866 285 αὐτοῦ,
891 227 1020 283 αὐτὸς
1044 228 1323 289 εὐδοκιμήσει
1346 233 1397 278 ἐν
1416 242 1506 286 τοὸς
1528 231 1624 278 τότε

227 292 492 352 ἀνθρώποις.
520 298 583 346 εἰς
605 297 733 340 τοῦτο
757 288 838 340 οὖν
859 293 908 340 τὸ
932 297 1047 355 ῥῆμα
1064 298 1139 342 καὶ
1160 296 1318 343 τούτου
1335 299 1464 344 ἕνεκα
1485 297 1639 359 τούτῳ.

228 359 528 419 ἐπιβουλεύων
558 363 765 406 κολοῦσαι
789 359 893 407 αὐτὸ
924 360 1043 408 ἅπαν
1064 362 1112 408 τὸ
1136 357 1253 423 ᾆσμα
1276 368 1536 423 πεποίηκεν,
1567 363 1625 418 ὥς

227 447 301 486 μοι
324 432 541 485 φαίνεται.
818 430 834 436 ”

328 493 430 552 Cap.
458 493 614 539 XXIX.
658 492 1019 553 Ἐπισκεψώμεθα
1050 494 1105 553 δὴ
1138 495 1243 541 αὐτὸ
1274 500 1398 556 κοινῇ
1421 495 1627 554 ἅπαντες,

227 565 268 606 εἰ
289 559 374 620 ἄρα
399 560 483 618 ἐγώ
507 559 654 619 ἀληθῆ
677 563 801 619 λέγω.
828 559 982 615 Εὐθὺς
1006 562 1088 621 γὰρ
1111 561 1159 607 τὸ
1183 565 1357 620 πρῶτον
1378 566 1456 609 τοῦ
1486 562 1628 623 ᾅσμα-

169 638 203 671 D
227 646 298 681 τος
321 627 508 686 μανικὸν
530 625 587 673 ἂν
620 633 804 686 φανείη,
838 632 880 674 εἰ
899 627 1165 687 βουλόμενος
1197 631 1365 687 λέγειν,
1396 628 1462 675 ὅτι
1485 628 1628 688 ἄνδρα

226 693 400 751 ἀγαθὸν
422 696 632 752 γενέσθαι
656 692 870 752 χαλεπόν,
896 699 1043 741 ἔπειτα
1067 697 1247 753 ἐνέβαλε
1270 695 1318 741 τὸ
1340 698 1407 754 με’
1414 716 1451 743 ν.
1500 699 1627 743 τοῦτο

225 759 310 819 γὰρ
343 759 448 807 οὐδὲ
474 760 581 821 πρὸς
613 764 691 807 ἕνα
716 760 847 818 λόγον
876 767 1080 819 φαίνεται
1106 765 1429 821 ἐμβεβλῆσθαι,
1462 761 1540 808 ἐὰν
1568 761 1628 821 μή

225 847 289 880 τις
312 827 514 888 ὑπολάβῃ
546 825 654 887 πρὸς
683 826 732 874 τὸ
756 830 834 874 τοῦ
861 831 1083 875 Πιττακοῦ
1115 832 1231 888 ῥῆμα
1263 828 1410 888 ὥσπερ
1435 831 1629 888 ἐρίζοντα

314 936 359 968 C.
383 930 520 988 αὐτὸς
547 930 918 979 εὐδοκιμήσειεν
934 939 1030 975 τοῖς
1047 949 1078 970 τ.
1123 938 1220 971 Vett.
1239 937 1340 970 editt.
1366 931 1628 981 εὖὸοκιμήσειε

225 982 303 1018 τοῖς
320 991 353 1014 τ.
377 980 491 1023 aveo.
517 980 680 1014 Soloece.
727 979 893 1013 Correxit
912 981 1075 1015 Heindor
1102 991 1160 1022 us,
1184 982 1287 1014 cuius
1308 982 1487 1014 rationem
1509 981 1630 1014 firma-

224 1027 308 1056 runt
325 1023 425 1058 codd.
443 1024 546 1058 Bodl.
565 1028 602 1057 et
616 1025 700 1058 Vat-

314 1068 407 1111 Cap.
430 1069 563 1102 XXIX.

627 1067 666 1100 C.
706 1063 817 1102 αὐτὸ
841 1067 975 1111 κοινῇ
1000 1061 1222 1112 ἅπαντες]
1246 1070 1291 1102 V.
1306 1064 1465 1113 πάντες,
1499 1072 1627 1103 contra

223 1112 330 1146 fidem
344 1113 520 1146 librorum
538 1114 616 1145 fere
633 1114 804 1146 omnium.
835 1112 1026 1146 Heindorf.
1046 1114 1141 1146 coni.
1159 1108 1454 1156 ἐπισκεψώμεθα
1471 1113 1494 1147 δ
1502 1111 1519 1147 ε’
1557 1125 1627 1157 quo

223 1167 295 1209 nen
312 1167 413 1210 opus.
444 1157 588 1191 Deinde
606 1157 708 1192 Bodl.
724 1158 808 1191 Vat.
827 1165 852 1191 t.
870 1157 918 1192 al.
935 1157 1073 1191 habent
1089 1152 1287 1202 ἐνεβάλετο
1303 1154 1373 1200 μὲν
1387 1168 1452 1201 pro
1474 1140 1627 1203 ἐνέβαλε

222 1212 264 1235 το
283 1212 364 1245 μεν.

225 1287 366 1334 ῥῆμα]
400 1292 437 1323 si
461 1290 791 1333 prostravisset
813 1291 894 1322 hoc

224 1335 404 1368 dietum.
458 1336 552 1369 Nam
590 1335 798 1377 καθαιρεῖν
838 1338 894 1367 est

221 1379 452 1412 violenter
503 1379 725 1420 deiicere,
776 1379 894 1412 humi

222 1427 523 1466 prosternere.
542 1423 748 1465 Aesehyl.
765 1424 891 1466 Agam.

222 1479 256 1501 v.
272 1470 355 1501 389:
384 1468 493 1502 λιτᾶν
506 1462 545 1500 δ’
560 1463 692 1501 ἀκούει
705 1464 775 1511 μὲν
787 1461 893 1506 οὔτις

220 1511 345 1546 θεῶν·
370 1508 437 1546 τὸν
459 1507 498 1545 δ’
522 1507 751 1555 ἐπίστροφον
774 1511 893 1545 τῶνδε

223 1551 322 1598 φῶτ’
338 1550 476 1590 ἄδικον
492 1557 686 1599 καθαιρεῖ.
716 1557 893 1589 Similiter

221 1613 255 1644 p.
267 1601 388 1634 3440:
406 1601 491 1634 τίνα
505 1592 576 1635 οὖν
591 1595 785 1644 ἀμήχανος
801 1610 891 1642 συμ-

223 1655 274 1688 φο
299 1640 323 1678 ὰ
339 1646 543 1688 καθαιρεῑ;
560 1645 704 1679 nmio.
715 1646 756 1678 Ε.
772 1645 889 1678 Stallb.

293 1702 314 1724 ν
336 1693 433 1728 τοῖς
462 1685 564 1722 τότε
594 1683 888 1733 ἀνθρώποις]

220 1735 374 1767 Ficinus
390 1734 511 1767 locum
532 1734 662 1767 vertit:
685 1735 891 1776 ‘eognovit,

221 1779 254 1812 si
282 1779 514 1821 proverbium
536 1779 573 1811 id
601 1778 789 1812 refelleret
809 1789 891 1811 con-

219 1824 460 1866 vinceretque
494 1826 673 1865 tanquam
711 1824 892 1865 insignem

220 1870 459 1910 certatorem,
483 1868 560 1900 fore
577 1870 618 1899 ut
633 1868 713 1910 ipse
737 1867 893 1900 illustris

221 1913 268 1945 ab
291 1913 458 1945 omnibus
482 1911 703 1946 haberetur.'
735 1913 815 1945 Non
838 1912 892 1944 in-

220 1959 446 1999 terpretatus
468 1960 525 1990 est
547 1952 630 1990 τότε
653 1966 722 1989 nec
746 1959 831 1999 apte
853 1956 891 1988 id

220 2001 259 2034 in
275 2001 372 2034 hunc
388 2001 507 2033 locum
526 2001 694 2042 quadrat.

266 2041 434 2078 τούτου
459 2043 616 2089 ἕνεκα]
643 2045 890 2088 utsapien—

221 2090 316 2122 tiae
339 2090 502 2122 famam
532 2093 891 2131 consequeretur

221 2134 422 2167 refutato
435 2134 607 2166 Pittaci
625 2133 758 2167 dicto.
776 2134 891 2166 Dein-

220 2178 265 2212 de
303 2172 634 2222 ἐπιβουλεύειν
673 2181 739 2210 est
778 2179 891 2210 insi-

221 2223 350 2256 diose
367 2223 572 2263 studere,
596 2232 667 2264 quo
684 2222 892 2264 significatu

220 2267 291 2300 hoc
318 2268 469 2300 verbum
498 2277 579 2300 cum
604 2266 784 2299 infinitivo
812 2268 891 2299 iun-

221 2314 318 2344 ctum
332 2312 469 2354 legitur
484 2312 594 2344 etiam
603 2311 766 2354 SympoS.
783 2322 818 2363 p.
828 2313 893 2344 203

220 2355 270 2388 B:
310 2350 333 2398 ἡ
357 2348 429 2390 οὖν
451 2356 575 2390 Πενία
597 2350 894 2399 ἐπιβουλευουσα

221 2399 432 2434 -παιδίον
447 2395 699 2444 ποιήσασθαι.
722 2400 822 2442 Lyn.
841 2411 892 2432 or.

223 2446 276 2486 13,
303 2446 362 2477 12:
396 2440 705 2488 ἐπιβουλεύοντες
729 2443 893 2477 καταλῦ-

222 2499 287 2522 σαι
303 2484 375 2532 τὴν
391 2489 666 2532 δημοκρατίαν.
695 2488 824 2522 Idem.
842 2499 892 2523 or.

221 2536 256 2574 4,
273 2535 329 2566 42.
376 2534 601 2567 Demosth.
627 2543 678 2566 or.
702 2535 764 2572 21,
791 2534 832 2566 16
856 2537 893 2566 et

223 2580 278 2612 88.
323 2578 521 2629 Xenoph3
551 2578 714 2620 Sympos.
746 2578 810 2617 lv,
831 2579 893 2611 52:

221 2618 460 2666 αἰσθάνομαι
473 2634 542 2666 γαρ
555 2617 896 2675 τινας,ἐ7ξιβουλεύ-

223 2677 338 2706 οντας
362 2667 596 2710 διαφθεῖραι
626 2677 758 2700 αυτον.
795 2667 892 2699 Ana·

222 2712 303 2744 bas.
322 2712 363 2751 V,
386 2713 419 2754 6,
443 2714 505 2745 29:
528 2705 644 2749 αὐτὸς
666 2706 892 2754 ἐπεβούλευε

223 2751 447 2800 διαβάλλειν
461 2766 519 2799 με.
552 2755 671 2789 Seaub.
856 2794 865 2806 ,

268 2797 411 2844 τούτῳ
434 2819 474 2826 -—
499 2800 719 2834 κολοῦσαι
751 2794 887 2843 αὐτο]

962 1291 1031 1323 hoc
1063 1291 1264 1332 (carmine)
1305 1290 1507 1334 deprimere
1537 1290 1629 1324 illud

963 1335 1142 1377 (dictum).
1164 1330 1354 1374 κολούειν,
1373 1335 1468 1377 quod
1483 1335 1627 1378 proprie

962 1379 1146 1422 signifieat
1192 1379 1381 1419 mutilare,
1428 1382 1627 1422 amputare,

962 1424 1030 1458 h.1.
1049 1423 1217 1456 elevandi
1233 1424 1293 1456 vel
1310 1424 1500 1467 affligendi
1515 1424 1552 1457 vi
1567 1434 1630 1467 po·

960 1469 1069 1500 situm
1088 1472 1154 1500 est.

1007 1513 1096 1554 Cap.
1113 1512 1245 1544 XXIX.
1277 1513 1323 1544 D.
1347 1508 1508 1545 ἔπειτα
1532 1507 1629 1546 ἐνὲ·

960 1555 1070 1600 βαλε
1101 1551 1148 1588 τὸ
1178 1553 1283 1633 niv}
1323 1556 1362 1589 P.
1386 1558 1451 1589 339
1475 1557 1522 1588 B:
1561 1550 1630 1589 ἄν·

961 1599 1033 1643 δρα
1062 1589 1219 1643 ἄγαθόν
1239 1611 1263 1642 μ
1287 1612 1308 1633 ν
1330 1594 1505 1638 ἀλαθέως
1526 1597 1630 1643 γενέ·

960 1645 1055 1678 σθαι
1096 1641 1272 1688 χαλεπόν.
1326 1643 1497 1677 Socrates
1534 1645 1629 1678 haec

961 1690 1068 1721 dicit:
1085 1689 1273 1721 Particula
1289 1686 1359 1731 μέν
1374 1689 1527 1729 indicat,
1545 1698 1628 1721 sen-

959 1734 1114 1766 tentiam
1129 1743 1200 1766 non
1217 1733 1333 1775 ipsam
1346 1743 1410 1775 per
1427 1742 1465 1765 se
1481 1733 1629 1776 capien-

961 1778 1044 1810 dam
1069 1788 1167 1816 csse,
1190 1777 1255 1809 sed
1272 1778 1308 1810 ei
1324 1780 1388 1809 aut
1408 1777 1531 1820 planis
1547 1787 1629 1811 ver—

959 1822 1016 1855 bis
1049 1825 1113 1854 aut
1145 1822 1369 1864 cogitatione
1401 1831 1424 1854 a
1452 1822 1629 1864 scriptore

961 1867 1117 1899 alteram
1140 1876 1221 1899 esse
1244 1866 1460 1909 oppositam.
1498 1866 1629 1907 Itaque

961 1910 1155 1943 Simonidis
1179 1911 1316 1950 animo,
1347 1920 1454 1952 quum
1476 1911 1629 1952 primum

958 1966 1102 1988 versum
1115 1955 1286 1987 carminis
1301 1957 1544 1997 componeret,
1553 1954 1630 1987 Pit-

960 2001 1037 2032 taci
1053 2000 1189 2031 dietum
1206 2000 1437 2032 obversatum
1454 2009 1535 2032 esse
1552 2001 1628 2032 sta·

959 2044 1131 2076 tuendum
1148 2046 1214 2078 est.

1003 2083 1113 2121 οὗδὲ
1130 2083 1241 2129 πρὸς
1259 2085 1336 2121 ’ἕνα
1355 2082 1515 2139 λόγον]
1540 2088 1630 2140 For·

959 2133 1033 2165 tius
1056 2133 1124 2165 hoe
1154 2132 1290 2164 dictum
1314 2142 1421 2173 quam
1448 2142 1542 2174 προς
1564 2142 1630 2165 ου-

960 2174 1053 2210 δένα
1068 2171 1191 2219 λόγον,
1207 2175 1437 2230 utsignificet
1449 2185 1630 2219 prorsus

958 2222 1124 2263 inepte.
1151 2221 1208 2253 De
1226 2214 1316 2254 οὐδε
1334 2217 1390 2259 εἷς
1410 2231 1445 2256 V.
1460 2220 1506 2254 ad
1520 2220 1630 2263 Gorg.

959 2266 1069 2309 p.512
1087 2265 1133 2298 E.
1164 2266 1374 2298 Dietionem
1390 2264 1630 2299 illustrabunt

963 2310 1068 2344 haec.
1091 2309 1233 2343 Phileb.
1250 2320 1284 2352 p.
1302 2311 1345 2342 33
1361 2309 1409 2341 B:
1433 2309 1543 2343 τοῦτο
1556 2305 1628 2352 μὲν

963 2351 1214 2406 ἔτιὶεἰσαῦθις
1231 2348 1542 2407 ἐπισκεψόμεθα,
1559 2347 1629 2387 ἐὰν

960 2400 1190 2496 ³³5
1365 2408 1627 2492 ιω,

961 2499 982 2521 ο
1001 2483 1047 2521 σὺ
1065 2487 1136 2521 νῦν
1152 2497 1246 2530 ηρου
1262 2498 1304 2520 το
1321 2467 1340 2521 ἒ
1362 2497 1502 2537 ωτημοξ.
1534 2486 1627 2537 1Ιήιίς

985 2557 992 2565 .
1020 2533 1061 2566 18
1083 2533 1134 2565 D:
1161 2531 1202 2565 τί
1219 2527 1310 2574 πρὸς
1351 2540 1421 2569 τος
1443 2541 1493 2563 αυ
1516 2530 1610 2563 ταῦτ

982 2586 1059 2618 στι;
1090 2576 1279 2629 Protagor.
1301 2586 1337 2629 p.
1360 2576 1426 2608 344
1448 2575 1499 2607 A:
1527 2568 1627 2608 οὕτω

962 2621 1142 2664 φαίνεται
1158 2631 1251 2663 προς
1268 2621 1308 2654 λο
1333 2629 1378 2653 ον
1397 2613 1445 2651 τὸ
1462 2616 1543 2663 μέν
1564 2613 1627 2662 ἒμ-

962 2663 1208 2710 βεβλημένον,
1233 2664 1295 2698 ubi
1311 2631 1370 2696 {ic
1387 2663 1488 2696 locus
1510 2663 1626 2707 respi-

962 2711 1068 2743 citur.
1114 2710 1157 2744 P.
1179 2709 1243 2743 351
1266 2708 1315 2741 132
1353 2702 1422 2741 ἐὰν
1470 2704 1512 2742 ὲν
1532 2701 1627 2751 πρὸς

962 2750 1075 2798 λόγον
1090 2753 1184 2797 δοκῇ
1209 2748 1308 2787 εἶναι
1324 2747 1366 2785 τὸ
1382 2762 1426 2786 σκ
1446 2763 1538 2795 μμα.
1563 2751 1627 2786 ΔΙ·

962 2800 1032 2835 cib.
1049 2799 1095 2832 11.
1113 2809 1149 2842 p.
1166 2799 1230 2831 14⁷
1245 2797 1286 2830 Β.
1306 2797 1353 2831 al.
1371 2796 1490 2830 snauh.

1573 0 1622 32 Ὗ»
1630 0 1722 36 '³:5ng
