1682 2944
458 181 531 219 AD
561 177 805 220 GORGIAM
832 177 1103 217 PLATONIS.
1404 177 1454 212 33

94 293 309 333 necessaria
335 293 552 333 videantur.
610 292 837 330 Tenendum
873 304 965 331 vero
995 293 1086 330 ante
1115 289 1244 328 omnia
1278 289 1351 326 hoc
1382 293 1452 336 est,

95 364 170 402 quo
188 351 373 400 vneglecto
412 351 459 390 de
494 349 711 400 scriptionis
750 348 956 387 universae
995 347 1209 387 rationibus
1244 346 1454 396 prudenter

95 455 265 487 elementa
288 466 328 488 eo
353 454 584 487 traducantur.
634 453 742 486 Cuius
765 454 902 496 generis
926 453 1033 486 libros
1066 454 1251 485 arbitratur
1281 460 1352 483 non
1380 451 1451 483 iam

96 500 245 543 amplius
269 501 399 533 versari
421 500 458 532 in
482 498 661 532 tractanda
682 499 950 541 philosophandi
981 499 1114 531 ratione
1144 501 1249 540 atque
1279 495 1452 536 methodo,

97 545 158 578 sed
181 546 223 578 de
248 546 321 578 eius
345 548 546 589 argumento
569 545 618 577 ita
637 555 749 587 agere,
774 548 812 576 ut
833 544 998 587 physicae
1023 549 1056 575 et
1073 544 1218 583 ethicae,
1242 552 1330 585 quae
1350 552 1452 574 verae

95 592 164 623 sint
194 591 358 624 scientiae
391 595 505 633 partes
537 590 608 632 (die
639 589 757 622 realem
789 589 1110 632 Wiesenachastetv),
1146 589 1246 631 quasi
1277 587 1450 630 quandam

94 636 325 678 prolusionem
352 636 408 668 vel
430 636 606 679 praeviam
630 635 880 668 institutionem
905 635 1102 667 exhibeant.
1146 635 1234 666 Esse
1258 637 1374 666 autem
1397 633 1451 664 his

96 681 243 724 dialogis
267 682 406 714 omnino
423 681 458 713 id
472 681 695 723 propositum,
720 684 758 712 ut
773 680 936 713 doceatur
959 691 1076 712 veram
1099 680 1279 712 scientiam
1296 682 1330 711 et
1343 682 1450 711 artem

95 738 164 759 non
190 727 347 769 reperiri,
381 727 441 759 sed
464 726 623 759 fallacem
656 731 791 758 tantum
823 737 940 758 earum
964 726 1112 768 speciem
1136 725 1256 757 adesse
1287 723 1356 765 ibi,
1390 722 1451 755 ubi

94 772 141 812 id,
165 771 256 813 quod
279 783 315 805 re
332 783 413 804 vera
431 772 487 812 sit,
511 782 590 804 cum
604 781 656 811 eo,
681 770 772 813 quod
787 771 1022 803 tantummodo
1039 781 1113 803 esse
1130 770 1298 810 videatur,
1321 775 1449 801 temere

94 820 305 860 permutetur
328 821 388 849 aut
412 817 540 849 bonum
579 827 658 849 cum
691 816 868 858 voluptate
893 821 995 859 atque
1023 816 1174 848 iucundo
1200 814 1450 848 confundatur:

97 862 187 905 quod
211 862 348 904 quidem
372 874 393 894 a
407 862 612 905 philosopho
637 861 821 904 dupliciter
844 862 914 894 fere
939 861 1083 902 ostendi,
1110 861 1191 893 dum
1215 860 1272 892 vel
1288 860 1334 900 id,
1358 859 1450 901 quod

94 918 155 950 pro
180 912 251 940 arte
275 913 310 941 et
332 909 478 941 scientia
500 907 677 947 habeatur,
701 907 831 939 nullius
855 907 954 950 pretii
975 917 1049 940 esse
1068 906 1202 946 doceat,
1226 905 1284 939 vel
1308 916 1351 937 ex
1374 906 1451 947 ipsa

94 953 156 985 illa
186 953 294 986 falsae
317 954 399 985 artis
424 958 458 986 et
480 953 645 985 scientiae
670 953 867 996 cognitione
891 953 944 985 vis
976 956 1010 985 et
1032 956 1157 984 natura
1179 962 1280 984 verae
1311 951 1394 983 artis
1418 955 1452 982 et

95 999 257 1030 scientiae
282 998 474 1031 definiatur.
513 999 635 1040 Itaque
660 998 824 1041 Gorgiam
848 998 912 1030 hoc
938 998 987 1029 ait
1010 997 1136 1030 habere
1160 997 1384 1039 propositum,
1409 1000 1448 1027 ut

94 1045 178 1076 artis
201 1043 390 1076 rhetoricae
421 1050 455 1076 et
486 1044 600 1075 civilis
631 1043 810 1085 exemplo,
841 1044 1052 1086 argumentis
1084 1054 1101 1075 e
1133 1053 1267 1075 morum
1291 1041 1448 1074 doctriua

93 1089 266 1131 repetitis,
302 1100 403 1122 verae
433 1089 608 1131 falsaeque
639 1089 802 1121 scientiae
835 1093 868 1120 et
892 1089 974 1120 artis
1006 1089 1209 1131 permutatio
1235 1092 1268 1120 et
1292 1086 1450 1119 confusio

95 1138 259 1178 arguatur
283 1135 424 1177 eiusque
456 1139 529 1166 tum
552 1144 677 1166 caussa
706 1134 741 1166 in
764 1134 926 1166 interiore
960 1133 1108 1176 quadam
1144 1134 1251 1165 animi
1281 1132 1324 1165 ad
1348 1132 1450 1164 istam

93 1180 332 1212 confusionem
361 1179 577 1222 proclivitate
609 1180 693 1219 sita,
735 1183 805 1211 tum
838 1180 980 1211 effectus
1004 1180 1040 1211 in
1072 1179 1269 1222 arrogantia
1293 1181 1327 1210 et
1357 1177 1451 1210 fastu

94 1226 272 1268 conspicui
295 1226 331 1257 in
355 1224 542 1257 illustriore
564 1225 643 1257 luce
666 1229 849 1267 ponantur.
903 1225 1001 1257 Haec
1034 1225 1140 1267 igitur
1163 1224 1229 1256 viri
1253 1223 1384 1266 egregii
1407 1222 1449 1254 de

96 1271 243 1314 Gorgiae
275 1271 432 1303 consiliis
462 1271 633 1302 sententia
667 1274 740 1309 est,
778 1270 917 1313 longius
947 1270 1092 1302 fortasse
1125 1271 1288 1302 arcessita
1320 1268 1383 1300 illa
1415 1272 1450 1299 et

95 1315 234 1348 Platoni
257 1316 366 1348 invito
399 1315 555 1356 obtrusa,
588 1314 648 1346 sed
679 1314 850 1347 subtiliter
880 1314 997 1348 eadem
1038 1319 1205 1357 acuteque
1237 1314 1395 1357 exposita
1404 1313 1449 1354 ³¹²).

96 1361 149 1392 Ab
175 1371 216 1393 ea
245 1371 327 1393 vero
357 1361 559 1403 longissime
583 1360 740 1392 discessit
770 1361 834 1392 Fr.
868 1361 1043 1399 Astius,
1078 1362 1138 1402 qui
1160 1360 1244 1392 licet
1267 1358 1349 1401 quid
1373 1369 1450 1390 sen-

95 1406 175 1437 tiret
196 1401 347 1438 breviter
368 1409 500 1438 tantum
525 1405 716 1438 declaravit
740 1406 806 1445 (De
829 1405 900 1437 vita
924 1409 958 1437 et
981 1406 1116 1447 scriptis
1136 1405 1270 1437 Platon.
1295 1415 1327 1447 p.
1347 1402 1449 1446 l33.),

96 1454 210 1483 tamen
249 1451 306 1484 vel
345 1451 396 1483 sic
434 1451 536 1484 facile
579 1450 771 1493 intelligas,
821 1454 988 1492 quantum
1034 1461 1111 1482 cum
1154 1450 1449 1483 Schleierma-

96 1497 229 1528 chero
261 1496 451 1528 dissentiat.
507 1496 642 1538 Quippe
667 1495 852 1528 arbitratur
883 1495 943 1527 ille
968 1496 1060 1527 hunc
1090 1494 1216 1528 librum
1246 1495 1448 1537 neutiquam

94 1540 138 1573 ad
160 1546 267 1574 artem
291 1545 324 1573 et
347 1542 527 1573 scientiam
550 1540 756 1584 generaliter
777 1541 996 1574 informatam
1019 1540 1155 1580 referri,
1186 1540 1246 1573 sed
1270 1540 1448 1583 politicam

94 1590 228 1618 tantum
251 1587 416 1619 rationem
442 1590 607 1629 spectare,
632 1587 678 1618 ita
702 1590 750 1626 ut,
774 1585 939 1628 quidquid
962 1590 1138 1628 praeterea
1161 1587 1198 1618 in
1222 1597 1262 1619 eo
1281 1585 1322 1618 de
1339 1585 1450 1627 philo-

96 1632 218 1674 sophia
242 1636 445 1674 exponatur,
469 1631 504 1663 id
528 1643 597 1664 non
623 1631 787 1663 aliorsum
811 1631 878 1663 nisi
903 1643 943 1664 eo
965 1631 1180 1664 referendum
1205 1632 1260 1672 sit,
1284 1635 1322 1663 ut
1338 1631 1448 1664 scien-

94 1677 177 1709 tiam
202 1681 236 1708 et
259 1682 366 1710 artem
379 1677 528 1718 civilem,
551 1687 655 1719 quam
679 1676 830 1709 rhetores
854 1687 895 1709 ac
919 1677 1092 1719 sophistae
1115 1676 1351 1719 profiteantur,
1375 1677 1448 1708 ina-

96 1732 174 1754 nem
204 1733 246 1755 ac
277 1723 504 1765 perniciosam
537 1733 612 1755 esse
644 1721 854 1754 ostendatur.
902 1722 941 1753 In
967 1733 1034 1764 qno
1064 1722 1124 1754 ille
1155 1728 1245 1755 ccrte
1277 1721 1380 1754 simul
1414 1722 1448 1753 id

95 1767 177 1810 egit,
200 1772 238 1800 ut
262 1768 411 1810 Gorgiae
435 1767 646 1800 intellectum
671 1778 739 1799 non
763 1771 834 1799 tam
858 1767 997 1800 aliunde
1021 1778 1124 1809 quam
1147 1778 1191 1799 ex
1214 1768 1325 1810 ipsius
1349 1777 1448 1809 argn-

95 1816 208 1845 mento
232 1813 415 1855 petendum
450 1824 524 1845 esse
554 1813 814 1855 perspiceretur.
861 1813 988 1844 Verum
1019 1814 1111 1845 enim
1143 1823 1223 1845 vero
1254 1813 1341 1845 haec
1370 1812 1448 1854 ipsa

97 1859 268 1890 sententia
290 1859 490 1900 neutiquam
513 1858 681 1891 satisfecit
703 1857 880 1890 desideriis
905 1858 979 1890 eius
1003 1858 1086 1897 viri,
1111 1859 1170 1899 qui
1192 1858 1347 1900 proxime
1370 1862 1449 1898 post

99 1903 267 1935 Astium
305 1903 390 1936 talia
420 1904 611 1936 accuratius
648 1903 860 1945 perquisivit.
924 1903 1012 1935 Nam
1046 1903 1271 1935 Socherus
1309 1901 1447 1945 quidem

92 1948 164 1989 (De
188 1948 323 1990 scriptis
346 1949 502 1981 Platonis
526 1959 558 1991 p.
582 1946 684 1988 241.)‚
712 1948 831 1980 relicta
855 1949 1082 1980 antecessoris
1105 1948 1160 1979 sui
1183 1948 1315 1987 ratione
1339 1951 1373 1979 et
1396 1958 1448 1980 ra-

97 1993 190 2025 tione
205 1993 227 2025 S
238 1993 382 2026 chleie
393 2004 448 2025 rm
460 1994 607 2026 acheri
631 1993 881 2034 quodammodo
896 1993 1125 2036 comprobata,
1142 1994 1178 2025 in
1194 1994 1325 2036 Gorgia
1341 2003 1447 2035 quum

96 2037 131 2070 id
155 2037 339 2080 disceptari
362 2038 535 2078 videatur,
567 2042 681 2070 utrum
712 2038 930 2081 philosophia
959 2050 1003 2070 an
1031 2039 1202 2071 rhetorica
1231 2038 1448 2081 potissimum

96 2083 240 2116 colenda
272 2084 331 2124 sit,
364 2087 476 2116 tamen
508 2094 626 2116 revera
657 2088 788 2122 censet,
827 2088 1029 2126 argumento
1061 2084 1304 2126 disputationis
1341 2084 1446 2116 altius

96 2127 216 2161 educto
241 2132 275 2160 et
297 2128 340 2162 ad
363 2129 474 2161 maius
498 2129 660 2171 quiddam
677 2129 942 2170 accommodato,
967 2129 1054 2161 illud
1078 2130 1191 2171 potius
1216 2129 1346 2171 quaeri,
1370 2132 1448 2161 utra

95 2174 186 2206 vitae
215 2175 301 2206 ratio
332 2175 453 2207 melior
482 2175 527 2206 sit
556 2185 597 2207 ac
630 2174 780 2215 beatior,
812 2185 915 2214 eane,
945 2185 1032 2216 quae
1062 2175 1182 2206 virtuti
1212 2175 1447 2217 imprimisque

97 2219 248 2251 iustitiae
273 2219 386 2252 dedita
409 2220 471 2260 sit,
497 2230 541 2251 an
565 2219 646 2259 illa,
670 2230 758 2261 quae
782 2220 825 2251 ad
849 2218 1036 2262 potentiam
1069 2225 1102 2252 et
1125 2221 1364 2252 auctoritatem
1386 2230 1448 2262 pu—

95 2262 188 2296 blice
212 2274 251 2296 ac
273 2265 434 2307 privatim
458 2264 733 2307 consequendam
757 2269 955 2307 comparata
986 2266 1040 2297 sit.
1098 2265 1151 2297 Ad
1182 2276 1284 2307 quam
1308 2264 1447 2307 quidem

98 2309 266 2341 rationem
289 2320 414 2352 nuper,
438 2310 595 2342 nonnihil
619 2313 731 2342 tamen
758 2314 935 2350 mutatam,
959 2311 1113 2353 proxime
1138 2311 1286 2342 accessit
1308 2310 1446 2342 Herm.

98 2354 333 2387 Boni'tzius
363 2355 400 2387 in
423 2354 560 2387 libello:
594 2354 808 2388 Platonisehe
834 2354 992 2396 Studien,
1038 2355 1142 2396 Wien,
1167 2356 1286 2397 1858,
1311 2354 1343 2388 8.
1367 2356 1447 2387 mai.

97 2410 130 2442 p.
141 2397 275 2439 1—41.,
295 2400 354 2441 qui
367 2401 426 2431 vix
439 2400 588 2432 dubitari
601 2411 700 2443 posse
712 2400 908 2440 arbitratur,
930 2401 1013 2443 quin
1030 2401 1186 2443 quaestio
1199 2401 1362 2443 primaria
1379 2400 1449 2432 dia-

97 2444 168 2488 logi
181 2444 267 2477 haec
280 2446 335 2484 sit,
353 2449 467 2477 utrum
486 2445 775 2488 philosophia
797 2456 840 2478 ex
853 2447 1023 2478 sententia
1033 2445 1188 2478 Platonis
1204 2446 1393 2485 intellecta,
1404 2457 1448 2478 an

98 2490 329 2522 rhetorica
352 2490 471 2532 polit
484 2491 560 2531 ica,
585 2490 698 2533 qualis
717 2495 790 2523 tum
810 2491 923 2531 fuerit,
943 2492 1009 2523 viri
1030 2491 1167 2523 honesti
1180 2491 1302 2523 studiis
1323 2494 1358 2523 et
1369 2502 1450 2524 con-

97 2534 184 2567 siliis
198 2534 304 2578 digna
319 2545 394 2568 esse
406 2537 521 2578 putari
537 2535 659 2569 debeat
666 2535 732 2578 W).
755 2537 828 2570 Nec
842 2547 923 2569 vero
936 2536 1082 2569 multum
1092 2536 1172 2569 inde
1184 2536 1350 2569 recedunt
1362 2546 1449 2579 quae

165 2634 194 2667 ⁴⁶)
213 2636 247 2661 V.
264 2635 483 2676 sumaim-m..
495 2636 619 2668 Interpr.
631 2635 727 2663 Germ.
741 2636 812 2669 Opp.
831 2637 941 2663 Platon.
960 2637 1023 2663 Vol.
1036 2638 1073 2663 ΙΙ.
1091 2638 1123 2663 Ρ.
1141 2639 1163 2663 Ι.
1176 2637 1270 2662 Praef.
1289 2644 1315 2668 p.
1337 2636 1353 2661 3
1371 2642 1456 2675 seqq.¹

151 2669 212 2710 ff>
229 2670 300 2695 Ibid.
318 2677 344 2701 p.
362 2669 403 2710 33.
427 2670 499 2710 vm?
516 2670 632 2701 Fraye:
661 2671 701 2696 Ist
722 2671 901 2702 philosophie
918 2672 959 2696 im
979 2672 1179 2711 'Platong'sclren
1198 2671 1304 2702 Sinne,
1324 2670 1392 2695 oder
1412 2672 1451 2694 zst

93 2704 1021 2771 {5225'0251‘51{Zimissssn¹⁷12ubhriss‘eciabss?‘Zifsszefiuifffliffl⁷¹³
1047 2706 1176 2736 'mmm‘
1194 2704 1425 2735 L³b⁸⁷²⁸“²‘s‘'‘²⁶‘
1438 2703 1451 2728 ‘²

161 2793 231 2819 Plat.
251 2792 323 2825 opp.
342 2793 405 2819 Vol.
424 2793 461 2819 11.
481 2792 555 2819 Sect.
573 2794 595 2819 1.
1160 2793 1182 2827 3
