1702 2924
198 471 233 513 E

154 856 232 895 477

262 169 336 210 178
805 167 1011 218 RLATON
1011 170 1062 209 IS

258 274 298 316 τί
326 272 451 324 ἐστιν,
480 274 506 327 ἢ
527 277 685 323 ποιεῖν,·
716 272 1067 330 ΠΩΛ.Ἀνάγκη,
1098 269 1380 327 ὦΣῶκρατες,
1406 276 1590 330 πάσχειν.

260 340 360 381 ΣΩ.
403 334 576 380 Οὐκοῦν
614 338 698 380 ύπό
735 353 849 387 τινος
886 346 1132 389 ποιοῦντοςς
1191 340 1330 381 ΠΩΑ.
1373 341 1474 389 Πῶς
1508 339 1591 393 γὰρ

262 406 335 452 οὒς
364 403 447 444 ὑπό
475 417 521 456 γε
548 406 626 444 τοῦ
654 403 917 454 κολάζοντος.
956 405 1053 445 ΣΩ.
1077 398 1136 444 ‘0
1162 402 1207 444 δὲ
1235 402 1379 456 ὀρθῶς
1405 404 1594 454 κολάζων

263 467 433 515 δικαίως
458 467 642 517 κολάζεις
675 468 813 508 ΠΩΛ.
845 467 945 507 Ναί.
976 469 1072 509 ΣΩ.
1101 467 1258 508 Δίκαια
1286 469 1434 517 ποιῶν,
1463 464 1493 521 ἦ
1520 470 1594 517 οὒς

268 532 405 571 ΠΩΛ.
421 531 589 572 Δίκαια.
619 532 714 572 ΣΩ.
751 528 924 572 Οὐκοῦν
951 530 975 572 ὁ
1001 531 1278 584 κολαζόμενος
1303 531 1426 584 δίκην
1452 530 1596 580 διδοὺς

262 595 404 635 δίκαια
431 595 576 647 πάσχει
586 611 597 643 3
630 597 769 636 ΠῼΛ.
803 595 1014 636 Φαίνεται.
1044 596 1141 637 ΣΩ.
1179 595 1241 636 Τὰ
1269 595 1314 636 δὲ
1341 594 1483 636 δίκαιά
1510 609 1596 636 που

262 658 369 700 καλὰ
398 658 681 712 ώμολόγηται;
732 660 872 699 ΠῼΛ.
907 659 1033 700 Πάνυ
1059 672 1117 712 γε.
1179 661 1277 700 ΣΩ.
1313 659 1487 700 Τούτων
1513 661 1596 711 ἄρα

263 722 287 764 ὁ
314 721 391 776 μὲν
418 726 532 763 ποιεῖ
556 724 688 773 καλά,
728 723 751 764 ὁ
779 722 824 764 δὲ
851 724 1017 776 πάσχει,
1057 722 1081 764 ὁ
1107 723 1395 777 κολαζόμενος.
1455 724 1594 764 ΠΩΛ.

268 786 370 827 Ναί.

351 850 455 908 Gap.
486 850 707 893 XXXIII.
766 851 861 891 ΣΩ.
917 847 1090 892 Οὐκοῦν
1117 851 1233 902 εἴπερ
1259 850 1390 899 καλά,
1429 849 1594 903 α’γαθάς

264 912 292 968 ἢ
318 915 398 968 γὰρ
426 915 528 969 ἡδέα
555 913 583 969 ἢ
611 914 811 969 ὠφέλιμα.
872 917 1012 957 ΠΩΛ.
1048 912 1248 969 Ἀνάγκη.
1303 916 1400 957 Σῼ.
1425 911 1595 968 Ἀγαθὰ

263 983 346 1032 ἄρα
365 980 510 1034 πάσχει
531 980 554 1021 ὁ
575 980 698 1034 δίκην
726 979 882 1027 διδούς.
942 981 1083 1021 ΠΩΛ.
1110 977 1286 1023 Ἔοικεν.
1343 981 1437 1022 ΣΩ.
1471 975 1593 1032 Ὠφε.

263 1046 391 1085 λεῖται
427 1046 521 1095 ἄρα.
589 1045 729 1084 ΠῼΛ.
772 1044 872 1085 Ναί.
930 1046 1024 1086 ΣΩ.
1067 1037 1170 1097 τΑρα
1207 1043 1337 1097 ἥνπερ
1376 1043 1456 1096 ἐγὼ
1493 1043 1593 1085 ὐπο-

262 1109 465 1162 λαμβάνω
500 1105 579 1161 τὴν
616 1107 842 1160 ώφέλειαν;
891 1107 1063 1159 βελτίων
1099 1107 1177 1161 τὴν
1214 1108 1357 1162 ψυχὴν
1393 1109 1594 1161 γίγνεται,

264 1173 379 1225 εἴπερ
403 1172 574 1220 δικαίως
593 1173 827 1222 κολάζεται;
858 1173 999 1212 ΠΩΛ.
1030 1172 1161 1220 Εἰκός
1186 1186 1244 1225 γε.
1302 1173 1396 1214 ΣΩ..
1430 1173 1592 1220 Κακίας

263 1239 346 1290 ἄρα
383 1242 521 1290 ψυχῆς
557 1236 858 1276 ἀπαλλάττεται
893 1235 917 1277 ὁ
945 1236 1067 1289 δίκην
1093 1235 1259 1284 διδούς;
1312 1237 1452 1276 ΠΩΛ.
1493 1237 1595 1277 Ναί.

266 1303 365 1342 Σῼ.
388 1293 483 1353 ῗΑρ’
503 1295 583 1340 οὖν
606 1307 683 1341 τοῦ
706 1300 907 1353 μεγίστου
935 1300 1234 1341 ἀπαλλάττεται
1255 1301 1410 1349 κακοῦ,·
1433 1291 1531 1341 Ὧδε
1550 1299 1594 1342 δὲ

262 1366 419 1406 σκόπει.
453 1363 499 1405 ἐν
519 1364 744 1417 χρημάτων
766 1369 1002 1418 κατασκευῇ
1022 1364 1258 1416 α’νθρώπου
1285 1363 1438 1405 κακίαν
1465 1366 1596 1417 α”λλην

329 1529 368 1562 Ρ.
391 1527 467 1562 477.
504 1526 745 1569 Ὠφολεῖιαι
777 1526 857 1583 ἄρα
901 1528 960 1561 Sic
991 1527 1129 1582 plurimi
1160 1539 1235 1562 cnm
1266 1528 1385 1562 Clark.
1408 1529 1483 1562 Vat.
1508 1529 1591 1562 Ven.

266 1573 346 1607 ΞΣ.
370 1573 469 1605 vind.
494 1572 525 1607 6.
550 1571 580 1606 7.
604 1573 692 1606 Vett.
718 1570 841 1605 editt.’
873 1573 1009 1628 φὲληται
1033 1570 1109 1614 ἄρα.

326 1612 405 1673 Ἆρ’
431 1612 527 1673 ⁰‚v¹3¹'
536 1620 605 1649 τοῦ
629 1611 1416 1661 acy]v.”A<›’01321.male.Par.F.ma1-g.
1444 1614 1592 1651 Ονιιοῦν.

264 1663 366 1695 Recte
386 1657 459 1703 Ap'
484 1656 552 1694 οὖν
574 1661 663 1694 Flor.
687 1673 720 1694 x.

331 1707 368 1740 C.
417 1705 477 1738 El
498 1704 545 1749 δὴ
570 1705 791 1759 αἰσχίστη]
817 1706 857 1738 V.
883 1704 931 1744 δέ,
956 1705 1045 1748 quod
1067 1705 1171 1738 habet
1193 1707 1269 1739 Per.
1294 1706 1333 1738 Ε.

330 1751 372 1783 D.
418 1748 593 1783 Ουκοῦι
632 1748 652 1793 ἢ
690 1748 987 1791 ἀνιαρότατόν
1024 1749 1159 1793 ἐστιν]
1210 1750 1351 1783 Servavi
1389 1750 1591 1792 scripturam

264 1799 419 1828 veterem.
458 1795 574 1828 Clark.
599 1795 674 1827 Vat.
699 1794 803 1827 Coisl.
828 1795 913 1827 Ven.
939 1794 1018 1827 ΞΣ.
1052 1794 1153 1827 vind.
1178 1794 1208 1827 1.
1232 1795 1263 1828 2.
1287 1794 1318 1828 6.
1343 1793 1373 1827 7.
1403 1795 1480 1827 Par.
1503 1794 1594 1828 BW.

264 1839 359 1872 Bodl.
389 1840 528 1872 Meerm.
557 1839 647 1871 Flor.
679 1850 709 1871 a.
741 1838 773 1870 b.
804 1848 834 1871 c.
865 1838 895 1871 d.
927 1850 970 1871 m.
1001 1849 1031 1871 o.
1063 1850 1096 1870 x.
1128 1849 1153 1871 s.
1186 1833 1216 1881 ᾗ.
1250 1838 1345 1871 Stob.
1367 1839 1484 1872 Trino.
1514 1844 1549 1872 et
1573 1849 1595 1871 a

262 1895 325 1916 sec.
351 1895 394 1917 m.
418 1884 508 1917 Flor.
522 1883 555 1916 b.
571 1883 607 1916 el
620 1881 856 1926 ἀνιαρότατον.
903 1883 1009 1916 Iidem
1032 1884 1101 1917 sere
1125 1883 1207 1916 libri
1229 1883 1307 1916 dein
1331 1882 1386 1916 καὶ
1410 1888 1489 1916 ante
1513 1879 1594 1925 ἀνίᾳ

306 2038 344 2070 Ε.
369 2036 387 2069 ὁ
413 2038 458 2071 δὲ
482 2037 647 2079 πάσχει,
672 2036 692 2069 ὀ
717 2039 817 2070 κολα
828 2036 892 2079 ζό
959 2042 1131 2080 oportere,
1199 2047 1339 2080 eamque
1391 2037 1594 2071 sententiam

261 2094 307 2121 με
319 2094 364 2113 ιό
376 2081 404 2125 ς]
455 2082 600 2114 Additur
622 2079 641 2113 ὁ
666 2080 893 2122 κολαζόμενος
960 2082 1044 2114 Polo
1068 2081 1278 2135 probaverat.

262 2127 512 2168 perspicuitatis
529 2127 646 2168 gratia.
662 2127 750 2160 cons.
768 2137 799 2168 p.
815 2125 891 2159 501.
1001 2119 1038 2159 'A
1050 2137 1100 2167 ρα
1132 2123 1268 2167 ἥνπερ
1303 2124 1385 2168 ἐγώ
1417 2124 1437 2158 ι’
1429 2127 1532 2158 πολ.
1565 2138 1591 2158 τ.

265 2172 303 2203 Α.
328 2176 361 2203 et
384 2171 531 2205 Matth.
563 2172 593 2210 ξ.
616 2168 692 2204 288.
723 2176 837 2204 annot.
860 2170 891 2203 5.
959 2166 1052 2211 ωφ.,
1048 2170 1076 2214 ·]
1108 2171 1216 2203 Docet
1238 2170 1395 2203 Socrates
1426 2181 1467 2203 ea
1489 2181 1590 2213 quam

305 2215 578 2256 Cap.xxx111.
623 2211 795 2247 oae‘nosrv
833 2215 890 2247 εἴ·
959 2225 1049 2247 nunc
1082 2215 1230 2248 instituit
1258 2214 1485 2256 disputatione
1514 2225 1589 2267 poe-

262 2270 338 2299 περ
385 2257 505 2297 καλά,
553 2256 716 2301 ἀγαθώ·
725 2258 736 2302 ]
805 2260 892 2292 Nam
959 2269 1039 2291 nam
1062 2259 1096 2291 id
1120 2259 1239 2291 afferre
1260 2260 1437 2298 utilitatis,
1459 2263 1498 2291 ut
1519 2260 1590 2291 ani-

261 2303 415 2345 pulcrum
452 2308 486 2336 et
521 2302 649 2336 bonum
686 2304 805 2336 intima
835 2314 892 2336 ne·
958 2314 1033 2336 mus
1056 2303 1251 2336 emendetur
1265 2303 1307 2336 ed
1323 2303 1366 2336 ad
1385 2303 1505 2336 bonnm
1523 2303 1590 2334 fru-

261 2348 463 2380 cessitudine
503 2349 704 2380 continetur.
749 2348 817 2381 vid.
849 2347 891 2380 sd
957 2358 1034 2390 gem
1046 2349 1241 2391 corrigatur.
1267 2348 1468 2380 iniustitiam
1488 2348 1590 2386 enim,

262 2393 329 2433 Hip
309 2402 362 2434 pp
389 2393 468 2424 Mai.
522 2391 629 2426 .297.
654 2393 691 2424 Β.
958 2393 1200 2434 insipientiam,
1222 2392 1393 2435 ignaviam
1407 2391 1493 2424 nihil
1517 2403 1590 2424 esse

305 2437 341 2468 P.
354 2435 429 2469 477.
455 2434 474 2478 ἢ
497 2403 577 2479 γὰρ
602 2434 710 2479 ἡδέα
735 2434 755 2479 ἢ
780 2433 888 2477 ωφέ-
957 2436 1051 2469 aliud
1072 2437 1141 2469 nisi
1162 2437 1268 2469 enimi
1289 2435 1443 2474 morbos,
1465 2435 1590 2477 quibus

261 2479 368 2524 λιμα]
415 2481 558 2513 Dixerat
591 2482 680 2513 enim
719 2491 822 2523 supra
858 2491 888 2522 p.
956 2481 1119 2514 sanandis
1130 2492 1197 2514 non
1211 2480 1332 2514 melius
1349 2479 1502 2513 adhiberi
1515 2490 1592 2522 pos·

259 2524 334 2558 474.
360 2525 402 2560 D.
434 2535 526 2566 seqq.
556 2535 613 2565 ea,
651 2535 738 2567 quse
772 2525 890 2567 pulcre
957 2526 1002 2557 eit
1023 2525 1207 2558 remedium
1239 2535 1338 2567 quem
1368 2534 1478 2566 poena
1500 2531 1589 2556 recte

259 2573 382 2608 essent,
407 2574 467 2601 aut
488 2574 623 2611 propter
645 2569 889 2602 iucunditatem
956 2574 990 2601 et
1012 2570 1181 2612 sapienter
1203 2570 1396 2603 constitute.
1440 2569 1493 2601 Ex
1516 2570 1589 2610 qni-

261 2620 320 2645 uut
351 2619 485 2655 propter
515 2613 695 2646 utilitatem
728 2618 787 2646 sut
816 2623 890 2656 pro·
957 2613 1020 2646 bus
1043 2614 1176 2657 colligit
1198 2613 1279 2654 hoc,
1308 2613 1424 2653 illum,
1448 2614 1506 2655 qui
1530 2623 1589 2655 per

260 2663 332 2700 pter
376 2664 553 2699 utramque
592 2658 707 2700 pulcra
746 2657 888 2691 iudicari
956 2668 1084 2700 poenes
1097 2658 1192 2691 vitiis
1205 2657 1377 2697 liberetur,
1400 2657 1512 2690 minus
1527 2658 1590 2689 mi·
