1722 2964
497 103 912 154 PROTAGORAS.
951 103 994 140 P.
1017 106 1094 141 355.
1124 103 1205 141 ST.
1481 99 1562 143 159

139 219 242 278 κόν,
285 218 310 266 ὃ
350 218 410 279 μὴ
452 223 515 273 εἰς
553 220 691 265 ταῦτα
730 220 935 278 τελευτᾷ,
976 215 1025 263 τὸ
1055 215 1164 276 μετὰ
1194 218 1323 262 τοῦτο
1363 214 1558 263 ἀκούετε.

138 290 252 347 φημὶ
286 287 370 347 γὰρ
403 285 513 346 ὑμῖν
541 285 700 333 τούτου
737 284 876 339 οὕτως
908 290 1083 344 ἔχοντος
1115 290 1291 343 γελοῖον
1320 283 1398 329 τὸν
1429 282 1563 342 λόγον

137 362 399 435 γίγνεσθαι,
433 353 541 400 ὅταν
563 355 733 435 λέγητε,
758 352 825 399 ὅτι
849 352 1060 406 πολλάκις
1084 350 1348 411 γιγνώσκων
1370 350 1424 397 τὰ
1448 351 1561 397 κακὰ

136 422 376 483 ἅνθρωπος
411 421 477 468 ὅτι
509 421 621 468 κακά
653 424 794 479 ἐστιν,
837 419 953 480 ὅμως
985 439 1164 480 πραττει
1194 418 1328 478 αὐτά,
1372 418 1470 474 ἐξὸν
1501 417 1562 479 μὴ

136 490 366 551 πράττειν,
399 487 486 536 ὑπὸ
517 493 606 536 τῶν
635 488 812 548 ἡδονων
843 488 1056 548 ἀγόμενος
1089 490 1162 534 καὶ
1195 486 1560 547 ἐκπληττόμενος·

135 560 210 605 καὶ
235 552 367 612 αὖθις
400 552 457 603 αὖ
482 559 650 616 λέγετε,
691 576 758 603 οτι
780 556 1044 616 γιγνώσκων
1067 555 1090 603 ὅ
1115 555 1355 616 ἅνθρωπος
1385 554 1562 614 τάγαθὰ

135 625 346 687 πράττειν
370 624 452 672 οὐκ
477 627 623 672 ἐθέλει
647 624 720 672 διὰ
744 624 819 679 τὰς
845 628 1110 685 παραχρῆμα
1134 623 1322 683 ἡδονάς,
1346 622 1435 670 ὑπὸ
1458 622 1564 670 τού-

134 714 225 741 των
247 692 507 753 ἡττώμενος.

240 783 346 844 Cap.
386 783 608 830 XXXVII.
669 782 744 838 Ὡς
778 783 826 830 δὲ
858 786 996 830 ταῦτα
1028 781 1178 842 γελοῖά
1211 785 1323 841 ἐστι,
1367 780 1563 841 κατάδη-

136 860 215 899 λον
240 859 383 911 ἔσται,
417 851 496 898 εὀὶν
518 851 578 911 μὴ
603 857 781 906 πολλοῖς
804 849 990 910 ὀνόμασι
1016 849 1226 911 χρώμεθα
1251 848 1358 911 ἄρα,
1391 848 1495 909 ἡδεῖ
1514 869 1563 896 τε

135 923 210 967 καὶ
242 920 413 982 ἀνιαρῷ
442 921 517 966 καὶ
540 918 696 982 ἀγαθῷ
729 921 803 965 καὶ
827 923 964 981 κακῷ,
989 916 1088 965 ἀλλ’
1125 917 1277 976 ἐπειδὴ
1303 916 1384 964 δύο
1418 915 1562 977 ἐφάνη

133 991 294 1046 ταῦτα,
327 992 457 1034 δυοῖν
481 990 554 1034 καὶ
584 986 772 1046 ὀνόμασι
795 986 1194 1047 προσαγορεύωμεν
1218 984 1353 1044 αὐτά,
1386 987 1563 1045 πρῶτον

135 1075 218 1115 μεν
249 1055 407 1117 ἀγαθῷ
441 1058 515 1101 καὶ
535 1059 680 1116 κακῷ,
725 1054 858 1101 ἔπειτ’
889 1056 1022 1108 αὖθις
1058 1053 1161 1113 ἡδεῖ
1189 1074 1237 1100 τε
1268 1055 1343 1100 καὶ
1375 1052 1559 1115 ἀνιαρῷ.

133 1126 318 1183 θέμενοι
342 1123 397 1181 δὴ
422 1122 536 1169 οὕτω
561 1125 779 1182 λέγωμεν,
811 1142 877 1169 οτι
901 1121 1163 1181 γιγνώσκων
1193 1121 1217 1168 ὁ
1242 1120 1483 1203 ἅνθρωπος
1508 1120 1562 1167 τὰ

135 1190 248 1237 κακὰ
272 1188 338 1237 ὅτι
362 1210 475 1236 κακα
501 1193 643 1249 ἐστιν,
678 1189 794 1249 ὅμως
819 1189 930 1237 αὐτὰ
954 1203 1081 1237 ποιεῖ.
1142 1189 1220 1237 ἐὰν
1243 1183 1327 1236 οὖν
1349 1209 1413 1243 τις
1448 1188 1562 1248 ἡμᾶς

136 1264 286 1318 ἔρηται
312 1258 386 1304 διὰ
409 1263 465 1314 τί,
490 1257 735 1318 ἡττώμενος
758 1257 971 1318 φήσομεν.
1014 1257 1120 1306 Ὑπὸ
1143 1260 1244 1314 τοῦ;
1271 1261 1437 1311 ἐκεῖνος
1463 1256 1562 1317 ε’ρή-

136 1342 260 1373 σεται
292 1326 425 1385 ἡμᾶς·
469 1325 577 1386 ἡμῖν
609 1327 657 1372 δὲ
687 1325 774 1372 ὑπὸ
806 1327 888 1385 μὲν
919 1325 1084 1386 ἡδονῆς
1115 1325 1265 1373 οὐκέτι
1298 1328 1466 1380 ἔξεστιν
1498 1329 1563 1372 εἰ-

135 1405 256 1440 πεῖν·
301 1392 408 1440 ἄλλο
442 1394 526 1455 γὰρ
567 1392 706 1454 ὄνομα
746 1400 1011 1454 μετείληφεν
1052 1393 1151 1441 ἀντὶ
1191 1397 1268 1453 τῆς
1308 1392 1473 1453 ἡδονῆς
1514 1392 1563 1439 τὸ

226 1558 493 1593 γιγνωσκων
524 1544 578 1582 τὰ
610 1545 729 1583 κακοὶ
761 1545 1052 1599 ἄνθρωπος]
1069 1549 1264 1582 Bekkerus
1288 1550 1369 1582 sine
1386 1548 1563 1582 librorum

136 1594 311 1636 suffragio
335 1595 484 1637 scripsit
505 1590 524 1628 ὃ
542 1587 750 1648 ανθρωπος
773 1599 810 1628 et
827 1595 1010 1638 Sauppius
1034 1587 1259 1647 ἅνθρωπος,
1284 1596 1498 1638 propterea,
1520 1596 1562 1627 ut

133 1638 297 1680 videtur,
322 1640 444 1681 quod·
435 1650 472 1672 m
489 1640 665 1682 proximis
682 1640 862 1673 articulus
878 1640 1017 1672 nomini
1034 1640 1293 1683 praemittitur.
1328 1639 1401 1673 Sed
1418 1642 1475 1673 est
1490 1640 1562 1672 hoc

133 1694 267 1716 nomen
290 1685 329 1716 in
351 1695 500 1717 numero
525 1695 667 1727 eorum,
692 1694 806 1727 quae,
833 1685 977 1728 quando
995 1696 1067 1718 non
1090 1685 1135 1718 de
1155 1688 1254 1718 certo
1273 1685 1429 1727 quodam
1448 1687 1560 1727 atque

134 1739 224 1768 uno,
243 1729 307 1762 sed
324 1729 368 1762 de
386 1740 521 1772 genere
538 1730 576 1762 in
591 1731 803 1763 universum
820 1731 1008 1770 dicuntur,
1035 1730 1193 1763 articulo
1211 1741 1338 1763 carere
1355 1732 1458 1763 recte
1474 1739 1560 1780 Ροε-

134 1753 232 1808 sunt’.
266 1785 300 1807 v
326 1774 372 1806 ad
395 1773 533 1809 Criton.
556 1786 598 1827 p.
612 1775 711 1808 51A.
750 1775 859 1818 Itap.
878 1776 1014 1809 3211)·
1040 1775 1185 1818 σοφίαν
1207 1769 1416 1819 ανθρωπος
1439 1769 1562 1819 ταύτῃ

135 1815 238 1871 ἔσχε,
272 1819 337 1851 ubi
360 1821 549 1861 quominus
572 1813 779 1873 ἅνθρωπος
805 1821 965 1861 scribas,
998 1821 1194 1863 prohibent
1215 1821 1383 1863 proxima
1400 1823 1492 1855 sect.
1507 1820 1560 1852 E:

133 1859 206 1907 τὴν
222 1862 290 1906 τῆς
302 1858 466 1907 Ἀθηνᾶς
483 1863 644 1899 δίδωσιν
666 1860 878 1920 ἀνθρώπῳ,
911 1866 975 1898 ubi
997 1877 1103 1899 nemo
1126 1864 1178 1911 τῷ
1202 1866 1412 1903 intruserit,
1446 1875 1562 1908 quan-

135 1919 243 1951 quam
259 1919 294 1951 p.
312 1910 377 1942 322
391 1909 422 1941 A
438 1909 612 1952 legimus.
630 1905 764 1955 ἐπειδὴ
783 1906 859 1945 δὲ’
843 1922 862 1944 ο
881 1904 1099 1964 ἅνθρωπος
1104 1900 1219 1949 θείας
1236 1908 1391 1954 μετέσχε
1408 1910 1560 1953 μοίρας.

134 1953 227 1986 Ibid.
277 1955 375 1987 ,322
401 1954 446 1986 C:
487 1953 575 1998 δοίη
587 1954 720 2006 δίκην
741 1952 808 1989 καὶ
835 1953 934 1990 αἰδῶ
966 1951 1207 2008 ανθρωποις,
1240 1957 1303 1989 ubi
1326 1955 1453 1998 paullo
1476 1957 1562 2009 post

135 1965 273 2050 δίκηνΡ
274 1977 323 2042 δὴ
347 1997 414 2032 καὶ
437 1996 536 2033 αἰδῶ
559 1993 657 2034 ου’τω
680 2000 741 2034 θῶ
765 1995 806 2035 ἐν
823 2004 902 2040 τοῖς
925 1995 1158 2044 ἀνθρώποις.
1207 2002 1249 2035 P.
1274 2002 1340 2034 355
1362 2002 1413 2034 E:
1447 2002 1561 2045 λεγω-

134 2053 223 2086 μεν,
249 2055 309 2077 οτι
334 2037 541 2087 ανθρωπος
562 2041 732 2088 πράττει.
781 2046 822 2080 Ρ.
841 2047 906 2080 356
923 2046 972 2084 Ε,
996 2048 1061 2080 ubi
1083 2057 1120 2081 v.
1145 2049 1268 2079 annot.
1315 2047 1372 2079 De
1395 2046 1487 2089 Rep.
1511 2047 1559 2079 X.

134 2099 171 2131 p.
187 2089 252 2122 603
271 2088 315 2121 Ο.
331 2090 454 2122 619Β.
472 2090 578 2133 Apol.
594 2102 628 2143 p.
646 2093 689 2124 39
708 2091 749 2125 C.
767 2091 887 2135 Symp.
906 2102 940 2134 p
960 2092 1084 2126 206Α.
1099 2091 1288 2134 Politic.p
1291 2093 1382 2125 ,271
1400 2092 1443 2127 Ε.
1461 2091 1511 2125 al.

226 2134 268 2167 B.
300 2131 378 2167 καὶ
402 2125 546 2174 αὖθις
569 2146 625 2169 αν
650 2133 829 2181 λέγετε]
855 2136 1089 2170 Heindorfius
1107 2138 1266 2170 correxit
1265 2103 1438 2181 Ρλέγητε,
1463 2135 1560 2178 quod

135 2177 330 2211 Bekkerus
347 2179 477 2212 invitis
493 2181 597 2213 libris
614 2182 768 2232 recepit.
794 2193 827 2215 v.
846 2186 970 2216 annot.

228 2223 319 2266 Cap.
335 2224 522 2259 XXXVII.
555 2220 752 2269 ὀνόμασι
770 2222 1188 2279 προσαγορεύωμεν
1212 2222 1354 2280 αντα]
1380 2225 1560 2259 Permulti

137 2267 242 2302 codd.
267 2278 348 2300 cum
370 2270 451 2301 Ald.
478 2274 515 2303 et
535 2271 640 2304 Bass.
664 2268 1014 2316 προσαγορεύομεν,
1040 2276 1077 2305 et
1099 2283 1182 2305 mox
1206 2270 1375 2316 λέγομεν.
1423 2272 1559 2304 Veram

135 2313 363 2346 lectionem
354 2324 426 2346 iam
444 2314 653 2358 Stephanus
669 2318 842 2352 restituit.

137 2422 220 2467 δέν
243 2418 375 2477 αλλρ]
401 2426 624 2460 Demosth
647 2429 703 2462 De
728 2429 810 2462 Gor.
879 2431 1057 2472 Alioquin
1080 2431 1194 2463 scribi
1222 2430 1383 2464 debebat
1410 2427 1557 2474 λέγητε,

135 2481 171 2513 p.
189 2472 272 2503 319:
298 2465 368 2503 οὐκ
391 2465 630 2515 αδικήματος
652 2468 812 2514 οὐδενὸς
882 2476 979 2518 quod
1016 2475 1160 2519 placuit
1190 2476 1484 2514 Heindorfio‚
1521 2477 1560 2508 et

137 2514 272 2558 λαβεῖν
295 2516 490 2559 τιμωριᾞαν
531 2518 695 2570 Xenoph.
713 2519 811 2552 Ana·
880 2522 988 2554 unice
1006 2522 1183 2563 probatur
1198 2521 1338 2555 Astio.

136 2558 553 2614 ωε.11,3,10;είμὴ
577 2556 668 2597 ἄλλο
691 2560 813 2608 μηδὲν
929 2566 1020 2617 Cap.
1058 2566 1244 2601 XXXVII.
1299 2561 1378 2600 εἀν
1416 2559 1507 2617 μὴ
1517 2583 1560 2588 -

138 2600 273 2648 ἔχοιμι.
292 2606 412 2640 Stallb.
883 2606 1098 2655 χρώμεθα
1130 2605 1238 2655 αρα]
1275 2611 1459 2644 Observes
1483 2602 1560 2653 ἄρα

183 2650 224 2684 Β.
264 2649 344 2684 καὶ
377 2642 524 2691 αὖθις
563 2644 620 2686 αὖ
653 2651 811 2699 λέγετε
880 2658 934 2689 ita
957 2658 1220 2699 postpositum,
1256 2658 1359 2689 euius
1390 2654 1559 2698 exempla

139 2691 196 2736 —]
229 2694 418 2729 Adduntur
440 2698 534 2730 haec
562 2700 812 2742 superioribus
881 2702 1067 2744 congessit
1087 2702 1322 2735 Heindorf.
1348 2701 1394 2734 ad
1418 2701 1453 2735 h.
1470 2700 1496 2735 1.
1521 2702 1561 2732 et

138 2748 205 2780 per
227 2743 493 2784 anacoluthon,
519 2743 632 2786 quod,
654 2748 696 2777 ut
716 2746 810 2779 bene
881 2747 927 2779 ad
945 2747 1057 2801 Gorg.
1076 2758 1112 2790 p.
1131 2749 1196 2780 519
1214 2748 1254 2781 B.

139 2787 263 2817 monet
285 2785 511 2829 Stallbaum,
537 2790 811 2823 exeusationem
926 2791 964 2823 C.
994 2787 1272 2846 ηττώμενος
1321 2786 1555 2834 φήσομεν]

139 2827 253 2862 habet
281 2832 328 2864 ab
360 2834 525 2868 oratione
554 2835 816 2869 concitatiore.
877 2837 925 2872 Η.
945 2848 974 2871 e.
991 2849 1050 2872 οτι
1067 2833 1239 2882 ἡττᾶται.

1586 510 1616 542 Β
