<?xml version="1.0" encoding="UTF-8"?>
<!DOCTYPE html PUBLIC "-//W3C//DTD XHTML 1.0 Transitional//EN"
    "http://www.w3.org/TR/xhtml1/DTD/xhtml1-transitional.dtd">
<html xmlns="http://www.w3.org/1999/xhtml" xml:lang="en" lang="en">
 <head>
  <title>
</title>
<meta http-equiv="Content-Type" content="text/html;charset=utf-8" />
  <meta name='ocr-system' content='tesseract 3.04.00' />
  <meta name='ocr-capabilities' content='ocr_page ocr_carea ocr_par ocr_line ocrx_word'/>
</head>
<body>
  <div class='ocr_page' id='page_1' title='image "./operaomniarecens02platuoft/operaomniarecens02platuoft_0027.png"; bbox 0 0 1682 2944; ppageno 0'>
   <div class='ocr_carea' id='block_1_1' title="bbox 489 270 1491 312">
    <p class='ocr_par' dir='ltr' id='par_1_1' title="bbox 489 270 1491 312">
     <span class='ocr_line' id='line_1_1' title="bbox 489 270 1491 312; baseline -0.004 0"><span class='ocrx_word' id='word_1_1' title='bbox 489 273 562 312; x_wconf 88' lang='lat' dir='ltr'><strong>AD</strong></span> <span class='ocrx_word' id='word_1_2' title='bbox 591 270 836 311; x_wconf 79' lang='lat' dir='ltr'><strong>GORGIAM</strong></span> <span class='ocrx_word' id='word_1_3' title='bbox 866 271 1137 309; x_wconf 82' lang='lat' dir='ltr'><strong>PLATONIS.</strong></span> <span class='ocrx_word' id='word_1_4' title='bbox 1441 274 1491 308; x_wconf 85' lang='lat'><strong>21</strong></span> 
     </span>
    </p>
   </div>
   <div class='ocr_carea' id='block_1_2' title="bbox 140 383 1499 1680">
    <p class='ocr_par' dir='ltr' id='par_1_2' title="bbox 143 383 1499 492">
     <span class='ocr_line' id='line_1_2' title="bbox 143 383 1499 436; baseline -0.003 -11"><span class='ocrx_word' id='word_1_5' title='bbox 143 387 246 425; x_wconf 88' lang='lat' dir='ltr'><strong>unde</strong></span> <span class='ocrx_word' id='word_1_6' title='bbox 276 393 316 424; x_wconf 82' lang='lat' dir='ltr'><strong>et</strong></span> <span class='ocrx_word' id='word_1_7' title='bbox 343 386 428 425; x_wconf 85' lang='lat' dir='ltr'><strong>aliis</strong></span> <span class='ocrx_word' id='word_1_8' title='bbox 462 398 595 436; x_wconf 83' lang='lat' dir='ltr'><strong>sapere</strong></span> <span class='ocrx_word' id='word_1_9' title='bbox 621 385 814 424; x_wconf 82' lang='lat' dir='ltr'>videberis</span> <span class='ocrx_word' id='word_1_10' title='bbox 841 387 880 423; x_wconf 91' lang='lat' dir='ltr'><strong>et</strong></span> <span class='ocrx_word' id='word_1_11' title='bbox 908 384 1096 435; x_wconf 86' lang='lat' dir='ltr'>percipies</span> <span class='ocrx_word' id='word_1_12' title='bbox 1120 383 1302 423; x_wconf 77' lang='lat' dir='ltr'><strong>utilitatis</strong></span> <span class='ocrx_word' id='word_1_13' title='bbox 1328 385 1499 422; x_wconf 86' lang='lat' dir='ltr'><strong>fructum</strong></span> 
     </span>
     <span class='ocr_line' id='line_1_3' title="bbox 143 441 959 492; baseline -0.004 -11"><span class='ocrx_word' id='word_1_14' title='bbox 143 443 411 492; x_wconf 88' lang='lat' dir='ltr'><strong>largissimum.</strong></span> <span class='ocrx_word' id='word_1_15' title='bbox 441 443 484 480; x_wconf 88' lang='lat' dir='ltr'><strong>P.</strong></span> <span class='ocrx_word' id='word_1_16' title='bbox 515 445 608 480; x_wconf 83' lang='lat'><strong>482.</strong></span> <span class='ocrx_word' id='word_1_17' title='bbox 638 443 680 480; x_wconf 93' lang='lat' dir='ltr'><strong>B.</strong></span> <span class='ocrx_word' id='word_1_18' title='bbox 710 463 766 469; x_wconf 92' lang='lat'><strong>-—</strong></span> <span class='ocrx_word' id='word_1_19' title='bbox 796 444 888 479; x_wconf 87' lang='lat'>486.</span> <span class='ocrx_word' id='word_1_20' title='bbox 919 441 959 479; x_wconf 89' lang='lat' dir='ltr'><strong>C.</strong></span> 
     </span>
    </p>

    <p class='ocr_par' dir='ltr' id='par_1_3' title="bbox 140 497 1499 1680">
     <span class='ocr_line' id='line_1_4' title="bbox 228 497 1496 551; baseline -0.003 -13"><span class='ocrx_word' id='word_1_21' title='bbox 228 501 336 538; x_wconf 87' lang='lat' dir='ltr'><strong>Haec</strong></span> <span class='ocrx_word' id='word_1_22' title='bbox 364 502 568 551; x_wconf 83' lang='lat' dir='ltr'><strong>postquam</strong></span> <span class='ocrx_word' id='word_1_23' title='bbox 586 499 761 537; x_wconf 75' lang='lat' dir='ltr'><strong>Callicles</strong></span> <span class='ocrx_word' id='word_1_24' title='bbox 789 497 994 548; x_wconf 85' lang='lat' dir='ltr'><strong>peroravit,</strong></span> <span class='ocrx_word' id='word_1_25' title='bbox 1025 497 1200 536; x_wconf 80' lang='lat' dir='ltr'><strong>Socrates</strong></span> <span class='ocrx_word' id='word_1_26' title='bbox 1219 497 1400 536; x_wconf 89' lang='lat' dir='ltr'><strong>simulata</strong></span> <span class='ocrx_word' id='word_1_27' title='bbox 1427 509 1496 547; x_wconf 88' lang='lat' dir='ltr'><strong>pro</strong></span> 
     </span>
     <span class='ocr_line' id='line_1_5' title="bbox 142 553 1499 604; baseline -0.001 -10"><span class='ocrx_word' id='word_1_28' title='bbox 142 570 248 594; x_wconf 89' lang='lat' dir='ltr'><strong>more</strong></span> <span class='ocrx_word' id='word_1_29' title='bbox 276 570 345 594; x_wconf 90' lang='lat' dir='ltr'><strong>suo</strong></span> <span class='ocrx_word' id='word_1_30' title='bbox 373 555 577 594; x_wconf 80' lang='lat' dir='ltr'><strong>inscientia</strong></span> <span class='ocrx_word' id='word_1_31' title='bbox 613 556 763 593; x_wconf 90' lang='lat' dir='ltr'><strong>urbana</strong></span> <span class='ocrx_word' id='word_1_32' title='bbox 802 567 890 592; x_wconf 88' lang='lat' dir='ltr'><strong>cum</strong></span> <span class='ocrx_word' id='word_1_33' title='bbox 925 554 1103 592; x_wconf 82' lang='lat' dir='ltr'><strong>irrisione</strong></span> <span class='ocrx_word' id='word_1_34' title='bbox 1140 555 1189 592; x_wconf 88' lang='lat' dir='ltr'><strong>ab</strong></span> <span class='ocrx_word' id='word_1_35' title='bbox 1220 567 1265 592; x_wconf 92' lang='lat' dir='ltr'><strong>eo</strong></span> <span class='ocrx_word' id='word_1_36' title='bbox 1293 553 1411 604; x_wconf 89' lang='lat' dir='ltr'><strong>petit,</strong></span> <span class='ocrx_word' id='word_1_37' title='bbox 1452 556 1499 592; x_wconf 79' lang='lat' dir='ltr'><strong>ut</strong></span> 
     </span>
     <span class='ocr_line' id='line_1_6' title="bbox 144 610 1498 664; baseline -0.002 -14"><span class='ocrx_word' id='word_1_38' title='bbox 144 613 237 664; x_wconf 90' lang='lat' dir='ltr'><strong>quid</strong></span> <span class='ocrx_word' id='word_1_39' title='bbox 263 612 360 650; x_wconf 91' lang='lat' dir='ltr'><strong>illud</strong></span> <span class='ocrx_word' id='word_1_40' title='bbox 389 612 451 659; x_wconf 90' lang='lat' dir='ltr'><strong>sit,</strong></span> <span class='ocrx_word' id='word_1_41' title='bbox 480 612 543 650; x_wconf 91' lang='lat' dir='ltr'><strong>cui</strong></span> <span class='ocrx_word' id='word_1_42' title='bbox 571 612 725 650; x_wconf 90' lang='lat' dir='ltr'><strong>studere</strong></span> <span class='ocrx_word' id='word_1_43' title='bbox 754 611 911 657; x_wconf 88' lang='lat' dir='ltr'><strong>debeat,</strong></span> <span class='ocrx_word' id='word_1_44' title='bbox 951 614 990 649; x_wconf 89' lang='lat' dir='ltr'><strong>et</strong></span> <span class='ocrx_word' id='word_1_45' title='bbox 1018 624 1096 662; x_wconf 89' lang='lat' dir='ltr'><strong>qua</strong></span> <span class='ocrx_word' id='word_1_46' title='bbox 1122 610 1271 649; x_wconf 90' lang='lat' dir='ltr'><strong>ratione</strong></span> <span class='ocrx_word' id='word_1_47' title='bbox 1300 611 1341 648; x_wconf 91' lang='lat' dir='ltr'><strong>id</strong></span> <span class='ocrx_word' id='word_1_48' title='bbox 1369 610 1498 662; x_wconf 84' lang='lat' dir='ltr'><strong>ipsum</strong></span> 
     </span>
     <span class='ocr_line' id='line_1_7' title="bbox 142 667 1497 715; baseline -0.001 -8"><span class='ocrx_word' id='word_1_49' title='bbox 142 669 193 708; x_wconf 87' lang='lat' dir='ltr'><strong>sit</strong></span> <span class='ocrx_word' id='word_1_50' title='bbox 221 672 478 715; x_wconf 86' lang='lat' dir='ltr'><strong>assecuturus,</strong></span> <span class='ocrx_word' id='word_1_51' title='bbox 507 669 664 706; x_wconf 87' lang='lat' dir='ltr'><strong>edocere</strong></span> <span class='ocrx_word' id='word_1_52' title='bbox 693 668 800 706; x_wconf 85' lang='lat' dir='ltr'><strong>velit.</strong></span> <span class='ocrx_word' id='word_1_53' title='bbox 842 669 946 705; x_wconf 88' lang='lat' dir='ltr'><strong>Ante</strong></span> <span class='ocrx_word' id='word_1_54' title='bbox 967 667 1095 705; x_wconf 87' lang='lat' dir='ltr'><strong>omnia</strong></span> <span class='ocrx_word' id='word_1_55' title='bbox 1123 680 1216 705; x_wconf 81' lang='lat' dir='ltr'><strong>vero</strong></span> <span class='ocrx_word' id='word_1_56' title='bbox 1245 667 1379 705; x_wconf 89' lang='lat' dir='ltr'><strong>audire</strong></span> <span class='ocrx_word' id='word_1_57' title='bbox 1397 667 1497 713; x_wconf 83' lang='lat' dir='ltr'><strong>vult,</strong></span> 
     </span>
     <span class='ocr_line' id='line_1_8' title="bbox 142 723 1496 777; baseline -0.001 -14"><span class='ocrx_word' id='word_1_58' title='bbox 142 726 331 777; x_wconf 92' lang='lat' dir='ltr'><strong>quomodo</strong></span> <span class='ocrx_word' id='word_1_59' title='bbox 359 725 455 763; x_wconf 90' lang='lat' dir='ltr'><strong>illud</strong></span> <span class='ocrx_word' id='word_1_60' title='bbox 483 725 535 764; x_wconf 90' lang='lat' dir='ltr'><strong>sit</strong></span> <span class='ocrx_word' id='word_1_61' title='bbox 561 725 874 773; x_wconf 84' lang='lat' dir='ltr'><strong>intelligendum,</strong></span> <span class='ocrx_word' id='word_1_62' title='bbox 905 725 1008 775; x_wconf 92' lang='lat' dir='ltr'><strong>quod</strong></span> <span class='ocrx_word' id='word_1_63' title='bbox 1038 724 1191 762; x_wconf 81' lang='lat' dir='ltr'><strong>dixerat</strong></span> <span class='ocrx_word' id='word_1_64' title='bbox 1218 723 1407 770; x_wconf 84' lang='lat' dir='ltr'><strong>Callicles,</strong></span> <span class='ocrx_word' id='word_1_65' title='bbox 1437 736 1496 761; x_wconf 90' lang='lat' dir='ltr'><strong>se-</strong></span> 
     </span>
     <span class='ocr_line' id='line_1_9' title="bbox 142 777 1497 833; baseline -0.002 -13"><span class='ocrx_word' id='word_1_66' title='bbox 142 783 310 820; x_wconf 86' lang='lat' dir='ltr'><strong>cundum</strong></span> <span class='ocrx_word' id='word_1_67' title='bbox 338 785 517 820; x_wconf 87' lang='lat' dir='ltr'><strong>naturam</strong></span> <span class='ocrx_word' id='word_1_68' title='bbox 546 779 664 830; x_wconf 78' lang='grc' dir='ltr'><strong>(κατὰ</strong></span> <span class='ocrx_word' id='word_1_69' title='bbox 692 777 829 833; x_wconf 70' lang='grc' dir='ltr'>φύσιν)</span> <span class='ocrx_word' id='word_1_70' title='bbox 858 780 1055 818; x_wconf 90' lang='lat' dir='ltr'><strong>meliorem</strong></span> <span class='ocrx_word' id='word_1_71' title='bbox 1082 780 1271 830; x_wconf 88' lang='lat' dir='ltr'><strong>imperare</strong></span> <span class='ocrx_word' id='word_1_72' title='bbox 1300 779 1497 830; x_wconf 90' lang='lat' dir='ltr'><strong>peioribus</strong></span> 
     </span>
     <span class='ocr_line' id='line_1_10' title="bbox 141 836 1495 890; baseline -0.003 -13"><span class='ocrx_word' id='word_1_73' title='bbox 141 843 259 890; x_wconf 90' lang='lat' dir='ltr'><strong>atque</strong></span> <span class='ocrx_word' id='word_1_74' title='bbox 288 839 374 889; x_wconf 93' lang='lat' dir='ltr'><strong>plus</strong></span> <span class='ocrx_word' id='word_1_75' title='bbox 402 838 499 876; x_wconf 88' lang='lat' dir='ltr'><strong>iuris</strong></span> <span class='ocrx_word' id='word_1_76' title='bbox 535 838 678 876; x_wconf 88' lang='lat' dir='ltr'><strong>habere</strong></span> <span class='ocrx_word' id='word_1_77' title='bbox 716 837 1036 888; x_wconf 85' lang='lat' dir='ltr'><strong>praestantiorem</strong></span> <span class='ocrx_word' id='word_1_78' title='bbox 1063 837 1211 876; x_wconf 76' lang='lat' dir='ltr'><strong>viliore.</strong></span> <span class='ocrx_word' id='word_1_79' title='bbox 1251 838 1293 875; x_wconf 88' lang='lat' dir='ltr'><strong>P.</strong></span> <span class='ocrx_word' id='word_1_80' title='bbox 1326 840 1418 874; x_wconf 87' lang='lat'><strong>486.</strong></span> <span class='ocrx_word' id='word_1_81' title='bbox 1447 836 1495 874; x_wconf 93' lang='lat' dir='ltr'><strong>D.</strong></span> 
     </span>
     <span class='ocr_line' id='line_1_11' title="bbox 141 892 1498 944; baseline -0.001 -11"><span class='ocrx_word' id='word_1_82' title='bbox 141 917 198 923; x_wconf 93' lang='lat'><strong>—-</strong></span> <span class='ocrx_word' id='word_1_83' title='bbox 227 899 320 934; x_wconf 86' lang='lat'><strong>488.</strong></span> <span class='ocrx_word' id='word_1_84' title='bbox 350 896 392 933; x_wconf 90' lang='grc' dir='ltr'><strong>Β.</strong></span> <span class='ocrx_word' id='word_1_85' title='bbox 442 895 569 944; x_wconf 87' lang='lat' dir='ltr'><strong>Rogat</strong></span> <span class='ocrx_word' id='word_1_86' title='bbox 596 895 726 944; x_wconf 88' lang='lat' dir='ltr'><strong>igitur,</strong></span> <span class='ocrx_word' id='word_1_87' title='bbox 756 907 851 932; x_wconf 90' lang='lat' dir='ltr'><strong>num</strong></span> <span class='ocrx_word' id='word_1_88' title='bbox 881 894 1078 932; x_wconf 90' lang='lat' dir='ltr'><strong>meliorem</strong></span> <span class='ocrx_word' id='word_1_89' title='bbox 1111 897 1151 932; x_wconf 90' lang='lat' dir='ltr'><strong>et</strong></span> <span class='ocrx_word' id='word_1_90' title='bbox 1177 892 1498 944; x_wconf 85' lang='lat' dir='ltr'><strong>praestantiorem</strong></span> 
     </span>
     <span class='ocr_line' id='line_1_12' title="bbox 142 950 1497 1000; baseline -0.001 -11"><span class='ocrx_word' id='word_1_91' title='bbox 142 952 307 1000; x_wconf 85' lang='lat' dir='ltr'><strong>intelligi</strong></span> <span class='ocrx_word' id='word_1_92' title='bbox 336 951 503 991; x_wconf 87' lang='lat' dir='ltr'><strong>voluerit</strong></span> <span class='ocrx_word' id='word_1_93' title='bbox 530 951 848 996; x_wconf 77' lang='lat' dir='ltr'><strong>validiorem.</strong></span> <span class='ocrx_word' id='word_1_94' title='bbox 888 950 1070 989; x_wconf 84' lang='lat' dir='ltr'><strong>Affirmat</strong></span> <span class='ocrx_word' id='word_1_95' title='bbox 1099 950 1172 988; x_wconf 89' lang='lat' dir='ltr'><strong>hoc</strong></span> <span class='ocrx_word' id='word_1_96' title='bbox 1191 950 1378 989; x_wconf 85' lang='lat' dir='ltr'><strong>Callicles.</strong></span> <span class='ocrx_word' id='word_1_97' title='bbox 1421 950 1497 987; x_wconf 86' lang='lat' dir='ltr'><strong>Sed</strong></span> 
     </span>
     <span class='ocr_line' id='line_1_13' title="bbox 140 1006 1497 1057; baseline -0.002 -11"><span class='ocrx_word' id='word_1_98' title='bbox 140 1008 250 1047; x_wconf 88' lang='lat' dir='ltr'><strong>brevi</strong></span> <span class='ocrx_word' id='word_1_99' title='bbox 279 1009 327 1046; x_wconf 89' lang='lat' dir='ltr'><strong>ad</strong></span> <span class='ocrx_word' id='word_1_100' title='bbox 357 1009 566 1047; x_wconf 88' lang='lat' dir='ltr'><strong>absurdum</strong></span> <span class='ocrx_word' id='word_1_101' title='bbox 604 1009 812 1055; x_wconf 83' lang='lat' dir='ltr'><strong>deductus,</strong></span> <span class='ocrx_word' id='word_1_102' title='bbox 850 1011 1002 1046; x_wconf 85' lang='lat' dir='ltr'><strong>mutata</strong></span> <span class='ocrx_word' id='word_1_103' title='bbox 1030 1007 1243 1053; x_wconf 88' lang='lat' dir='ltr'><strong>sententia,</strong></span> <span class='ocrx_word' id='word_1_104' title='bbox 1283 1006 1497 1057; x_wconf 88' lang='lat' dir='ltr'><strong>pruden-</strong></span> 
     </span>
     <span class='ocr_line' id='line_1_14' title="bbox 140 1063 1495 1115; baseline -0.002 -12"><span class='ocrx_word' id='word_1_105' title='bbox 140 1065 302 1103; x_wconf 87' lang='lat' dir='ltr'><strong>tiores</strong></span> <span class='ocrx_word' id='word_1_106' title='bbox 340 1065 433 1103; x_wconf 90' lang='lat' dir='ltr'><strong>dicit</strong></span> <span class='ocrx_word' id='word_1_107' title='bbox 466 1065 662 1112; x_wconf 86' lang='lat' dir='ltr'><strong>meliores,</strong></span> <span class='ocrx_word' id='word_1_108' title='bbox 701 1078 796 1115; x_wconf 91' lang='lat' dir='ltr'><strong>quos</strong></span> <span class='ocrx_word' id='word_1_109' title='bbox 827 1064 882 1102; x_wconf 88' lang='lat' dir='ltr'><strong>ait</strong></span> <span class='ocrx_word' id='word_1_110' title='bbox 910 1067 1072 1102; x_wconf 85' lang='lat' dir='ltr'><strong>naturae</strong></span> <span class='ocrx_word' id='word_1_111' title='bbox 1101 1063 1184 1101; x_wconf 87' lang='lat' dir='ltr'><strong>iure</strong></span> <span class='ocrx_word' id='word_1_112' title='bbox 1213 1063 1419 1113; x_wconf 88' lang='lat' dir='ltr'><strong>imperium</strong></span> <span class='ocrx_word' id='word_1_113' title='bbox 1455 1063 1495 1100; x_wconf 90' lang='lat' dir='ltr'><strong>in</strong></span> 
     </span>
     <span class='ocr_line' id='line_1_15' title="bbox 141 1119 1497 1172; baseline 0 -14"><span class='ocrx_word' id='word_1_114' title='bbox 141 1121 350 1160; x_wconf 85' lang='lat' dir='ltr'><strong>deteriores</strong></span> <span class='ocrx_word' id='word_1_115' title='bbox 378 1134 567 1159; x_wconf 88' lang='lat' dir='ltr'><strong>exercere.</strong></span> <span class='ocrx_word' id='word_1_116' title='bbox 608 1121 683 1159; x_wconf 86' lang='lat' dir='ltr'><strong>Sed</strong></span> <span class='ocrx_word' id='word_1_117' title='bbox 702 1121 766 1159; x_wconf 92' lang='lat' dir='ltr'><strong>hic</strong></span> <span class='ocrx_word' id='word_1_118' title='bbox 794 1134 948 1172; x_wconf 89' lang='lat' dir='ltr'><strong>quoque</strong></span> <span class='ocrx_word' id='word_1_119' title='bbox 979 1120 1158 1170; x_wconf 88' lang='lat' dir='ltr'><strong>captiosis</strong></span> <span class='ocrx_word' id='word_1_120' title='bbox 1181 1120 1349 1158; x_wconf 86' lang='lat' dir='ltr'><strong>Socratis</strong></span> <span class='ocrx_word' id='word_1_121' title='bbox 1378 1119 1497 1158; x_wconf 87' lang='lat' dir='ltr'><strong>inter-</strong></span> 
     </span>
     <span class='ocr_line' id='line_1_16' title="bbox 140 1176 1497 1228; baseline -0.001 -13"><span class='ocrx_word' id='word_1_122' title='bbox 140 1178 415 1228; x_wconf 84' lang='lat' dir='ltr'><strong>rogatiunculis</strong></span> <span class='ocrx_word' id='word_1_123' title='bbox 445 1178 729 1216; x_wconf 87' lang='lat' dir='ltr'><strong>circumventus</strong></span> <span class='ocrx_word' id='word_1_124' title='bbox 767 1191 858 1215; x_wconf 85' lang='lat' dir='ltr'><strong>mox</strong></span> <span class='ocrx_word' id='word_1_125' title='bbox 884 1178 1032 1216; x_wconf 83' lang='lat' dir='ltr'><strong>fatetur</strong></span> <span class='ocrx_word' id='word_1_126' title='bbox 1069 1190 1109 1215; x_wconf 93' lang='lat' dir='ltr'><strong>se</strong></span> <span class='ocrx_word' id='word_1_127' title='bbox 1147 1177 1324 1215; x_wconf 89' lang='lat' dir='ltr'><strong>meliores</strong></span> <span class='ocrx_word' id='word_1_128' title='bbox 1352 1176 1497 1214; x_wconf 84' lang='lat' dir='ltr'><strong>dixisse</strong></span> 
     </span>
     <span class='ocr_line' id='line_1_17' title="bbox 143 1233 1498 1286; baseline -0.001 -14"><span class='ocrx_word' id='word_1_129' title='bbox 143 1248 227 1282; x_wconf 92' lang='lat' dir='ltr'><strong>eos,</strong></span> <span class='ocrx_word' id='word_1_130' title='bbox 267 1235 334 1286; x_wconf 91' lang='lat' dir='ltr'><strong>qui</strong></span> <span class='ocrx_word' id='word_1_131' title='bbox 371 1235 413 1272; x_wconf 90' lang='lat' dir='ltr'><strong>in</strong></span> <span class='ocrx_word' id='word_1_132' title='bbox 450 1236 600 1273; x_wconf 89' lang='lat' dir='ltr'><strong>rebus</strong></span> <span class='ocrx_word' id='word_1_133' title='bbox 638 1234 867 1284; x_wconf 90' lang='lat' dir='ltr'><strong>publicis</strong></span> <span class='ocrx_word' id='word_1_134' title='bbox 906 1234 1148 1283; x_wconf 85' lang='lat' dir='ltr'><strong>gerendis</strong></span> <span class='ocrx_word' id='word_1_135' title='bbox 1186 1235 1348 1272; x_wconf 86' lang='lat' dir='ltr'><strong>fortes</strong></span> <span class='ocrx_word' id='word_1_136' title='bbox 1390 1233 1498 1271; x_wconf 78' lang='lat' dir='ltr'><strong>sint</strong></span> 
     </span>
     <span class='ocr_line' id='line_1_18' title="bbox 143 1289 1497 1342; baseline -0.001 -14"><span class='ocrx_word' id='word_1_137' title='bbox 143 1304 196 1328; x_wconf 86' lang='lat' dir='ltr'><strong>ac</strong></span> <span class='ocrx_word' id='word_1_138' title='bbox 224 1291 523 1340; x_wconf 88' lang='lat' dir='ltr'><strong>prudentes,</strong></span> <span class='ocrx_word' id='word_1_139' title='bbox 554 1294 671 1342; x_wconf 92' lang='lat' dir='ltr'><strong>atque</strong></span> <span class='ocrx_word' id='word_1_140' title='bbox 701 1290 899 1329; x_wconf 87' lang='lat' dir='ltr'><strong>contendit</strong></span> <span class='ocrx_word' id='word_1_141' title='bbox 918 1293 1080 1328; x_wconf 88' lang='lat' dir='ltr'><strong>naturae</strong></span> <span class='ocrx_word' id='word_1_142' title='bbox 1109 1290 1170 1327; x_wconf 87' lang='lat' dir='ltr'><strong>ius</strong></span> <span class='ocrx_word' id='word_1_143' title='bbox 1198 1291 1270 1328; x_wconf 94' lang='lat' dir='ltr'><strong>hoc</strong></span> <span class='ocrx_word' id='word_1_144' title='bbox 1289 1289 1497 1340; x_wconf 87' lang='lat' dir='ltr'><strong>postulare,</strong></span> 
     </span>
     <span class='ocr_line' id='line_1_19' title="bbox 141 1346 1496 1398; baseline -0.001 -14"><span class='ocrx_word' id='word_1_145' title='bbox 141 1351 187 1385; x_wconf 91' lang='lat' dir='ltr'><strong>ut</strong></span> <span class='ocrx_word' id='word_1_146' title='bbox 214 1347 255 1384; x_wconf 80' lang='lat' dir='ltr'><strong>hi</strong></span> <span class='ocrx_word' id='word_1_147' title='bbox 287 1347 423 1386; x_wconf 89' lang='lat' dir='ltr'><strong>ceteris</strong></span> <span class='ocrx_word' id='word_1_148' title='bbox 462 1347 651 1397; x_wconf 89' lang='lat' dir='ltr'><strong>imperent</strong></span> <span class='ocrx_word' id='word_1_149' title='bbox 689 1347 852 1398; x_wconf 84' lang='lat' dir='ltr'><strong>aliisque</strong></span> <span class='ocrx_word' id='word_1_150' title='bbox 890 1346 978 1396; x_wconf 91' lang='lat' dir='ltr'><strong>plus</strong></span> <span class='ocrx_word' id='word_1_151' title='bbox 1015 1347 1196 1384; x_wconf 86' lang='lat' dir='ltr'><strong>habeant.</strong></span> <span class='ocrx_word' id='word_1_152' title='bbox 1254 1347 1297 1384; x_wconf 90' lang='lat' dir='ltr'><strong>P.</strong></span> <span class='ocrx_word' id='word_1_153' title='bbox 1330 1349 1422 1384; x_wconf 89' lang='lat'>488.</span> <span class='ocrx_word' id='word_1_154' title='bbox 1453 1346 1496 1383; x_wconf 92' lang='lat' dir='ltr'><strong>B.</strong></span> 
     </span>
     <span class='ocr_line' id='line_1_20' title="bbox 141 1402 1496 1455; baseline -0.001 -14"><span class='ocrx_word' id='word_1_155' title='bbox 141 1425 197 1430; x_wconf 89' lang='lat'>—</span> <span class='ocrx_word' id='word_1_156' title='bbox 226 1406 319 1441; x_wconf 88' lang='lat'>491.</span> <span class='ocrx_word' id='word_1_157' title='bbox 348 1404 395 1441; x_wconf 91' lang='lat' dir='ltr'><strong>D.</strong></span> <span class='ocrx_word' id='word_1_158' title='bbox 454 1402 562 1444; x_wconf 80' lang='lat' dir='ltr'><strong>Quae</strong></span> <span class='ocrx_word' id='word_1_159' title='bbox 589 1407 796 1455; x_wconf 84' lang='lat' dir='ltr'><strong>postquam</strong></span> <span class='ocrx_word' id='word_1_160' title='bbox 826 1403 1001 1441; x_wconf 85' lang='lat' dir='ltr'><strong>Socrates</strong></span> <span class='ocrx_word' id='word_1_161' title='bbox 1024 1403 1196 1449; x_wconf 78' lang='lat' dir='ltr'><strong>audivit,</strong></span> <span class='ocrx_word' id='word_1_162' title='bbox 1227 1402 1409 1440; x_wconf 89' lang='lat' dir='ltr'><strong>continuo</strong></span> <span class='ocrx_word' id='word_1_163' title='bbox 1438 1402 1496 1440; x_wconf 90' lang='lat' dir='ltr'><strong>in-</strong></span> 
     </span>
     <span class='ocr_line' id='line_1_21' title="bbox 141 1459 1497 1510; baseline 0 -13"><span class='ocrx_word' id='word_1_164' title='bbox 141 1460 330 1508; x_wconf 69' lang='lat' dir='ltr'><strong>terrogat,</strong></span> <span class='ocrx_word' id='word_1_165' title='bbox 367 1473 417 1497; x_wconf 88' lang='lat' dir='ltr'><strong>an</strong></span> <span class='ocrx_word' id='word_1_166' title='bbox 446 1473 524 1498; x_wconf 91' lang='lat' dir='ltr'><strong>non</strong></span> <span class='ocrx_word' id='word_1_167' title='bbox 552 1460 617 1498; x_wconf 90' lang='lat' dir='ltr'><strong>isti</strong></span> <span class='ocrx_word' id='word_1_168' title='bbox 646 1464 686 1498; x_wconf 89' lang='lat' dir='ltr'><strong>et</strong></span> <span class='ocrx_word' id='word_1_169' title='bbox 714 1460 786 1498; x_wconf 90' lang='lat' dir='ltr'><strong>sibi</strong></span> <span class='ocrx_word' id='word_1_170' title='bbox 816 1460 974 1510; x_wconf 90' lang='lat' dir='ltr'><strong>suisque</strong></span> <span class='ocrx_word' id='word_1_171' title='bbox 1002 1459 1279 1509; x_wconf 82' lang='lat' dir='ltr'><strong>cupiditatibus</strong></span> <span class='ocrx_word' id='word_1_172' title='bbox 1307 1459 1497 1509; x_wconf 90' lang='lat' dir='ltr'><strong>imperare</strong></span> 
     </span>
     <span class='ocr_line' id='line_1_22' title="bbox 141 1515 1497 1568; baseline -0.001 -14"><span class='ocrx_word' id='word_1_173' title='bbox 141 1529 185 1554; x_wconf 88' lang='lat' dir='ltr'><strong>ac</strong></span> <span class='ocrx_word' id='word_1_174' title='bbox 220 1519 479 1566; x_wconf 87' lang='lat' dir='ltr'><strong>temperantes</strong></span> <span class='ocrx_word' id='word_1_175' title='bbox 517 1530 601 1555; x_wconf 89' lang='lat' dir='ltr'><strong>esse</strong></span> <span class='ocrx_word' id='word_1_176' title='bbox 641 1517 816 1555; x_wconf 88' lang='lat' dir='ltr'><strong>debeant.</strong></span> <span class='ocrx_word' id='word_1_177' title='bbox 874 1517 938 1554; x_wconf 91' lang='lat' dir='ltr'><strong>Ad</strong></span> <span class='ocrx_word' id='word_1_178' title='bbox 977 1529 1093 1567; x_wconf 90' lang='lat' dir='ltr'><strong>quam</strong></span> <span class='ocrx_word' id='word_1_179' title='bbox 1128 1516 1395 1568; x_wconf 90' lang='lat' dir='ltr'><strong>quaestionem</strong></span> <span class='ocrx_word' id='word_1_180' title='bbox 1431 1515 1497 1553; x_wconf 92' lang='lat' dir='ltr'><strong>ille</strong></span> 
     </span>
     <span class='ocr_line' id='line_1_23' title="bbox 141 1572 1497 1623; baseline 0.001 -13"><span class='ocrx_word' id='word_1_181' title='bbox 141 1573 196 1610; x_wconf 91' lang='lat' dir='ltr'><strong>sic</strong></span> <span class='ocrx_word' id='word_1_182' title='bbox 224 1574 441 1622; x_wconf 88' lang='lat' dir='ltr'><strong>respondet,</strong></span> <span class='ocrx_word' id='word_1_183' title='bbox 471 1576 517 1611; x_wconf 90' lang='lat' dir='ltr'><strong>ut</strong></span> <span class='ocrx_word' id='word_1_184' title='bbox 543 1573 715 1623; x_wconf 89' lang='lat' dir='ltr'><strong>deposito</strong></span> <span class='ocrx_word' id='word_1_185' title='bbox 746 1572 849 1612; x_wconf 81' lang='lat' dir='ltr'><strong>omni</strong></span> <span class='ocrx_word' id='word_1_186' title='bbox 877 1573 1022 1623; x_wconf 87' lang='lat' dir='ltr'><strong>pudore</strong></span> <span class='ocrx_word' id='word_1_187' title='bbox 1052 1573 1222 1612; x_wconf 89' lang='lat' dir='ltr'><strong>cuiusvis</strong></span> <span class='ocrx_word' id='word_1_188' title='bbox 1242 1572 1497 1623; x_wconf 82' lang='lat' dir='ltr'><strong>turpitudinis</strong></span> 
     </span>
     <span class='ocr_line' id='line_1_24' title="bbox 141 1629 617 1680; baseline 0.002 -13"><span class='ocrx_word' id='word_1_189' title='bbox 141 1629 395 1679; x_wconf 84' lang='lat' dir='ltr'><strong>patrocinium</strong></span> <span class='ocrx_word' id='word_1_190' title='bbox 423 1629 617 1680; x_wconf 88' lang='lat' dir='ltr'><strong>suscipiat.</strong></span> 
     </span>
    </p>
   </div>
   <div class='ocr_carea' id='block_1_3' title="bbox 140 1741 1498 2864">
    <p class='ocr_par' dir='ltr' id='par_1_4' title="bbox 140 1741 1498 2864">
     <span class='ocr_line' id='line_1_25' title="bbox 227 1741 1495 1793; baseline -0.001 -14"><span class='ocrx_word' id='word_1_191' title='bbox 227 1741 295 1780; x_wconf 90' lang='lat' dir='ltr'><strong>Ait</strong></span> <span class='ocrx_word' id='word_1_192' title='bbox 322 1741 426 1780; x_wconf 90' lang='lat' dir='ltr'><strong>enim</strong></span> <span class='ocrx_word' id='word_1_193' title='bbox 443 1741 521 1780; x_wconf 90' lang='lat' dir='ltr'><strong>iam</strong></span> <span class='ocrx_word' id='word_1_194' title='bbox 551 1755 641 1780; x_wconf 91' lang='lat' dir='ltr'><strong>eum</strong></span> <span class='ocrx_word' id='word_1_195' title='bbox 660 1743 814 1780; x_wconf 86' lang='lat' dir='ltr'><strong>demum</strong></span> <span class='ocrx_word' id='word_1_196' title='bbox 833 1754 916 1780; x_wconf 90' lang='lat' dir='ltr'><strong>esse</strong></span> <span class='ocrx_word' id='word_1_197' title='bbox 937 1743 1081 1780; x_wconf 92' lang='lat' dir='ltr'><strong>bonum</strong></span> <span class='ocrx_word' id='word_1_198' title='bbox 1100 1742 1335 1793; x_wconf 88' lang='lat' dir='ltr'><strong>beatumque</strong></span> <span class='ocrx_word' id='word_1_199' title='bbox 1355 1741 1495 1788; x_wconf 76' lang='lat' dir='ltr'><strong>virum,</strong></span> 
     </span>
     <span class='ocr_line' id='line_1_26' title="bbox 142 1797 1496 1850; baseline 0 -15"><span class='ocrx_word' id='word_1_200' title='bbox 142 1797 209 1848; x_wconf 91' lang='lat' dir='ltr'><strong>qui</strong></span> <span class='ocrx_word' id='word_1_201' title='bbox 247 1802 286 1836; x_wconf 90' lang='lat' dir='ltr'><strong>et</strong></span> <span class='ocrx_word' id='word_1_202' title='bbox 323 1799 465 1837; x_wconf 90' lang='lat' dir='ltr'><strong>habeat</strong></span> <span class='ocrx_word' id='word_1_203' title='bbox 494 1798 724 1848; x_wconf 88' lang='lat' dir='ltr'><strong>cupiditates</strong></span> <span class='ocrx_word' id='word_1_204' title='bbox 763 1802 954 1850; x_wconf 89' lang='lat' dir='ltr'><strong>quantum</strong></span> <span class='ocrx_word' id='word_1_205' title='bbox 980 1797 1102 1848; x_wconf 87' lang='lat' dir='ltr'><strong>possit</strong></span> <span class='ocrx_word' id='word_1_206' title='bbox 1129 1798 1318 1836; x_wconf 83' lang='lat' dir='ltr'><strong>maximas</strong></span> <span class='ocrx_word' id='word_1_207' title='bbox 1357 1801 1397 1836; x_wconf 88' lang='lat' dir='ltr'><strong>et</strong></span> <span class='ocrx_word' id='word_1_208' title='bbox 1431 1811 1496 1835; x_wconf 87' lang='lat' dir='ltr'><strong>eas</strong></span> 
     </span>
     <span class='ocr_line' id='line_1_27' title="bbox 141 1854 1495 1905; baseline -0.001 -13"><span class='ocrx_word' id='word_1_209' title='bbox 141 1854 198 1892; x_wconf 89' lang='lat' dir='ltr'><strong>ita</strong></span> <span class='ocrx_word' id='word_1_210' title='bbox 225 1859 343 1905; x_wconf 88' lang='lat' dir='ltr'><strong>queat</strong></span> <span class='ocrx_word' id='word_1_211' title='bbox 372 1855 547 1905; x_wconf 85' lang='lat' dir='ltr'><strong>explere,</strong></span> <span class='ocrx_word' id='word_1_212' title='bbox 577 1856 695 1900; x_wconf 89' lang='lat' dir='ltr'><strong>nullis</strong></span> <span class='ocrx_word' id='word_1_213' title='bbox 723 1859 769 1894; x_wconf 92' lang='lat' dir='ltr'><strong>ut</strong></span> <span class='ocrx_word' id='word_1_214' title='bbox 797 1855 947 1904; x_wconf 85' lang='lat' dir='ltr'><strong>legibus</strong></span> <span class='ocrx_word' id='word_1_215' title='bbox 977 1858 1206 1893; x_wconf 87' lang='lat' dir='ltr'><strong>coerceatur.</strong></span> <span class='ocrx_word' id='word_1_216' title='bbox 1263 1855 1365 1892; x_wconf 87' lang='lat' dir='ltr'><strong>Nam</strong></span> <span class='ocrx_word' id='word_1_217' title='bbox 1394 1867 1495 1905; x_wconf 87' lang='lat' dir='ltr'><strong>quae</strong></span> 
     </span>
     <span class='ocr_line' id='line_1_28' title="bbox 140 1911 1495 1961; baseline 0.001 -14"><span class='ocrx_word' id='word_1_218' title='bbox 140 1911 187 1948; x_wconf 89' lang='lat' dir='ltr'><strong>de</strong></span> <span class='ocrx_word' id='word_1_219' title='bbox 207 1911 369 1957; x_wconf 83' lang='lat' dir='ltr'><strong>iustitia,</strong></span> <span class='ocrx_word' id='word_1_220' title='bbox 399 1912 666 1961; x_wconf 82' lang='lat' dir='ltr'><strong>temperantia,</strong></span> <span class='ocrx_word' id='word_1_221' title='bbox 696 1912 782 1949; x_wconf 91' lang='lat' dir='ltr'><strong>aliis</strong></span> <span class='ocrx_word' id='word_1_222' title='bbox 801 1911 1024 1958; x_wconf 82' lang='lat' dir='ltr'><strong>virtutibus,</strong></span> <span class='ocrx_word' id='word_1_223' title='bbox 1053 1911 1172 1960; x_wconf 88' lang='lat' dir='ltr'><strong>vulgo</strong></span> <span class='ocrx_word' id='word_1_224' title='bbox 1198 1911 1495 1961; x_wconf 85' lang='lat' dir='ltr'><strong>praecipiantur,</strong></span> 
     </span>
     <span class='ocr_line' id='line_1_29' title="bbox 142 1967 1495 2018; baseline 0.001 -14"><span class='ocrx_word' id='word_1_225' title='bbox 142 1980 188 2004; x_wconf 89' lang='lat' dir='ltr'><strong>ea</strong></span> <span class='ocrx_word' id='word_1_226' title='bbox 226 1967 355 2005; x_wconf 89' lang='lat' dir='ltr'><strong>deberi</strong></span> <span class='ocrx_word' id='word_1_227' title='bbox 393 1968 654 2006; x_wconf 91' lang='lat' dir='ltr'><strong>multitudinis</strong></span> <span class='ocrx_word' id='word_1_228' title='bbox 694 1967 968 2014; x_wconf 88' lang='lat' dir='ltr'><strong>imbecillitati,</strong></span> <span class='ocrx_word' id='word_1_229' title='bbox 1019 1980 1119 2018; x_wconf 88' lang='lat' dir='ltr'><strong>quae</strong></span> <span class='ocrx_word' id='word_1_230' title='bbox 1157 1968 1228 2005; x_wconf 92' lang='lat' dir='ltr'><strong>has</strong></span> <span class='ocrx_word' id='word_1_231' title='bbox 1266 1968 1371 2016; x_wconf 89' lang='lat' dir='ltr'><strong>leges</strong></span> <span class='ocrx_word' id='word_1_232' title='bbox 1409 1967 1495 2005; x_wconf 89' lang='lat' dir='ltr'><strong>ideo</strong></span> 
     </span>
     <span class='ocr_line' id='line_1_30' title="bbox 141 2023 1495 2074; baseline 0.001 -13"><span class='ocrx_word' id='word_1_233' title='bbox 141 2023 293 2070; x_wconf 86' lang='lat' dir='ltr'><strong>tulerit,</strong></span> <span class='ocrx_word' id='word_1_234' title='bbox 334 2026 379 2062; x_wconf 91' lang='lat' dir='ltr'><strong>ut</strong></span> <span class='ocrx_word' id='word_1_235' title='bbox 406 2024 580 2062; x_wconf 91' lang='lat' dir='ltr'><strong>homines</strong></span> <span class='ocrx_word' id='word_1_236' title='bbox 609 2025 763 2073; x_wconf 86' lang='lat' dir='ltr'><strong>ingenio</strong></span> <span class='ocrx_word' id='word_1_237' title='bbox 793 2038 838 2062; x_wconf 87' lang='lat' dir='ltr'><strong>ac</strong></span> <span class='ocrx_word' id='word_1_238' title='bbox 864 2024 1092 2063; x_wconf 81' lang='lat' dir='ltr'><strong>fortitudine</strong></span> <span class='ocrx_word' id='word_1_239' title='bbox 1121 2027 1362 2074; x_wconf 88' lang='lat' dir='ltr'><strong>praestantes</strong></span> <span class='ocrx_word' id='word_1_240' title='bbox 1392 2027 1495 2062; x_wconf 87' lang='lat' dir='ltr'><strong>certe</strong></span> 
     </span>
     <span class='ocr_line' id='line_1_31' title="bbox 140 2080 1494 2131; baseline 0.001 -14"><span class='ocrx_word' id='word_1_241' title='bbox 140 2080 385 2130; x_wconf 87' lang='lat' dir='ltr'><strong>aliquatenus</strong></span> <span class='ocrx_word' id='word_1_242' title='bbox 424 2085 699 2119; x_wconf 79' lang='lat' dir='ltr'><strong>coercerentur.</strong></span> <span class='ocrx_word' id='word_1_243' title='bbox 766 2082 850 2118; x_wconf 92' lang='lat' dir='ltr'><strong>Imo</strong></span> <span class='ocrx_word' id='word_1_244' title='bbox 888 2080 1104 2127; x_wconf 84' lang='lat' dir='ltr'><strong>luxuriem,</strong></span> <span class='ocrx_word' id='word_1_245' title='bbox 1144 2081 1494 2131; x_wconf 87' lang='lat' dir='ltr'><strong>intemperantiam,</strong></span> 
     </span>
     <span class='ocr_line' id='line_1_32' title="bbox 140 2136 1496 2188; baseline 0.001 -15"><span class='ocrx_word' id='word_1_246' title='bbox 140 2136 364 2175; x_wconf 86' lang='lat' dir='ltr'><strong>indomitam</strong></span> <span class='ocrx_word' id='word_1_247' title='bbox 392 2137 546 2188; x_wconf 84' lang='lat' dir='ltr'><strong>quidvis</strong></span> <span class='ocrx_word' id='word_1_248' title='bbox 585 2137 722 2187; x_wconf 88' lang='lat' dir='ltr'><strong>agendi</strong></span> <span class='ocrx_word' id='word_1_249' title='bbox 758 2137 973 2184; x_wconf 90' lang='lat' dir='ltr'><strong>licentiam,</strong></span> <span class='ocrx_word' id='word_1_250' title='bbox 1012 2138 1123 2175; x_wconf 89' lang='lat' dir='ltr'><strong>firmo</strong></span> <span class='ocrx_word' id='word_1_251' title='bbox 1150 2137 1340 2188; x_wconf 76' lang='lat' dir='ltr'><strong>praesidio</strong></span> <span class='ocrx_word' id='word_1_252' title='bbox 1369 2137 1496 2175; x_wconf 91' lang='lat' dir='ltr'><strong>muni-</strong></span> 
     </span>
     <span class='ocr_line' id='line_1_33' title="bbox 140 2194 1493 2245; baseline 0.001 -15"><span class='ocrx_word' id='word_1_253' title='bbox 140 2197 240 2240; x_wconf 86' lang='lat' dir='ltr'><strong>tam,</strong></span> <span class='ocrx_word' id='word_1_254' title='bbox 280 2207 364 2230; x_wconf 91' lang='lat' dir='ltr'><strong>eam</strong></span> <span class='ocrx_word' id='word_1_255' title='bbox 401 2194 555 2232; x_wconf 88' lang='lat' dir='ltr'><strong>demum</strong></span> <span class='ocrx_word' id='word_1_256' title='bbox 604 2208 687 2232; x_wconf 87' lang='lat' dir='ltr'><strong>esse</strong></span> <span class='ocrx_word' id='word_1_257' title='bbox 724 2194 910 2233; x_wconf 81' lang='lat' dir='ltr'><strong>virtutem</strong></span> <span class='ocrx_word' id='word_1_258' title='bbox 950 2194 1150 2245; x_wconf 75' lang='lat' dir='ltr'><strong>vitamque</strong></span> <span class='ocrx_word' id='word_1_259' title='bbox 1199 2207 1291 2232; x_wconf 76' lang='lat' dir='ltr'><strong>vere</strong></span> <span class='ocrx_word' id='word_1_260' title='bbox 1328 2195 1493 2232; x_wconf 86' lang='lat' dir='ltr'><strong>beatam.</strong></span> 
     </span>
     <span class='ocr_line' id='line_1_34' title="bbox 143 2249 1496 2301; baseline 0.001 -15"><span class='ocrx_word' id='word_1_261' title='bbox 143 2249 186 2286; x_wconf 91' lang='lat' dir='ltr'><strong>P.</strong></span> <span class='ocrx_word' id='word_1_262' title='bbox 219 2252 310 2287; x_wconf 88' lang='lat'><strong>491.</strong></span> <span class='ocrx_word' id='word_1_263' title='bbox 339 2250 386 2287; x_wconf 89' lang='lat' dir='ltr'><strong>D.</strong></span> <span class='ocrx_word' id='word_1_264' title='bbox 426 2272 482 2278; x_wconf 83' lang='lat'><strong>—-</strong></span> <span class='ocrx_word' id='word_1_265' title='bbox 521 2254 613 2289; x_wconf 85' lang='lat'><strong>492.</strong></span> <span class='ocrx_word' id='word_1_266' title='bbox 643 2251 691 2289; x_wconf 92' lang='lat' dir='ltr'><strong>D.</strong></span> <span class='ocrx_word' id='word_1_267' title='bbox 758 2251 925 2289; x_wconf 87' lang='lat' dir='ltr'><strong>Miratur</strong></span> <span class='ocrx_word' id='word_1_268' title='bbox 964 2251 1139 2289; x_wconf 87' lang='lat' dir='ltr'><strong>Socrates</strong></span> <span class='ocrx_word' id='word_1_269' title='bbox 1176 2250 1344 2301; x_wconf 89' lang='lat' dir='ltr'><strong>primum</strong></span> <span class='ocrx_word' id='word_1_270' title='bbox 1380 2251 1496 2289; x_wconf 87' lang='lat' dir='ltr'><strong>istam</strong></span> 
     </span>
     <span class='ocr_line' id='line_1_35' title="bbox 142 2305 1495 2357; baseline 0.002 -15"><span class='ocrx_word' id='word_1_271' title='bbox 142 2305 218 2343; x_wconf 88' lang='lat' dir='ltr'><strong>oris</strong></span> <span class='ocrx_word' id='word_1_272' title='bbox 245 2305 483 2354; x_wconf 87' lang='lat' dir='ltr'><strong>libertatem,</strong></span> <span class='ocrx_word' id='word_1_273' title='bbox 523 2307 660 2345; x_wconf 90' lang='lat' dir='ltr'><strong>deinde</strong></span> <span class='ocrx_word' id='word_1_274' title='bbox 689 2320 781 2346; x_wconf 86' lang='lat' dir='ltr'><strong>vero</strong></span> <span class='ocrx_word' id='word_1_275' title='bbox 819 2307 1060 2357; x_wconf 89' lang='lat' dir='ltr'><strong>turpissimas</strong></span> <span class='ocrx_word' id='word_1_276' title='bbox 1098 2307 1266 2345; x_wconf 90' lang='lat' dir='ltr'><strong>hominis</strong></span> <span class='ocrx_word' id='word_1_277' title='bbox 1295 2307 1495 2357; x_wconf 86' lang='lat' dir='ltr'><strong>opiniones</strong></span> 
     </span>
     <span class='ocr_line' id='line_1_36' title="bbox 143 2362 1496 2416; baseline 0.002 -18"><span class='ocrx_word' id='word_1_278' title='bbox 143 2362 199 2399; x_wconf 86' lang='lat' dir='ltr'><strong>ita</strong></span> <span class='ocrx_word' id='word_1_279' title='bbox 226 2362 400 2400; x_wconf 87' lang='lat' dir='ltr'><strong>refellere</strong></span> <span class='ocrx_word' id='word_1_280' title='bbox 440 2362 631 2410; x_wconf 82' lang='lat' dir='ltr'><strong>instituit,</strong></span> <span class='ocrx_word' id='word_1_281' title='bbox 671 2368 716 2403; x_wconf 92' lang='lat' dir='ltr'><strong>ut</strong></span> <span class='ocrx_word' id='word_1_282' title='bbox 753 2367 793 2402; x_wconf 90' lang='lat' dir='ltr'><strong>et</strong></span> <span class='ocrx_word' id='word_1_283' title='bbox 821 2364 1074 2402; x_wconf 89' lang='lat' dir='ltr'><strong>similitudine</strong></span> <span class='ocrx_word' id='word_1_284' title='bbox 1104 2364 1234 2416; x_wconf 89' lang='lat' dir='ltr'><strong>aliqua</strong></span> <span class='ocrx_word' id='word_1_285' title='bbox 1272 2367 1407 2403; x_wconf 88' lang='lat' dir='ltr'><strong>utatur</strong></span> <span class='ocrx_word' id='word_1_286' title='bbox 1445 2378 1496 2402; x_wconf 91' lang='lat' dir='ltr'><strong>ex</strong></span> 
     </span>
     <span class='ocr_line' id='line_1_37' title="bbox 143 2418 1497 2470; baseline 0.002 -16"><span class='ocrx_word' id='word_1_287' title='bbox 143 2418 305 2456; x_wconf 87' lang='lat' dir='ltr'><strong>alicuius</strong></span> <span class='ocrx_word' id='word_1_288' title='bbox 358 2418 574 2470; x_wconf 90' lang='lat' dir='ltr'><strong>philosophi</strong></span> <span class='ocrx_word' id='word_1_289' title='bbox 621 2420 794 2459; x_wconf 88' lang='lat' dir='ltr'><strong>doctrina</strong></span> <span class='ocrx_word' id='word_1_290' title='bbox 850 2421 1028 2459; x_wconf 82' lang='lat' dir='ltr'><strong>desumta</strong></span> <span class='ocrx_word' id='word_1_291' title='bbox 1076 2424 1116 2459; x_wconf 91' lang='lat' dir='ltr'><strong>et</strong></span> <span class='ocrx_word' id='word_1_292' title='bbox 1170 2424 1398 2469; x_wconf 82' lang='lat' dir='ltr'><strong>argumenta</strong></span> <span class='ocrx_word' id='word_1_293' title='bbox 1447 2434 1497 2458; x_wconf 90' lang='lat' dir='ltr'><strong>ex</strong></span> 
     </span>
     <span class='ocr_line' id='line_1_38' title="bbox 141 2474 1495 2527; baseline 0.002 -16"><span class='ocrx_word' id='word_1_294' title='bbox 141 2474 226 2524; x_wconf 88' lang='lat' dir='ltr'><strong>ipsa</strong></span> <span class='ocrx_word' id='word_1_295' title='bbox 252 2475 309 2512; x_wconf 92' lang='lat' dir='ltr'><strong>rei</strong></span> <span class='ocrx_word' id='word_1_296' title='bbox 338 2480 478 2513; x_wconf 83' lang='lat' dir='ltr'><strong>natura</strong></span> <span class='ocrx_word' id='word_1_297' title='bbox 504 2476 669 2527; x_wconf 89' lang='lat' dir='ltr'><strong>repetita</strong></span> <span class='ocrx_word' id='word_1_298' title='bbox 697 2477 739 2514; x_wconf 90' lang='lat' dir='ltr'><strong>in</strong></span> <span class='ocrx_word' id='word_1_299' title='bbox 765 2477 935 2515; x_wconf 86' lang='lat' dir='ltr'><strong>medium</strong></span> <span class='ocrx_word' id='word_1_300' title='bbox 963 2477 1111 2515; x_wconf 90' lang='lat' dir='ltr'><strong>afferat.</strong></span> <span class='ocrx_word' id='word_1_301' title='bbox 1167 2478 1242 2515; x_wconf 88' lang='lat' dir='ltr'><strong>Sed</strong></span> <span class='ocrx_word' id='word_1_302' title='bbox 1270 2477 1399 2527; x_wconf 91' lang='lat' dir='ltr'><strong>ipsum</strong></span> <span class='ocrx_word' id='word_1_303' title='bbox 1428 2490 1495 2514; x_wconf 89' lang='lat' dir='ltr'><strong>au-</strong></span> 
     </span>
     <span class='ocr_line' id='line_1_39' title="bbox 141 2531 1498 2585; baseline 0.003 -18"><span class='ocrx_word' id='word_1_304' title='bbox 141 2531 292 2569; x_wconf 88' lang='lat' dir='ltr'><strong>diamus</strong></span> <span class='ocrx_word' id='word_1_305' title='bbox 321 2531 594 2581; x_wconf 86' lang='lat' dir='ltr'><strong>disputantem.</strong></span> <span class='ocrx_word' id='word_1_306' title='bbox 615 2555 672 2559; x_wconf 97' lang='lat'><strong>—</strong></span> <span class='ocrx_word' id='word_1_307' title='bbox 696 2533 842 2571; x_wconf 86' lang='lat' dir='ltr'><strong>Misera</strong></span> <span class='ocrx_word' id='word_1_308' title='bbox 869 2546 973 2580; x_wconf 85' lang='lat' dir='ltr'><strong>vero,</strong></span> <span class='ocrx_word' id='word_1_309' title='bbox 1002 2533 1143 2585; x_wconf 90' lang='lat' dir='ltr'><strong>inquit,</strong></span> <span class='ocrx_word' id='word_1_310' title='bbox 1173 2547 1195 2571; x_wconf 92' lang='lat' dir='ltr'><strong>o</strong></span> <span class='ocrx_word' id='word_1_311' title='bbox 1224 2534 1391 2580; x_wconf 84' lang='lat' dir='ltr'><strong>Callicle,</strong></span> <span class='ocrx_word' id='word_1_312' title='bbox 1421 2534 1498 2571; x_wconf 89' lang='lat' dir='ltr'><strong>ista</strong></span> 
     </span>
     <span class='ocr_line' id='line_1_40' title="bbox 142 2586 1495 2641; baseline 0.001 -16"><span class='ocrx_word' id='word_1_313' title='bbox 142 2586 299 2626; x_wconf 82' lang='lat' dir='ltr'><strong>videtur</strong></span> <span class='ocrx_word' id='word_1_314' title='bbox 326 2587 419 2635; x_wconf 85' lang='lat' dir='ltr'><strong>vita,</strong></span> <span class='ocrx_word' id='word_1_315' title='bbox 450 2601 566 2639; x_wconf 89' lang='lat' dir='ltr'><strong>quam</strong></span> <span class='ocrx_word' id='word_1_316' title='bbox 594 2592 638 2627; x_wconf 91' lang='lat' dir='ltr'><strong>tu</strong></span> <span class='ocrx_word' id='word_1_317' title='bbox 657 2591 769 2627; x_wconf 93' lang='lat' dir='ltr'><strong>modo</strong></span> <span class='ocrx_word' id='word_1_318' title='bbox 789 2589 969 2636; x_wconf 89' lang='lat' dir='ltr'><strong>laudasti,</strong></span> <span class='ocrx_word' id='word_1_319' title='bbox 999 2594 1116 2641; x_wconf 90' lang='lat' dir='ltr'><strong>atque</strong></span> <span class='ocrx_word' id='word_1_320' title='bbox 1144 2590 1260 2628; x_wconf 88' lang='lat' dir='ltr'><strong>morti</strong></span> <span class='ocrx_word' id='word_1_321' title='bbox 1289 2589 1495 2636; x_wconf 89' lang='lat' dir='ltr'><strong>simillima,</strong></span> 
     </span>
     <span class='ocr_line' id='line_1_41' title="bbox 142 2645 1498 2698; baseline 0.001 -17"><span class='ocrx_word' id='word_1_322' title='bbox 142 2657 269 2694; x_wconf 79' lang='lat' dir='ltr'><strong>neque</strong></span> <span class='ocrx_word' id='word_1_323' title='bbox 297 2649 442 2682; x_wconf 90' lang='lat' dir='ltr'><strong>temere</strong></span> <span class='ocrx_word' id='word_1_324' title='bbox 471 2645 635 2684; x_wconf 85' lang='lat' dir='ltr'><strong>arbitror</strong></span> <span class='ocrx_word' id='word_1_325' title='bbox 672 2660 761 2684; x_wconf 89' lang='lat' dir='ltr'><strong>eum</strong></span> <span class='ocrx_word' id='word_1_326' title='bbox 789 2646 1038 2694; x_wconf 87' lang='lat' dir='ltr'><strong>iudicavisse,</strong></span> <span class='ocrx_word' id='word_1_327' title='bbox 1079 2646 1147 2698; x_wconf 92' lang='lat' dir='ltr'><strong>qui</strong></span> <span class='ocrx_word' id='word_1_328' title='bbox 1186 2660 1256 2685; x_wconf 92' lang='lat' dir='ltr'><strong>nos</strong></span> <span class='ocrx_word' id='word_1_329' title='bbox 1287 2646 1365 2684; x_wconf 90' lang='lat' dir='ltr'><strong>iam</strong></span> <span class='ocrx_word' id='word_1_330' title='bbox 1393 2659 1498 2683; x_wconf 88' lang='lat' dir='ltr'><strong>nunc</strong></span> 
     </span>
     <span class='ocr_line' id='line_1_42' title="bbox 142 2697 1495 2753; baseline 0.003 -16"><span class='ocrx_word' id='word_1_331' title='bbox 142 2704 312 2738; x_wconf 89' lang='lat' dir='ltr'><strong>mortuos</strong></span> <span class='ocrx_word' id='word_1_332' title='bbox 341 2701 491 2739; x_wconf 88' lang='lat' dir='ltr'><strong>censuit</strong></span> <span class='ocrx_word' id='word_1_333' title='bbox 528 2697 699 2753; x_wconf 81' lang='lat' dir='ltr'><strong>adeoque</strong></span> <span class='ocrx_word' id='word_1_334' title='bbox 729 2716 866 2753; x_wconf 88' lang='lat' dir='ltr'><strong>corpus</strong></span> <span class='ocrx_word' id='word_1_335' title='bbox 903 2707 1079 2741; x_wconf 90' lang='lat' dir='ltr'><strong>nostrum</strong></span> <span class='ocrx_word' id='word_1_336' title='bbox 1117 2704 1336 2753; x_wconf 87' lang='lat' dir='ltr'><strong>sepulcrum</strong></span> <span class='ocrx_word' id='word_1_337' title='bbox 1373 2702 1495 2740; x_wconf 86' lang='lat' dir='ltr'><strong>nomi-</strong></span> 
     </span>
     <span class='ocr_line' id='line_1_43' title="bbox 143 2756 1496 2810; baseline 0.002 -16"><span class='ocrx_word' id='word_1_338' title='bbox 143 2756 264 2795; x_wconf 85' lang='lat' dir='ltr'><strong>navit.</strong></span> <span class='ocrx_word' id='word_1_339' title='bbox 320 2759 452 2809; x_wconf 89' lang='lat' dir='ltr'><strong>Atque</strong></span> <span class='ocrx_word' id='word_1_340' title='bbox 481 2759 642 2797; x_wconf 89' lang='lat' dir='ltr'><strong>eandem</strong></span> <span class='ocrx_word' id='word_1_341' title='bbox 677 2760 726 2797; x_wconf 93' lang='lat' dir='ltr'><strong>ob</strong></span> <span class='ocrx_word' id='word_1_342' title='bbox 763 2773 957 2806; x_wconf 87' lang='lat' dir='ltr'><strong>caussam,</strong></span> <span class='ocrx_word' id='word_1_343' title='bbox 997 2759 1150 2810; x_wconf 89' lang='lat' dir='ltr'><strong>opinor,</strong></span> <span class='ocrx_word' id='word_1_344' title='bbox 1191 2759 1310 2798; x_wconf 89' lang='lat' dir='ltr'><strong>scitus</strong></span> <span class='ocrx_word' id='word_1_345' title='bbox 1338 2759 1496 2810; x_wconf 87' lang='lat' dir='ltr'><strong>quidam</strong></span> 
     </span>
     <span class='ocr_line' id='line_1_44' title="bbox 143 2790 1495 2864; baseline 0.002 -11"><span class='ocrx_word' id='word_1_346' title='bbox 143 2812 216 2860; x_wconf 85' lang='lat' dir='ltr'><strong>vir,</strong></span> <span class='ocrx_word' id='word_1_347' title='bbox 247 2812 399 2852; x_wconf 86' lang='lat' dir='ltr'><strong>Siculus</strong></span> <span class='ocrx_word' id='word_1_348' title='bbox 426 2815 491 2854; x_wconf 85' lang='lat' dir='ltr'><strong>vel</strong></span> <span class='ocrx_word' id='word_1_349' title='bbox 507 2815 680 2863; x_wconf 88' lang='lat' dir='ltr'><strong>Italicus,</strong></span> <span class='ocrx_word' id='word_1_350' title='bbox 711 2816 865 2855; x_wconf 88' lang='lat' dir='ltr'><strong>nomine</strong></span> <span class='ocrx_word' id='word_1_351' title='bbox 884 2790 1062 2855; x_wconf 70' lang='lat' dir='ltr'><strong>nonnihil</strong></span> <span class='ocrx_word' id='word_1_352' title='bbox 1079 2821 1241 2864; x_wconf 88' lang='lat' dir='ltr'><strong>mutato,</strong></span> <span class='ocrx_word' id='word_1_353' title='bbox 1272 2829 1358 2854; x_wconf 87' lang='lat' dir='ltr'><strong>eam</strong></span> <span class='ocrx_word' id='word_1_354' title='bbox 1375 2815 1495 2857; x_wconf 83' lang='lat' dir='ltr'><strong>nostri</strong></span> 
     </span>
    </p>
   </div>
  </div>
 </body>
</html>
