1702 2924
296 200 372 237 106
831 199 1087 239 PLATOMS

291 302 377 346 ἔστι
402 319 487 356 τις,
528 299 562 346 ὦ
590 306 768 359 Γοργίαι,
807 307 944 355 πίστις
979 304 1140 360 ψευδὴς
1173 305 1244 348 καὶ
1269 306 1452 360 ἀληθήςς
1489 305 1617 359 φαίης

291 371 370 419 ἄν,
407 369 464 417 ὡς
491 367 572 422 ἐγὼ
599 365 729 423 οἶμαι.
783 372 907 413 ΓΟΡ.
940 371 1040 412 Ναί.
1095 371 1190 411 m.
1236 370 1287 411 Tc
1311 367 1378 419 δές
1415 368 1616 424 ἐπιστήμη

292 431 377 475 ἐστὶ
403 431 565 486 ψευδὴς
590 432 661 475 καὶ
687 434 869 489 ἀληθήςς
911 436 951 476 Γ
950 435 1034 476 ΟΡ.
1068 433 1286 487 Οὐδαμῶς.
1342 435 1443 476 ΣΩ.
1470 438 1616 488 Δῆλον

290 497 372 550 γὰρ
410 492 485 545 αὖ,
523 491 590 538 ὅτι
626 498 678 539 οὐ
715 499 872 539 ταύτόν
907 497 1029 540 ἐστιν.
1107 498 1233 539 ΓΟΡ.
1270 499 1436 551 Ἀληθῆ
1473 495 1614 551 λέγεις.

292 562 393 602 ΣΩ.
417 556 548 601 Ἀλλὰ
575 560 661 614 μὴν
697 561 744 602 οἵ
774 560 818 603 τέ
849 575 898 615 γε
938 561 1224 615 μεμαθηκότες
1249 560 1514 615 πεπεισμένοι
1541 561 1618 603 εἰσὶ

222 624 261 666 Ε
290 623 360 666 καὶ
387 623 430 666 οἱ
453 625 780 674 πεπιστευκότες.
838 627 960 667 ΓΟΡ.
977 622 1095 667 Ἔστι
1120 631 1263 667 ταῦτα.
1331 626 1432 666 ΣΩ.
1463 626 1614 667 Βούλει

291 685 372 730 οὖν
397 688 476 730 δύο
498 688 587 742 εἴδη
602 691 748 742 θῶμεν
768 693 955 738 πειθοῦς,
982 690 1031 730 τὸ
1057 689 1135 742 μὲν
1161 690 1302 731 πίστιν
1327 689 1615 743 παρεχόμενον

290 755 394 794 ἄνευ
421 759 500 794 τοῦ
526 750 692 803 εἰδέναι,
719 753 768 794 τὸ
789 753 824 794 δ’
848 753 1099 808 ἐπιστήμην;
1127 754 1251 794 ΓΟΡ.
1282 754 1408 794 Πάνυ
1424 767 1484 806 γε.
1513 754 1614 795 ΣΩ.

292 814 488 870 Ποτέραν
513 813 594 859 οὖν
617 817 646 870 ἦ
673 816 871 871 ῥητορικὴ
899 817 1035 859 πειθὼ
1061 820 1174 858 ποιεῖ
1199 815 1245 858 ἐν
1265 817 1546 871 δικαστηρίοις
1570 831 1615 859 τε

289 880 359 922 καὶ
384 884 472 930 τοῖς
499 883 641 929 ἄλλοις
666 883 803 934 ὄχλοις
829 881 922 935 περὶ
947 884 1034 923 τῶν
1059 881 1234 923 δικαίων
1268 895 1311 922 τε
1338 880 1409 923 καὶ
1435 881 1615 930 ἀδίκωνς

292 943 333 996 ἐξ
360 938 411 999 ἧς
435 946 484 987 τὸ
511 946 720 987 πιστεύειν
756 946 941 999 γίγνεται
976 948 1082 987 ἄνευ
1109 951 1187 987 τοῦ
1225 944 1399 995 εἰδέναι,
1437 945 1464 999 ἢ
1500 943 1541 996 ἐξ
1566 938 1618 999 ἧς

364 1044 414 1077 Τί
434 1042 497 1083 δέ,·
529 1041 740 1087 ἐπιστήμη
762 1043 817 1088 -]
849 1043 909 1077 δαί
929 1043 1043 1077 Clark.
1068 1054 1111 1076 ex
1135 1053 1210 1085 em„
1241 1043 1316 1076 Par.
1340 1045 1381 1084 L,
1414 1042 1504 1087 quod
1526 1043 1619 1077 dedit

290 1088 437 1121 Bekker.
469 1088 574 1121 Coisl.
597 1086 730 1131 ψευδής
760 1100 793 1121 τε
823 1089 879 1121 καὶ
911 1086 960 1121 ἀλ.
1007 1089 1096 1121 Dein
1125 1099 1185 1131 pro
1221 1085 1387 1128 Οὐδαμῶς
1411 1088 1514 1132 vulgo
1546 1093 1619 1122 erat

297 1131 348 1166 Οὐ
372 1133 465 1176 δῆτα,
489 1133 579 1175 quod
602 1143 691 1165 unus
713 1134 790 1166 Par.
814 1134 853 1166 E.
877 1134 1043 1173 servavit,
1073 1133 1176 1166 ceteri
1207 1143 1276 1165 non
1306 1139 1507 1176 agnoscunt.
1552 1134 1617 1166 Pro

291 1177 384 1220 vulg.
411 1178 531 1220 Δῆλον
552 1175 617 1221 γὰρ
643 1172 708 1210 οὖν
729 1177 861 1210 restitui
879 1179 999 1221 Δῆλον
1020 1176 1086 1221 γὰρ
1100 1171 1144 1209 αὖ
1166 1187 1209 1209 ex
1225 1176 1340 1210 Clark.
1356 1177 1433 1210 Vnt.
1451 1178 1496 1210 Δ.
1514 1177 1617 1210 Coisl.

290 1222 375 1254 Ven.
402 1221 480 1254 ΞΣ.
505 1221 684 1255 vind.1.6.
709 1223 783 1255 Par.
807 1222 1035 1255 BCFIVW.
1058 1222 1146 1265 Ang-
1163 1222 1302 1254 Meerm.
1322 1221 1419 1255 Bodl.
1437 1221 1527 1255 Flor.
1542 1232 1572 1254 ι.
1586 1231 1617 1254 o.

291 1266 323 1299 d.
347 1277 390 1299 m.
414 1277 444 1299 o.
467 1277 501 1298 x.
524 1271 558 1299 et
579 1266 659 1299 edit.
680 1267 760 1300 Bas.
783 1265 815 1300 2.

357 1311 405 1343 οἵ
422 1310 463 1343 τέ
491 1322 537 1354 γε
567 1310 733 1355 μεμαθ]
773 1322 811 1354 ys
839 1309 991 1343 additum
1019 1320 1038 1342 e
1069 1309 1183 1343 Clark.
1212 1310 1291 1342 Vat
1321 1309 1425 1343 Coisl.
1457 1309 1542 1343 Ven.
1574 1309 1615 1343 Σ.

290 1355 393 1432 ἕίῃᾱ.
417 1354 447 1388 1.
470 1354 502 1389 2.
526 1354 557 1389 6.
580 1353 612 1388 7.
634 1356 710 1388 Par.
732 1355 937 1389 BCFVW.
962 1354 1059 1388 Bodl.
1082 1355 1171 1398 Aug.
1195 1354 1334 1388 Meerm.
1357 1355 1449 1388 Flor.
1478 1365 1509 1388 a.
1532 1354 1564 1389 b.
1589 1365 1616 1387 c.

315 1424 323 1432 .
346 1411 389 1432 m.
415 1410 445 1432 ο.
469 1411 503 1432 x.

357 1445 397 1477 E.
416 1444 460 1486 ἐξ
484 1438 529 1487 ἦε
554 1442 596 1477 τὸ
621 1442 740 1487 mon]
764 1443 879 1478 Clark.
902 1443 959 1477 hio
982 1446 1016 1476 et
1037 1453 1116 1476 mox
1133 1442 1223 1486 ἑξῆς,
1248 1442 1338 1485 quod
1356 1442 1483 1486 ubique
1505 1454 1619 1477 emen-

291 1489 386 1522 davit
406 1499 527 1521 manus
548 1489 725 1522 recentior.

335 1579 375 1610 E.
420 1574 696 1620 Ἠρητορικὴ
732 1573 830 1618 ἄρα,
869 1573 924 1610 ὥς
993 1574 1028 1607 τὸ
1060 1575 1152 1608 ἰδεῖν
1191 1573 1228 1607 τὰ
1262 1572 1456 1617 ὑπάρχοντα
1487 1574 1617 1607 πιθανὰ

292 1622 411 1655 ἔοικε
432 1621 489 1665 —-]
520 1622 708 1662 Quintil.
740 1622 846 1654 lnstit.
877 1622 921 1660 11,
991 1620 1071 1659 περὶ
1103 1620 1257 1653 ἕκαστον.
1320 1619 1420 1660 Quod
1456 1619 1619 1653 adversus

292 1666 353 1699 15:
400 1666 586 1709 Gorgias
633 1666 741 1709 apud
786 1667 922 1699 Plato·
988 1665 1165 1697 Platonem
1203 1663 1293 1706 apud
1323 1664 1484 1707 Gorgiam
1516 1664 1618 1708 dirigi

291 1721 382 1743 nem
413 1710 710 1753 persuadendi
748 1721 792 1743 se
823 1710 921 1743 arti·
988 1714 1086 1742 notat
1106 1710 1304 1742 Muretus
1328 1709 1536 1741 verr-Leot-
1558 1709 1617 1741 xl.

292 1756 421 1789 ficem
450 1756 493 1788 in
532 1755 716 1787 iudiciis
747 1759 788 1787 et
817 1755 921 1787 aliis

292 1799 497 1833 coetibus
526 1810 624 1832 esse
661 1800 740 1838 ait;
779 1799 828 1831 de
864 1799 922 1831 iu-

293 1845 373 1878 stis
396 1854 562 1887 quoque
584 1848 625 1876 et
642 1844 827 1877 iniustis
841 1847 921 1876 tra-

292 1893 430 1922 ctare:
476 1890 544 1922 oui
587 1889 791 1922 Socrates
834 1898 922 1930 per-

292 1933 525 1974 suadendi,
594 1943 675 1965 non
735 1932 920 1965 docendi

990 1752 1062 1787 182·
1106 1753 1265 1786 eones
1302 1763 1363 1795 pro
1407 1756 1616 1795 πισιευιικῆς

988 1797 1168 1841 legendnm
1204 1797 1397 1839 suspicatur
1441 1801 1618 1840 πειστικῆσ.

988 1843 1092 1876 Malo.
1113 1843 1200 1875 Nam
1215 1841 1419 1884 intelligitur
1435 1843 1620 1883 pemmsio,

989 1886 1027 1928 ἐξ
1050 1881 1090 1929 ἦε
1115 1884 1152 1919 τὸ
1175 1884 1348 1918 πιστεύειν
1369 1889 1514 1928 γίγνεται
1535 1884 1618 1919 ἄνευ

990 1935 1050 1964 τοῦ
1072 1930 1214 1970 εἰδέναι,
1245 1930 1344 1972 eique
1366 1931 1547 1972 opponitur
1569 1929 1619 1963 δι-

291 1977 504 2010 concedit
526 1978 796 2010 facultatem.
820 1978 921 2009 Rou-

292 2022 412 2055 thius
442 2021 486 2054 ad
513 2021 546 2053 h.
577 2021 618 2053 l.:
658 2021 825 2064 ,Gorgias
856 2021 921 2054 hoo

289 2066 427 2109 dialogo
451 2066 558 2099 veluti
581 2070 719 2099 coactus
742 2077 763 2098 a
784 2066 921 2099 Socrate

290 2111 411 2144 statuit
454 2110 654 2143 rhetoricam
706 2110 774 2142 vim
827 2120 921 2142 esse

290 2154 478 2188 dicendo
516 2153 818 2197 persuadendi.
870 2155 923 2187 Ita

291 2199 472 2239 Quintil.
504 2199 548 2239 11,
580 2198 648 2238 15..
686 2198 746 2231 ubi
775 2198 921 2230 maxime

290 2244 442 2277 illustres
464 2243 741 2286 philosophorum
757 2242 922 2275 definitio·

291 2299 352 2321 nes
377 2292 632 2327 enumerantur,
662 2287 697 2319 id
729 2286 818 2329 quod
843 2287 924 2319 fecit

291 2334 407 2365 Sext.
429 2333 582 2375 Empir.
614 2332 652 2365 L.
677 2332 719 2364 11.
744 2331 819 2364 adv.
849 2330 923 2364 Ma-

290 2377 412 2417 them.,
441 2377 594 2410 Platonis
617 2377 724 2409 nostri
744 2376 923 2419 praecipue

291 2421 356 2454 hae
379 2421 420 2454 de
449 2432 484 2454 re
507 2421 709 2454 sententiam
738 2430 921 2463 exponens.

291 2466 392 2499 Hanc
436 2470 548 2498 autem
591 2465 785 2508 opinionem
825 2464 922 2497 Plato

292 2520 360 2543 non
377 2510 454 2550 sibi,
476 2511 505 2542 si
524 2510 776 2551 Quintilianum
790 2508 923 2549 audias,

293 2554 352 2587 sed
376 2555 524 2597 Gorgiae
553 2554 699 2587 adscribi
730 2553 849 2587 voluit.
879 2571 923 2578 --

291 2600 346 2632 Ab
383 2598 627 2632 Aristotele
665 2598 801 2640 quidem
836 2598 923 2631 Rhe·

292 2648 355 2677 tor.
379 2643 413 2684 1,
436 2642 475 2684 1,
507 2641 558 2676 14.
590 2643 714 2675 dicitur
745 2641 780 2676 τὸ
811 2646 924 2676 πεῖσαι

293 2685 357 2720 οὐκ
381 2688 486 2732 ἔργον
511 2684 689 2731 ῥητορικῆς
711 2683 818 2727 εἶναι,
842 2684 924 2721 ἀλλὰ

989 1974 1188 2018 δασκαλική,
1223 1985 1265 2007 ex
1289 1984 1359 2016 qun
1380 1975 1486 2007 oritur
1509 1973 1544 2007 ιό
1568 1975 1616 2007 εἰ-

990 2019 1096 2053 δέναι.
1118 2019 1301 2062 angatam
1320 2019 1501 2052 lectionem
1516 2020 1619 2052 etiam

990 2063 1214 2097 Aristides
1243 2063 1396 2105 sequitur
1425 2062 1519 2096 Orat.
1542 2063 1619 2096 Pla-

989 2114 1058 2141 ton.
1071 2109 1097 2140 1.
1115 2119 1148 2150 p.
1161 2106 1227 2146 47..
1249 2106 1310 2139 ubi
1331 2106 1539 2140 discriminis
1561 2107 1618 2140 hie

989 2163 1011 2185 a
1031 2153 1176 2185 Platone
1204 2152 1294 2184 inter
1320 2149 1431 2184 πειθώ
1455 2163 1620 2185 maworn-

989 2194 1053 2240 κήν
1083 2201 1118 2229 et
1147 2193 1388 2238 διδασκαλικὴν
1416 2197 1498 2229 facti
1526 2207 1618 2229 men-

989 2242 1116 2275 tionem
1137 2241 1255 2273 iniicit.

1033 2287 1072 2319 P.
1093 2284 1170 2319 455.
1201 2282 1303 2318 ἀλλὰ
1328 2283 1528 2318 attatinos·
1550 2283 1617 2324 μό-

993 2328 1081 2373 νον]
1140 2328 1239 2370 Qnod
1277 2330 1312 2362 in
1352 2328 1484 2371 aliquot
1520 2329 1619 2362 codd.

989 2375 1152 2417 seriptum
1192 2378 1304 2406 exstat
1348 2371 1537 2411 πειστικός.
1583 2373 1618 2405 id

989 2428 1192 2462 quamquam
1209 2417 1471 2460 Stephanus,
1492 2417 1619 2450 Hein-

990 2463 1182 2502 dorssus,
1213 2462 1391 2502 Cornea,
1418 2461 1618 2494 norman-

990 2517 1087 2547 nus,
1116 2506 1176 2539 alii
1205 2505 1409 2549 probarunt,
1441 2509 1552 2539 tamen
1575 2505 1619 2539 ab

990 2552 1054 2585 hoc
1096 2551 1174 2584 looo
1219 2551 1368 2584 alienum
1417 2549 1619 2583 iudicamus.

990 2597 1076 2630 Nam
1115 2595 1228 2629 rhetor
1290 2605 1329 2628 ro
1352 2599 1445 2627 terea
1478 2599 1620 2628 vocatur

991 2638 1156 2677 πιστικός,
1193 2605 1290 2683 (111οὲ
1316 2605 1352 2672 τε
1391 2636 1562 2671 πιστεύειν
1589 2650 1619 2672 s.

990 2688 1105 2719 πίστιν
1133 2682 1219 2717 ἄνευ
1263 2687 1323 2717 τοῦ
1350 2681 1479 2717 εἰδέναι
1515 2682 1619 2716 efficit
