1696 2976
430 151 861 224 *PR'o'rAGORAs
902 173 943 209 P.
967 176 1044 211 325.
1073 173 1152 210 s'r.
1454 168 1506 210 81

97 287 172 332 καὶ
203 285 335 345 λόγον
366 284 649 340 διδάσκοντες
672 287 746 331 καὶ
771 285 1125 345 ἐνδεικνύμενοι,
1167 284 1232 332 ὅτι
1263 284 1311 331 τὸ
1334 285 1415 344 μὲν
1439 290 1510 331 δι’-

96 374 239 413 καιον,
263 354 312 401 τὸ
337 355 386 401 δὲ
409 353 579 413 ἄδικον,
603 355 677 400 καὶ
699 353 800 400 τόδε
824 355 906 413 μὲν
931 354 1092 412 καλόν,
1116 353 1217 400 τόδε
1242 354 1290 400 δὲ
1309 353 1509 414 αἰσχρόν,

97 425 170 469 καὶ
193 421 295 469 τόδε
317 424 399 482 μὲν
421 421 560 481 ὅσιον,
584 422 685 469 τόδε
709 422 759 468 δὲ
790 421 994 481 ἀνόσιον,
1026 424 1100 469 καὶ
1123 421 1176 468 τὰ
1199 422 1280 481 μὲν
1304 427 1435 479 ποίει,
1460 420 1513 467 τὰ

99 492 148 537 δὲ
171 491 231 550 μὴ
255 497 382 538 ποίει.
432 493 506 538 καὶ
531 490 608 538 ἐὰν
631 491 713 550 μὲν
736 490 850 537 ἑκτὸν
874 497 1102 550 πείθηται·
1126 496 1167 537 εἰ
1190 491 1239 536 δὲ
1263 489 1338 549 μή,
1364 488 1512 549 ὥσπερ

98 558 230 614 ξύλον
255 558 630 620 διαστρεφόμενον
653 561 726 605 καὶ
750 558 1057 618 καμπτόμενον
1089 557 1364 605 εὐθύνουσιν
1388 557 1515 604 ἀπει-

99 634 196 682 λαῖς
219 629 294 674 καὶ
317 634 517 686 πληγαῖς.
545 626 671 674 Μετὰ
697 627 745 673 δὲ
767 630 905 674 ταῦτα
931 632 993 681 εἰς
1018 627 1301 674 διδασκάλων
1318 628 1516 686 πέμπον-

99 715 168 750 τες
193 695 306 742 πολὺ
329 699 497 755 μᾶλλον
528 697 802 742 ἐντέλλονται
835 698 1140 754 ἐπιμελεῖσθαι
1167 694 1402 754 εὐκοσμίας
1426 698 1516 741 τῶν

99 762 313 811 παίδων
296 763 324 823 ἡ
347 762 616 824 γραμμάτων
637 783 685 810 τε
709 765 782 810 καὶ
806 770 1086 824 κιθαρίσεως.
1115 767 1160 810 οἱ
1182 764 1230 809 δε
1256 763 1516 809 διδάσκαλοι
1554 773 1567 785 ¹

98 831 268 879 τούτων
290 852 337 879 τε
362 835 683 892 ἐπιμελοῦνται,
708 834 782 878 καὶ
807 832 990 879 ἐπειδαν
1014 833 1071 878 αὐ
1089 831 1320 892 γράμματα
1338 830 1517 914 μάθωσι

100 903 175 946 καὶ
205 902 397 960 μέλλωσι
436 899 647 959 συνήσειν
685 920 738 947 τα
770 902 1072 960 γεγραμμένα,
1122 899 1271 960 ω’σπερ
1306 898 1404 946 τότε
1435 899 1517 958 τὴν

103 967 283 1028 φωνήν,
314 970 637 1029 παρατιθέασιν
660 967 810 1023 αὐτοῖς
835 971 908 1016 ἐπὶ
937 971 1027 1015 τῶν
1057 967 1246 1029 βάθρων
1269 966 1520 1027 ἀναγιγνώ-

194 1097 508 1146 τὰμενποίει,
526 1096 579 1135 τὰ
598 1099 647 1135 δὲ
669 1097 744 1146 μὴ]
772 1101 954 1136 SicBodl.
980 1105 1018 1135 et
1038 1102 1121 1136 vat.
1149 1101 1246 1135 unde
1276 1101 1438 1134 Bekker.
1465 1112 1522 1134 as-

106 1149 261 1200 sumpsit
285 1148 525 1202 probantibus
535 1149 669 1181 ceteris
696 1148 824 1182 editor
842 1150 992 1191 praeter
1004 1147 1137 1181 Stallb.
1147 1148 1209 1190 qui
1224 1147 1326 1191 vulg.
1342 1142 1435 1181 τάδε
1452 1158 1524 1190 μεν

105 1212 151 1217 -—
165 1188 259 1227 τάδε
275 1190 318 1226 δὲ
335 1193 509 1226 servavit.

106 1284 236 1325 sensit,
252 1294 298 1316 ne
320 1283 484 1326 periculo
502 1283 645 1326 quidem
660 1293 782 1317 vacua

850 1284 1013 1317 laborem
1035 1284 1116 1326 pati
1135 1285 1278 1327 posset,
1310 1294 1346 1318 v.
1370 1283 1527 1325 Quintil.

108 1333 200 1371 erat,
217 1329 280 1362 sed
296 1332 338 1361 ut
367 1339 475 1372 quam
491 1329 623 1371 optimi
638 1329 728 1361 fiant
746 1332 782 1362 et

850 1330 943 1362 Inst.
963 1328 1066 1362 Orat.
1080 1331 1108 1364 Ι.
1128 1331 1158 1370 1,
1178 1331 1232 1364 15.
1271 1329 1421 1362 Platoni
1436 1340 1524 1362 vero

108 1378 283 1418 quantum
299 1385 364 1417 per
373 1385 497 1408 eorum
511 1373 782 1416 indolemlicet‚

106 1421 241 1454 virtute
264 1422 450 1455 ornentur.
495 1419 565 1453 Vel
586 1420 783 1453 Persarum

107 1476 172 1498 rex
190 1465 392 1505 eunuchos,
417 1465 548 1508 quibus
566 1473 698 1508 corpus
715 1465 783 1498 filii

109 1512 155 1544 ab
174 1513 255 1543 ortu
271 1510 430 1544 recentis
447 1510 647 1543 curandum
661 1511 781 1543 trade-

108 1558 184 1595 bat,
202 1556 310 1588 iussit
353 1555 588 1599 ηχανᾶσθαι,
607 1550 708 1595 ὅπως
725 1567 783 1589 οτι

108 1596 304 1640 κάλλιστος
313 1567 588 1643 gvoecffileib.
566 1601 595 1635 Ι.
602 1612 636 1644 Ρ
648 1603 710 1633 121
711 1600 783 1653 D).

108 1646 214 1680 Conf.
224 1646 389 1699 Euripid.
397 1646 492 1680 Med.
509 1657 543 1682 v.
552 1647 637 1679 289:
654 1641 723 1700 χρὴ
743 1640 783 1679 δ’

108 1686 267 1745 θ’ὔποθζ
293 1685 396 1731 ὅστις
419 1687 623 1734 ἀρτίφρων
634 1686 782 1746 πέφυκ’

109 1731 207 1780 ἀνὴρ
233 1736 387 1776 Παῖδας
403 1737 604 1789 περισσῶς
628 1731 783 1770 ε’κδιδά-

110 1777 273 1816 σκεσθαι
290 1777 444 1836 σοφούς.

157 1822 237 1861 ἐὰν
268 1824 351 1880 μὲν
388 1821 503 1860 ἕκών
535 1825 780 1870 πείθηται]

111 1873 235 1907 Intell.
255 1838 296 1906 εὖ
321 1869 362 1916 ἔχ
365 1883 416 1916 ει,
441 1873 630 1914 frequenti
648 1872 783 1915 ellipsi.

111 1929 146 1953 v.
163 1918 342 1961 Gregor.
340 1884 555 1951 χΟοτίῙιΗι.
570 1917 784 1952 deDialect.

112 1974 146 2007 p.
163 1964 208 1996 4⁷
223 1972 303 2015 sqq.
321 1965 358 1996 et
362 1973 484 2017 supra
499 1974 537 2005 p.
554 1964 617 1996 311
635 1963 680 1995 D.

158 2004 288 2043 Μετὰ
329 2004 377 2041 δὲ
411 2007 557 2041 ταῦτα
598 2004 662 2046 εἰς
694 2007 786 2041 διδ.

113 2051 245 2096 πέμπ.
249 2051 264 2098 ]
299 2052 427 2086 Omnis
456 2053 653 2087 liberorum
684 2053 788 2086 insti—

112 2099 209 2132 tutio
226 2108 335 2141 quum
358 2099 396 2131 in
420 2099 572 2131 arbitrio
594 2102 788 2141 parentum

113 2144 236 2188 posita
252 2146 362 2186 esset,
379 2146 421 2176 ut
435 2154 504 2177 nec
522 2144 667 2186 quando
678 2145 789 2187 'pueri

114 2200 183 2222 nec
206 2189 266 2221 cui
294 2190 332 2221 in
362 2189 595 2232 disciplinam
616 2189 788 2222 tradendi

115 2237 255 2276 essent,
293 2234 440 2276 publice
462 2235 790 2277 praescriberetur,

115 2279 678 2322 coniecturaidperspicipotest,
693 2280 791 2322 quod

115 2327 339 2368 Protagoras
355 2325 434 2367 ipse
456 2325 568 2367 paulo
585 2329 669 2367 post
684 2325 786 2364 dicit,

115 2381 267 2414 puerum
290 2369 402 2402 alium
429 2369 504 2402 alio
533 2371 669 2403 aetatis
694 2381 789 2404 anno

116 2415 282 2449 scholam
327 2415 564 2469 frequentare
600 2416 790 2470 coepisse·

116 2471 151 2503 p.
169 2461 234 2494 326
253 2459 296 2492 C:
333 2455 373 2492 οἷ
395 2454 539 2492 τούτων
571 2455 669 2499 υἷεῖς
691 2472 790 2514 πρω-

118 2505 273 2539 ιαίτατα
293 2501 346 2543 εἰς
364 2499 607 2538 διδασκάλων
623 2504 690 2547 τῆς
707 2501 790 2549 ἡλι-

118 2550 205 2603 κίας
214 2545 420 2602 ἀρξάμενοι
429 2549 570 2592 φοιτᾶν
579 2544 791 2592 ὀψιαίτατα

120 2589 437 2629 ἀπαλλάττονται.
486 2594 558 2627 Sed
588 2598 699 2636 quoto
732 2607 792 2629 ae-

120 2641 210 2673 tatis
226 2651 321 2673 anno
338 2641 543 2673 rectissime
559 2640 597 2672 id
612 2640 729 2680 fieret,
747 2641 791 2674 de

122 2695 166 2718 ea
198 2695 236 2718 re
267 2687 341 2718 iam
372 2687 468 2718 inter
489 2688 635 2718 veteres
656 2696 792 2729 magna

123 2733 204 2762 erat
218 2729 409 2764 dissensio.
427 2730 601 2773 Plerique
608 2731 680 2764 viri
694 2731 794 2764 docti

122 2785 254 2818 pueros
271 2778 410 2818 septem
435 2776 541 2809 annis
557 2777 715 2809 minores
732 2776 793 2810 lit-

121 2821 210 2853 teris
226 2820 471 2854 instituendos
479 2832 551 2854 non
559 2823 794 2864 putaverunt,

123 2866 211 2907 quia
236 2865 304 2898 illa
331 2866 472 2898 demum
500 2870 605 2899 aetas
635 2870 672 2899 et
687 2867 796 2900 intel—

121 2911 259 2943 lectum
282 2910 559 2953 disciplinarum
593 2922 726 2954 capere
760 2915 797 2945 et

851 1386 896 1407 ne
916 1385 960 1407 ea
983 1374 1128 1417 quidem
1152 1379 1256 1407 aetas
1281 1375 1394 1407 animi
1418 1385 1524 1409 exco—

850 1419 950 1453 lendi
965 1419 1086 1452 studio
1094 1419 1326 1453 maturavisa
1344 1423 1418 1461 est;
1437 1420 1526 1461 quin

850 1465 915 1498 ille
933 1475 1064 1508 pueros
1083 1465 1128 1498 ad
1146 1465 1446 1507 decimumusque
1464 1476 1524 1498 ae-

851 1511 940 1543 tatis
964 1520 1098 1543 annum
1122 1511 1168 1543 ad
1194 1511 1356 1553 eorporis
1382 1513 1526 1543 tantum

853 1555 1137 1589 exercitationes
1175 1558 1348 1598 artesque
1386 1556 1526 1588 incum—

852 1602 938 1634 bere
955 1601 1084 1639 voluit,
1101 1604 1142 1633 ut
1157 1600 1528 1634 decennalesdemum

851 1647 889 1678 in
906 1646 1097 1679 scribendo
1107 1646 1306 1689 etlegendo
1315 1657 1528 1680 exerceren-

850 1695 922 1734 tur,
945 1703 980 1725 v.
998 1692 1140 1734 deLeg.
1158 1703 1193 1734 p.
1210 1693 1326 1726 809E.
1344 1709 1386 1714 —
1403 1691 1530 1724 Publi-

853 1748 897 1769 ca
916 1747 1004 1769 eura
1021 1747 1063 1769 eo
1080 1740 1223 1769 tantum
1246 1738 1449 1779 spectavit,
1482 1747 1528 1768 ne

853 1783 964 1825 quid‘
955 1793 994 1814 111
1002 1782 1137 1815 scholis
1156 1786 1284 1818 contra
1297 1783 1530 1815 honestatem

851 1828 966 1869 fieret,
985 1838 1019 1861 v.
1026 1827 1196 1860 Aeschin.
1211 1838 1262 1860 or.
1272 1829 1288 1859 1
1294 1830 1423 1870 ‚9sqq.
1430 1827 1529 1859 Plat.

854 1853 996 1957 {iege}
988 1883 1034 1915 p.
1027 1873 1119 1953 .l804
1141 1874 1182 1908 Ε.
1211 1873 1377 1916 Xenoph.
1396 1872 1529 1915 Cyrop.

1014 1929 1035 1950 a

904 2002 1103 2042 έπειδαν
1156 2003 1406 2064 ’γράμματα
1446 2002 1532 2061 μά-

858 2051 990 2096 θωσι]
1015 2054 1082 2088 int.
1111 2049 1259 2097 γράψαι
1282 2065 1322 2087 τε
1345 2051 1411 2087 καὶ
1433 2065 1530 2087 ανα-

856 2098 999 2143 γνῶναι
1017 2099 1078 2140 (de
1101 2100 1191 2142 Leg
1219 2111 1254 2142 p.
1273 2101 1339 2132 810
1355 2098 1413 2142 B).
1447 2098 1532 2131 Solo

858 2156 915 2187 ap.
934 2145 1089 2178 Lucian
1107 2144 1249 2179 Anaeh.
1266 2146 1326 2177 21:
1360 2139 1532 2196 γράμμα-

857 2184 1404 2287 }.⁰5..}}{².?33.³⁰32335.5.535³³
1432 2183 1534 2273 “22⁰5

856 2291 926 2323 περ
943 2275 1039 2313 τότε.
1065 2291 1188 2322 quem
1211 2280 1439 2312 admodum
1463 2290 1533 2311 an-

857 2329 950 2366 tea,
969 2336 1002 2359 v.
1019 2325 1174 2358 Phaedr.
1207 2336 1240 2367 p
1266 2326 1329 2358 271
1346 2325 1388 2359 Ε.
1423 2325 1533 2367 θοι-,ς

854 2383 889 2415 p.
914 2370 1038 2405 4880.
1057 2371 1103 2404 al.

903 2410 979 2449 ἐπὶ
1012 2414 1102 2449 τῶν
1140 2410 1352 2459 βάθρων]
1402 2409 1532 2458 βάθρα

858 2466 945 2495 sunt
977 2460 1201 2494 subsellia
1233 2460 1532 2502 scholastica,

858 2518 893 2541 v.
912 2507 958 2539 ad
982 2517 1016 2548 p.
1034 2506 1100 2538 315
1118 2504 1157 2539 C.
1195 2504 1457 2538 commentarii
1479 2506 1532 2537 in-

859 2555 935 2585 star
953 2554 1010 2583 est
1025 2551 1129 2584 locus
1147 2551 1262 2594 Legg
1281 2562 1315 2594 p.
1326 2552 1392 2583 810
1408 2551 1456 2581 Ε;
1476 2548 1534 2582 λε’-

860 2609 912 2640 γω
929 2592 1010 2650 μὲν,
1028 2589 1087 2628 ὅτι
1100 2596 1268 2649 ‘maman‘
1288 2606 1327 2629 τε
1351 2591 1444 2647 ἡμῖν
1462 2591 1538 2627 εἰσί

860 2652 959 2680 τινες
977 2636 1078 2674 ἐπῶν
1094 2634 1305 2684 ἑξαμέτρων
1321 2636 1535 2692 παμπολλοι

859 2685 925 2720 καὶ
959 2683 1162 2739 τριμέτρων
1193 2685 1260 2719 καὶ
1298 2681 1454 2718 πάντων
1485 2679 1534 2739 δὴ

860 2732 936 2765 τῶν
969 2732 1179 2783 λεγομενων
1193 2726 1439 2787 μέτρων,οἷ
1467 2727 1537 2772 μὲν

862 2772 924 2810 ἐπὶ
954 2771 1206 2832 σπουδήν,οἴ
1232 2773 1274 2809 δὲ
1303 2770 1365 2808 ἐπὶ
1393 2772 1535 2818 γέλωτα

862 2816 1093 2873 ὡρμηκότες,
1126 2817 1166 2855 ἐν
1190 2818 1247 2859 οἷς
1273 2830 1367 2873 φασι
1392 2819 1477 2854 δεῖν
1493 2838 1536 2843 —-

864 2863 953 2905 τούς
977 2847 1102 2919 ὀρθῶς
1131 2863 1435 2908 παιδευομένους
1462 2865 1537 2899 τῶν

864 2910 958 2946 νέων
977 2909 1130 2954 τρέφειν
1154 2910 1218 2944 καὶ
1237 2910 1431 2954 διακορεῖς
1453 2922 1536 2944 ποι-

1241 2965 1263 2976 η
