1702 2924
511 213 756 254 GORGIAS.
784 213 828 252 P.
860 216 954 251 468.
984 212 1045 251 ed.
1076 212 1133 250 St.
1424 213 1502 249 153

148 328 248 379 λιμα
285 321 314 378 ᾖ
353 330 506 374 ταῦτα,
548 323 798 376 βουλόμεθα
838 321 1038 374 πράττειν
1074 320 1200 371 αὐτοί,
1242 319 1430 373 βλαβερὰ
1458 319 1503 361 δὲ

149 393 254 432 ὄντα
284 390 337 431 οὐ
365 390 625 443 βουλόμεθα.
653 387 706 430 τὰ
732 386 815 441 γὰρ
844 385 990 440 ἀγαθὰ
1019 386 1290 440 βουλόμεθα,
1333 384 1390 434 ὡς
1418 381 1505 439 φῂς

149 457 224 507 σύ,
268 454 319 496 τὰ
348 454 393 497 δὲ
420 456 523 509 μήτε
551 449 698 507 ἀγαθὰ
726 454 829 507 μήτε
857 451 968 494 κακὰ
999 452 1052 493 οὐ
1082 451 1356 505 βουλόμεθα,
1403 449 1503 493 οὐδὲ

148 522 199 563 τὰ
236 521 361 562 κακά.
398 515 425 574 ἦ
467 523 574 573 γάρ;
623 513 768 573 ἀληθῆ
796 527 864 560 σοι
893 519 1008 560 δοκῶ
1033 515 1192 571 λέγειν,
1237 510 1272 558 ὦ
1302 518 1438 566 Πῶλε,
1477 516 1505 570 ἢ

149 589 223 636 οὕς
270 586 320 627 Τι’
347 585 429 627 οὐκ
457 581 681 637 ἀποκρίνει
691 602 702 634 ;
757 584 900 625 ΠῼΛ.
945 585 1127 636 Ἀληθῆ.
1184 584 1284 623 ΣΩ.
1331 582 1507 624 Οὐκοῦν

149 651 264 704 εἴπερ
283 657 419 693 ταῦτα
438 650 747 704 ὁμολογοῦμεν,
778 648 818 690 εἴ
834 663 898 697 τις
918 644 1154 689 ἀποκτείνει
1179 646 1276 689 τινὰ
1301 647 1328 701 ἢ
1359 646 1506 701 ἐκβάλ-

148 720 210 758 λει
248 715 294 758 ἐκ
321 717 484 765 πόλεως
510 716 538 770 ἢ
567 712 810 769 ἀφαιρεῖται
836 715 1051 769 χρήματα,
1094 713 1174 754 εἴτε
1202 714 1417 766 τύραννος
1445 712 1507 755 ὢν

148 782 228 823 εἴτε
249 782 401 836 ῥήτωρ,
430 781 626 835 οἰόμένος
652 783 830 835 ἄμεινον
858 776 969 821 εἶναι
997 779 1124 836 αὐτῷ,
1154 793 1354 832 τυγχανει
1381 779 1426 821 δὲ
1454 775 1507 821 ὂν

149 848 315 897 κάκιον.
346 848 472 896 οὗτος
499 846 642 901 δήπου
669 849 786 888 ποιεῖ
810 847 837 887 ἃ
864 845 983 887 δοκεῖ
1010 845 1138 901 αὐτῷ.
1169 839 1195 898 ἧ
1223 860 1329 898 γαρ;
1361 846 1504 886 ΠῼΛ.

154 913 255 954 Ναί.
321 914 418 954 ΣΩ.
460 905 555 965 ³A9'
593 908 675 954 οὖν
710 911 782 954 καὶ
816 912 843 952 ἃ
883 911 1104 964 βούλεται,
1150 910 1266 962 εἴπερ
1306 912 1507 964 τυγχάνει

150 985 283 1020 ταῦτα
320 977 430 1019 κακὰ
466 979 595 1027 ὄντας
641 977 692 1019 Τί
720 978 800 1020 οὐκ
830 976 1076 1030 οἱποκρίνει,·
1128 977 1273 1017 ΠΩΛ.
1308 971 1422 1017 Ἀλλ’
1454 978 1506 1017 οὔ

148 1059 222 1098 μοι
259 1044 379 1085 δοκεῖ
411 1046 551 1085 ποιεῖν
580 1039 609 1083 ἃ
636 1043 846 1096 βούλεται.
906 1043 1004 1084 Σῼ.
1040 1037 1200 1082 ”Εστιν
1228 1036 1309 1083 οὖν
1338 1038 1453 1090 ὅπως
1483 1041 1507 1083 ὁ

149 1115 342 1158 τοιοῦτος
371 1107 479 1162 μέγα
507 1109 689 1150 δύναται
717 1106 764 1149 ἐν
790 1114 841 1162 τῇ
872 1108 992 1149 πόλει
1020 1108 1164 1161 ταύτῃ,
1196 1106 1313 1159 εἴπερ
1342 1104 1427 1147 ἐστὶ
1456 1105 1504 1147 τὸ

148 1172 255 1228 μέγα
304 1174 520 1216 δύνασθαι
566 1169 738 1227 ἀγαθόν
780 1188 820 1214 τι
865 1172 972 1214 κατὰ
1010 1171 1089 1227 τὴν
1129 1170 1211 1226 σὴν
1249 1171 1506 1226 ὁμολογίαν;

217 1315 256 1347 C.
306 1314 358 1347 Τί
384 1312 462 1347 οὐκ
492 1311 778 1357 ἀποκρίνει;]
809 1315 920 1347 Prave
949 1314 1036 1347 haee
1066 1313 1230 1346 videntur
1260 1324 1304 1346 ex
1337 1314 1507 1357 proximis

150 1361 216 1393 huc
239 1361 381 1392 invecta
404 1370 490 1392 esse.

217 1406 260 1438 D.
308 1405 352 1438 εἴ
380 1417 443 1439 τις
467 1402 739 1437 ἀποκτείνει
765 1402 879 1447 τινὰ]
913 1405 1004 1437 Vett.
1029 1404 1123 1437 editt.
1149 1402 1192 1447 ἦν
1218 1416 1242 1436 τ.
1266 1401 1455 1446 ἀποκτείνῃ
1481 1416 1507 1436 τ.

151 1450 218 1483 Sed
243 1448 288 1493 ἢν
311 1450 430 1483 nullus
456 1450 574 1492 codex,
599 1450 856 1482 coniunctivam
879 1451 1082 1493 paucissimi
1105 1454 1256 1482 tuentur.
1291 1450 1381 1483 Nam
1404 1450 1509 1482 etiam

150 1507 211 1538 pro
231 1495 324 1539 vulg.
346 1494 502 1538 ἐκβάλλῃ,
528 1493 718 1538 ἀφαιρῆται
737 1499 770 1528 et
794 1494 940 1539 τυγχάνῃ
964 1496 1119 1539 plerique
1143 1506 1262 1528 omnes
1286 1505 1366 1527 eum
1390 1495 1507 1528 Clark.

152 1547 187 1574 et
210 1542 289 1574 Vat.
313 1541 540 1573 indicativum
565 1540 839 1597 suppeditarunt.

221 1583 350 1626 ἅμειι
361 1598 410 1618 ον
434 1581 550 1619 εἶναι
574 1584 709 1630 αυτῷ]
735 1587 791 1619 Sic
809 1586 929 1629 optimi
949 1590 983 1618 et
992 1585 1147 1641 plurimi
1170 1585 1261 1618 libri.
1296 1585 1411 1628 Vulgo
1436 1590 1510 1618 erat

153 1627 244 1664 εἶναι
268 1629 361 1675 αὐτῷ
385 1629 537 1671 ἄμεινον.
569 1632 794 1687 Scripsimus
818 1636 932 1664 autem
956 1629 1051 1675 αὐτῷ
1075 1642 1153 1664 cum
1176 1631 1387 1674 Hirsehigio.
1418 1631 1507 1664 conf.

154 1688 186 1720 p.
210 1676 287 1710 468.
311 1678 350 1709 B
376 1674 521 1716 ἄμεινον
545 1672 635 1709 εἶιαι
659 1675 754 1731 ἡμῖν.

219 1723 260 1754 Ε.
297 1721 346 1754 ἐν
370 1724 415 1764 τῇ
441 1720 563 1754 πόλει
588 1721 740 1766 ταύτῃ]
765 1722 961 1755 Findeisen.
978 1727 1013 1754 et
1035 1722 1236 1754 Buttmann.
1260 1720 1362 1764 ταύτῃ
1387 1721 1508 1754 abesse

151 1767 337 1809 malebant,
362 1767 432 1800 sed.
456 1778 488 1802 v
514 1778 594 1800 ann.
642 1769 727 1801 Mox
750 1779 811 1810 pro
837 1766 878 1799 ἐν
902 1765 998 1800 πόλει
1021 1767 1180 1810 Hirehig
1206 1766 1247 1799 ἐν
1272 1770 1310 1810 τῆ
1335 1779 1370 1799 π.
1395 1768 1485 1800 coni.

151 1897 198 1928 Β·
236 1893 319 1928 ἀλλὰ
356 1898 389 1928 τί
421 1897 466 1928 ἔτι
501 1895 544 1929 οὐ
575 1896 683 1939 λέγεις
712 1895 732 1928 ὅ
766 1909 794 1929 τι

152 1945 353 1996 σκοπῶμεη
386 1941 505 1984 Lysid.
529 1952 562 1983 p.
585 1940 663 1974 211.
686 1944 737 1975 1)-
764 1944 798 1974 τί

151 1981 219 2019 οὖι
242 1984 306 2019 οὐκ
331 1985 482 2029 ἐρωτᾷς;
507 1987 793 2029 Aristophan-

150 2033 332 2074 Lysistrat.
357 2043 388 2064 v.
412 2030 518 2065 1103:
550 2034 583 2064 τί
604 2030 647 2064 οὐ
671 2034 794 2065 καλοῦ-

149 2089 215 2116 μεν
240 2075 322 2120 δῆτα
348 2076 409 2120 τὴν
434 2075 697 2120 1υσιστράτηιγ
721 2078 795 2110 Ρο-

150 2099 792 2178 lyb.XX1,21..T1V..p85:0‘

152 2166 192 2200 δὲ
210 2170 278 2199 τῶν
300 2166 468 2200 Αἰτωλῶν
489 2166 592 2200 Φαιτ’
568 2179 645 2206 εας,
673 2168 718 2201 Τί
728 2162 795 2200 οὖν

153 2210 236 2254 ἡμῖν
281 2210 346 2244 οὐκ
386 2210 583 2250 ἀποδίδως,
637 2212 793 2251 Φίλιππε,

153 2257 234 2299 ἔφη,
267 2255 453 2297 Λάρισσαν
476 2255 538 2300 τὴν
564 2256 794 2301 Κρεμαστήν;

154 2314 182 2334 κ.
209 2314 234 2333 τ.
259 2303 285 2334 λ.
332 2302 533 2345 Fingendus
557 2308 671 2336 autem
689 2303 794 2336 Polus

152 2352 205 2379 est
234 2348 491 2390 responsionem
523 2348 592 2380 iam
622 2348 795 2389 cohibere,

153 2393 279 2435 quippe
326 2393 385 2434 qui
431 2393 699 2434 verecundetur,
750 2405 794 2426 ne

151 2437 286 2480 laqueis
310 2437 498 2470 dialecticis
521 2439 704 2471 irretiatur.

198 2528 237 2561 Ε.
294 2527 338 2560 ἐν
381 2530 426 2569 τῇ
472 2525 594 2560 πόλει
644 2527 792 2572 ταύτῃ]

154 2573 198 2604 Η.
239 2583 268 2604 e.
314 2573 360 2604 in
406 2573 514 2605 urbe
553 2577 683 2606 antea
720 2585 795 2606 me-

153 2621 343 2658 morata,
367 2618 409 2649 in
434 2628 517 2659 qua
539 2618 648 2651 talia
671 2619 795 2660 fiant,

151 2662 190 2694 in
205 2662 267 2694 der
282 2660 385 2695 Stadt
398 2661 484 2701 dart,
504 2674 569 2695 von
591 2663 653 2696 der
666 2664 796 2707 frviher

150 2707 355 2749 gesprachen
400 2708 525 2740 warde.
586 2709 798 2742 Heindor-

155 2752 172 2785 f
179 2751 267 2794 ius,
298 2753 460 2796 quoniam
490 2753 533 2786 de
563 2753 710 2787 Athenis
741 2764 797 2788 co-

862 1895 1013 1940 gitabat,
1047 1906 1193 1938 quarum
1223 1896 1353 1928 mentio
1377 1895 1434 1928 hie
1457 1895 1509 1928 in-

863 1947 942 1984 epta
980 1945 1048 1982 est,
1095 1941 1211 1973 locum
1259 1941 1390 1983 aliquid
1431 1941 1509 1974 vitii

862 1987 1010 2019 traxisse
1050 1986 1204 2029 putabat.
1265 1988 1312 2019 At
1349 1987 1441 2020 enim
1478 1987 1509 2019 si

863 2033 1019 2065 Athenae
1043 2032 1329 2076 intelligerentur,
1368 2031 1406 2065 ἐν
1430 2031 1509 2075 τῇδε

866 2081 903 2119 τῇ
927 2076 1022 2110 πόλει
1046 2079 1212 2120 scriptum
1236 2083 1337 2117 esset,
1370 2088 1442 2110 non
1467 2077 1509 2110 ἐν

865 2126 902 2165 τῇ
927 2121 1021 2155 πόλει
1046 2121 1159 2165 ταύτῃ.
1202 2123 1391 2156 Verissime
1415 2123 1508 2155 enim

863 2168 1053 2201 Boeekh.
1080 2169 1158 2201 Not.
1190 2169 1262 2201 crit.
1295 2168 1338 2201 ad
1368 2168 1509 2201 Pindar.

863 2225 895 2256 p.
918 2212 996 2247 381.
1030 2214 1273 2254 Athenienses,
1295 2214 1420 2256 inquit,
1446 2214 1508 2245 ubi

862 2259 1010 2292 Athenis
1025 2264 1116 2300 sunt,
1138 2258 1257 2291 urbem
1274 2269 1372 2292 suam
1388 2258 1510 2291 dicunt

865 2302 967 2346 τήνδε
984 2302 1089 2358 ‚11312'
1079 2303 1200 2337 πόλιν.·
1235 2305 1296 2337 ubi
1319 2314 1401 2337 vero
1427 2302 1507 2336 ταύ-

864 2361 926 2392 την
958 2347 1020 2392 τὴν
1046 2348 1144 2382 milo
1167 2350 1367 2391 nominant,
1403 2350 1510 2392 signi-

863 2395 986 2427 ficatur
1024 2395 1107 2427 urbs
1145 2399 1237 2427 certa
1264 2375 1367 2428 modd
1398 2395 1510 2428 obiter

863 2444 1052 2472 memorata
1065 2445 1099 2472 et
1114 2440 1157 2472 ab
1173 2440 1252 2472 aliis
1265 2440 1510 2483 distinguenda

864 2490 924 2517 aut
956 2485 1114 2527 opposita
1143 2485 1222 2526 alii,
1257 2496 1347 2528 quae
1379 2486 1410 2518 si
1439 2496 1509 2518 me-

863 2529 1071 2570 morabitur,
1107 2530 1241 2563 dicetur
1264 2530 1411 2586 ἐκείνηέ
1455 2531 1507 2563 Cf.

864 2586 897 2618 Ρ.
921 2574 998 2608 469.
1022 2576 1069 2607 E:
1106 2574 1195 2608 οὕτω
1228 2574 1317 2630 μέγα
1348 2574 1415 2619 ἐγώ
1448 2573 1508 2607 δυ-

868 2619 1023 2659 ναμαιέι·
1035 2633 1073 2662 τῃ
1060 2620 1117 2653 δε
1134 2623 1173 2663 τῇ
1193 2618 1296 2653 πόλει.
1301 2623 1359 2708 Ρ,Ρ
1373 2619 1451 2654 517.
1464 2621 1506 2652 A.

865 2650 943 2699 52'1.
968 2666 1006 2698 C.
1050 2634 1171 2708 Hippi]
1185 2666 1269 2699 Mai.
1327 2664 1438 2698 .282.
1461 2666 1508 2697 B.

865 2709 904 2743 ἐκ
928 2710 1026 2752 τῆς-δε
1050 2714 1108 2754 τῆς
1133 2709 1275 2745 πόλεως.
1302 2711 1390 2743 Tim.
1404 2721 1438 2753 Ρ.
1452 2709 1508 2743 22.

865 2757 913 2789 A:
940 2755 978 2788 οἱ
1001 2754 1091 2800 τῇδε,
1116 2756 1430 2791 Athenienses.
