1696 2918
482 191 726 233 somne.
754 191 798 230 P.
830 192 925 229 449.
956 189 1015 228 ed.
1047 188 1103 227 St.
1157 171 1159 173 ’
1421 183 1473 221 8⁷

117 303 291 358 Γοργία,
321 301 460 355 ὥςπερ
485 305 573 344 νῦν
599 300 905 355 διαλεγόμεθα
934 295 1167 339 διατελέσαι
1193 294 1242 337 τὸ
1269 292 1348 348 μὲν
1375 290 1474 345 ἐρω-

115 371 216 419 τῶν,
244 370 293 411 τὸ
322 366 359 411 δ’
388 367 734 421 ἀποκρινόμενος,
762 365 811 407 τὸ
840 363 884 406 δε
911 370 1046 417 μῆκος
1064 364 1152 404 τῶν
1174 361 1314 414 λόγων
1331 364 1473 408 τοῦτο,

113 430 210 478 οἷον
238 435 308 477 καὶ
337 436 492 482 Πῶλος
517 432 684 487 ἤρξατο,
716 431 906 479 εἰςαῦθις
933 426 1208 477 α’ποθέσθαις
1236 420 1338 476 ἀλλ’,
1368 419 1473 475 ὅπερ

115 501 321 555 ὑπισχνεῖ,
349 498 407 554 μὴ
435 499 600 552 ψεύσῃ,
629 495 735 539 αλλὰ
763 493 970 548 ἐθέλησον
999 493 1105 536 κατὰ
1134 492 1271 547 βραχυ
1295 490 1344 532 τὸ
1373 488 1472 542 ἐρω-

112 566 306 619 τώμενον
345 565 671 640 α’ποκρίνεσηθαι
724 564 766 604 Γ
764 563 849 603 ΟΡ
887 558 986 602 Εἰσὶ
1023 558 1125 614 μέν,
1170 560 1204 602 ὠ
1233 559 1472 610 Σώκρατες,

113 629 222 674 ἔνιαι
247 632 335 672 τῶν
356 630 623 682 ἀποκρίσεων
647 623 875 682 ἀναγκαῖαι
895 625 967 668 διὰ
987 628 1164 680 μακρῶν
1191 624 1293 673 τους
1316 623 1474 676 λόγους

111 699 357 738 ποιεῖσθαι·
398 697 452 738 οὐ
492 694 578 776 μὴν
607 693 712 736 αλλὰ
750 692 1006 746 πειρασομαί
1042 706 1090 746 γε
1119 691 1176 740 ὠς
1211 690 1281 732 διὰ
1317 690 1472 743 βραχυ-

111 763 261 804 τάτων.
291 760 364 804 καὶ
390 761 472 816 γὰρ
502 756 556 803 αὐ
585 759 656 802 καὶ
685 766 813 801 τοῦτο
842 758 891 800 ἓν
918 757 1031 799 ἐστιν
1060 757 1122 799 ὡν
1150 771 1282 810 φημι,
1311 751 1473 808 μηδένα

112 827 167 870 ἂν
196 827 244 870 ἐν
271 826 548 902 βραχυτέροις
586 825 693 879 ἐμοῦ
728 825 780 866 τὰ
820 823 935 866 αὐτὰ
970 823 1113 865 εἰπεῖν.
1170 823 1265 863 Σῼ.
1303 821 1473 862 Τούτου

110 892 197 948 μὴν
233 893 319 944 δεῖ,
372 893 405 934 ὠ
445 894 487 934 Γ
482 904 625 946 οργια
681 890 756 933 καί
793 905 867 945 μοι
906 888 1103 940 ἐπίδειξιν
1139 883 1277 930 αὐτοῦ
1314 886 1473 928 τούτου

111 959 286 1014 ποίησαι
303 989 313 1007 ,
363 963 439 1012 τῆς
487 957 800 1012 βραχυλογίας,
853 953 1141 1010 μακρολογίας
1179 953 1225 996 δὲ
1270 952 1471 1001 εἰςαῦθις.

177 1083 217 1116 Β.
263 1079 541 1120 ἀποθέσθαι·
565 1077 658 1118 αλλ’,
683 1079 791 1122 ὅπερ
814 1078 872 1124 -]
896 1080 980 1112 Post
1003 1076 1209 1112 ἀποθέσθαι
1232 1076 1337 1109 Vina.
1350 1075 1382 1110 6.
1405 1086 1473 1113 ree.

112 1129 203 1172 Aug.
226 1128 367 1161 Meerm.
393 1131 428 1159 et
450 1127 594 1160 Routhii
617 1126 716 1159 Bodl.
740 1125 871 1158 addunt
896 1123 976 1158 Ναι.
1025 1124 1093 1157 Sed
1116 1134 1149 1156 v,
1173 1134 1255 1156 ann.

181 1172 225 1206 τὸ
257 1170 551 1215 ἐρωτώμενον
584 1169 944 1215 ἀποκρίνεσθαι]
988 1170 1031 1203 V.
1055 1168 1320 1212 ἀποκρίνασθαι
1353 1167 1473 1200 invitis

112 1218 210 1252 codd.
257 1220 358 1252 Unus
381 1219 460 1251 Par.
482 1218 523 1250 E.
548 1218 714 1250 aoristum
738 1221 854 1250 tuetur
877 1227 954 1249 cum
978 1216 1067 1258 Aug.

178 1264 216 1298 C.
265 1263 311 1297 δὲ
334 1262 562 1307 εἰςαῦθις]
589 1262 642 1297 εἰς
667 1255 773 1297 αὖθις
799 1262 929 1303 Clark„
953 1265 993 1294 ut
1015 1261 1114 1294 solet.

112 1379 182 1411 καὶ
206 1375 363 1412 ἄλλους
389 1395 435 1402 --
458 1381 624 1415 ποιεῖν,
648 1375 761 1409 intell.

113 1421 258 1468 ρ’ήιορας
282 1420 454 1466 ἀγαθούς.

159 1491 198 1523 Β.
244 1487 347 1523 α’λλὰ
380 1491 450 1523 καὶ
483 1487 659 1533 ἄλλοθι]
706 1489 760 1521 Ita

114 1536 261 1579 Gorgias
293 1537 433 1569 Menon.
463 1546 496 1578 p.
521 1533 575 1568 70.
599 1536 642 1567 A.
666 1545 760 1577 seqq.

113 1583 150 1615 in
189 1581 374 1614 Thessalia
416 1584 644 1614 commoratus
683 1590 759 1612 esse

114 1627 241 1660 dicitur
262 1627 380 1670 ibique
403 1637 531 1670 magna.
553 1637 632 1659 cum
657 1625 759 1658 laude

114 1673 321 1716 sapientiam
352 1683 450 1705 suam
479 1671 567 1704 alios
590 1671 760 1704 docuisse.

115 1719 265 1752 Omnino
282 1717 341 1750 ille
358 1717 487 1750 multas
503 1717 640 1750 videtur
656 1717 760 1749 Grae-

114 1765 188 1797 ciae
217 1763 376 1807 regiones
405 1773 617 1806 peragrasse.
649 1773 681 1794 v,
715 1763 759 1795 Η.

113 1810 154 1842 Ε.
172 1810 292 1842 Foss.
316 1809 369 1842 De
389 1809 519 1852 Gorgia
531 1809 652 1841 Leont.
661 1819 694 1851 Ρ.
704 1806 759 1841 24.

160 1874 204 1910 τὸ
245 1875 291 1909 δὲ
331 1879 465 1919 μῆκος
505 1879 584 1908 τῶν
618 1873 760 1919 λόγων

117 1934 146 1955 κ.
178 1934 204 1954 τ.
235 1921 282 1965 λ.]
335 1921 436 1954 Ridet
471 1921 663 1963 sophistas,
701 1921 762 1962 qui

114 1978 220 2010 quum
250 1970 285 2000 et
314 1967 544 2010 βραχυλογίας
574 1971 608 1998 et
630 1977 760 2007 μακρο-

114 2014 231 2056 λογιάς
269 2022 307 2045 so
344 2012 472 2055 peritos
511 2010 761 2054 profiterentur,

114 2062 231 2090 tamen
266 2057 382 2101 longis
419 2057 650 2098 orationibus,
690 2067 762 2089 una

116 2103 341 2146 perpetuitate
370 2102 648 2143 decurrentibus,
688 2107 760 2134 ute-

116 2148 255 2189 bantur,
279 2159 347 2190 quo
364 2148 502 2181 facilius
525 2151 668 2191 possent
689 2148 762 2180 ani-

116 2205 190 2226 mos
229 2193 444 2227 audientium
481 2193 627 2226 delinire
659 2198 762 2235 atque

115 2239 246 2272 fallere.
270 2239 359 2272 conf.
382 2239 527 2272 Phaedr.
553 2237 687 2282 Ρ..267
710 2239 762 2280 Β.,

117 2285 179 2317 ubi
213 2284 295 2317 item
326 2284 368 2317 de
401 2285 532 2328 Gorgia
563 2294 674 2317 sermo
699 2288 762 2325 est,

116 2331 295 2386 Protagor.
334 2340 367 2384 Ρ.
398 2327 477 2363 334.
505 2330 546 2362 Ε.
586 2348 629 2354 -
670 2330 762 2362 Ante

116 2372 198 2414 ἀλλ’,
222 2374 310 2415 ὅπερ
336 2372 498 2416 ὖπισχνεῐ
517 2374 608 2417 quod
631 2375 668 2406 in
701 2375 763 2407 ali-

117 2425 203 2463 quot
218 2419 315 2453 codd.
344 2418 419 2452 Ναί
438 2420 678 2463 interpositum
700 2424 763 2462 est,

117 2469 208 2499 recte
241 2465 407 2498 iudicavit
434 2465 658 2498 Routhius
689 2476 763 2498 ora-

118 2512 248 2543 tionem
281 2511 357 2543 sine
386 2509 496 2543 ullius
525 2511 682 2553 responsi
712 2511 764 2543 in-

119 2556 320 2589 teriectione
342 2555 432 2589 bene
451 2556 644 2598 procedere.
673 2556 763 2589 Nam

119 2602 184 2634 etsi
216 2602 364 2644 Gorgias
394 2600 548 2634 nondum
578 2601 764 2644 respondit,

118 2651 235 2680 tamen
275 2647 454 2687 Socrates,
491 2646 653 2688 quoniam
685 2658 764 2680 eum

119 2691 279 2736 precibus
292 2693 365 2726 suis
379 2691 637 2726 satisfacturum
648 2693 764 2734 sumit,

120 2737 297 2772 hominem
325 2748 404 2772 eum
434 2738 594 2772 irrisione
617 2737 765 2781 quadam

829 1374 1012 1408 admonere
1026 1376 1149 1417 potest,
1171 1383 1216 1405 ne
1238 1372 1342 1404 fidem
1364 1372 1474 1406 fallat.

828 1421 927 1461 Quae
942 1421 1030 1452 ratio
1045 1419 1161 1452 nescio
1180 1429 1241 1451 cur
1259 1418 1474 1461 displicuerit

826 1467 1102 1498 Buttmanno.
1160 1465 1305 1497 Prorsus
1351 1463 1474 1496 eodem

827 1511 928 1544 modo
966 1522 1030 1544 nos
1065 1510 1254 1552 loquimur:
1307 1509 1351 1541 Μ
1352 1509 1474 1542 ὂοήἰεει

827 1557 876 1590 du
905 1556 1008 1598 wohl,
1046 1554 1213 1597 Gor-qim,
1250 1565 1286 1587 so
1316 1555 1377 1587 wie
1410 1555 1474 1587 wir

819 1602 903 1645 jetzt
945 1602 1006 1634 mit
1046 1601 1212 1634 einander
1250 1600 1356 1632 reden
1362 1624 1372 1641 ,
1419 1600 1475 1633 die

830 1646 943 1681 Sache
974 1646 1156 1689 beendiyen
1178 1665 1222 1671 —
1230 1670 1241 1688 ,
1272 1646 1328 1678 die
1351 1645 1475 1688 langen

828 1693 947 1726 Reden
959 1693 1042 1725 aber
1050 1692 1120 1735 fiir
1141 1692 1196 1725 ein
1220 1690 1403 1724 andermal
1424 1691 1476 1723 bei

830 1737 921 1772 Seite
935 1736 1051 1781 leyen?
1066 1757 1111 1763 —
1140 1737 1232 1770 Aber
1247 1736 1330 1769 dass
1341 1737 1391 1769 du
1407 1737 1476 1769 mir

828 1784 947 1826 Ιιᾶίεει,
982 1795 1065 1816 was
1095 1783 1151 1816 du
1174 1781 1475 1824 versprichst!

829 1840 856 1862 s.
888 1829 1000 1872 quod
1030 1840 1078 1871 pr
1091 1828 1272 1861 ofiteris
1297 1831 1361 1859 etc.
1409 1827 1475 1860 Ita-

829 1886 895 1918 que
926 1873 1032 1916 ὄπερ
1065 1872 1137 1907 ὖπι
1151 1884 1246 1915 σχνε
1258 1877 1274 1905 ϊ
1294 1872 1378 1905 dicit
1400 1883 1476 1914 pro-

828 1925 963 1963 pterea,
994 1919 1085 1962 quod
1108 1918 1282 1962 significat
1304 1917 1475 1951 confidere

829 1977 866 1998 se
899 1966 1063 2009 Gorgiam
1101 1964 1270 1997 desiderio
1311 1974 1374 1996 suo
1405 1964 1476 1996 iam

830 2011 1027 2045 satisfacere
1037 2034 1045 2050 ‚
1075 2020 1189 2052 neque
1212 2019 1299 2052 opus
1323 2012 1376 2041 est
1397 2019 1477 2041 cum

829 2057 908 2090 Ast
918 2057 957 2089 io
987 2056 1157 2099 corrigere
1181 2055 1281 2097 εἴπερ
1308 2052 1476 2097 ὑπισχνεῖ-

829 2102 985 2136 Alteram
1013 2101 1110 2134 illam
1145 2100 1329 2134 lectionem
1352 2101 1395 2132 iis
1420 2100 1477 2133 de-

829 2147 914 2189 beri,
949 2148 1008 2191 qui
1031 2147 1121 2180 hanc
1143 2146 1309 2189 loquendi
1331 2146 1477 2178 formam

829 2204 898 2226 non
923 2194 1191 2236 perspexissent,
1214 2203 1284 2224 non
1309 2196 1363 2224 est
1385 2191 1477 2233 quod

830 2238 976 2272 dubites.
995 2257 1038 2263 --
1062 2237 1196 2280 εθελη
1208 2247 1286 2270 σον
1308 2255 1354 2262 —-
1376 2235 1476 2269 ἀπο-

831 2296 878 2327 κρ
895 2284 1093 2323 ι’,νεσθαι
1131 2287 1300 2326 promto
1340 2287 1384 2315 et
1413 2293 1477 2325 pa.-

829 2334 926 2364 rato
950 2330 1063 2362 anim
1076 2339 1095 2361 o
1120 2339 1247 2371 respo
1261 2328 1352 2361 nde.
1376 2337 1410 2361 v.
1434 2327 1478 2360 ad

831 2376 989 2430 Sympos.
1013 2385 1046 2417 p.
1071 2373 1146 2407 183.
1160 2374 1202 2406 Α.

878 2421 915 2454 G.
941 2418 994 2454 ὥς
1015 2416 1084 2452 διὰ
1104 2416 1404 2462 βραχυτάτων]
1432 2415 1478 2452 ὦς

831 2465 1044 2519 iungendum
1079 2469 1132 2497 est
1164 2475 1243 2497 cum
1267 2463 1478 2516 superlativo

832 2512 945 2554 βραχυ
950 2509 1074 2549 τάτων,
1116 2510 1165 2542 ita
1202 2513 1242 2542 ut
1281 2520 1404 2542 sensus
1435 2509 1480 2541 sit

831 2557 940 2596 idem,
976 2566 1018 2588 ae
1042 2556 1073 2588 si
1096 2556 1242 2589 dixisset
1264 2552 1312 2589 ὠς
1340 2551 1422 2587 οιόν
1446 2564 1480 2586 τε

835 2600 891 2635 διὰ
915 2599 1158 2644 βραχυτάτων,
1190 2605 1229 2633 ut
1259 2611 1340 2633 mox
1370 2599 1480 2654 loqui-

832 2652 889 2680 tur
912 2647 1080 2680 Socrates.
1110 2666 1156 2671 —
1190 2644 1364 2680 Τούτου
1396 2642 1481 2688 μὴν

834 2692 921 2730 δεῖ,
945 2693 1026 2725 hoc
1049 2703 1168 2734 vero,
1192 2691 1481 2734 breviloquentia,
1533 2698 1538 2707 ·

833 2748 945 2781 opus
967 2741 1045 2771 est.
