1696 2976
454 162 866 200 PROTAGORAS.
906 162 947 198 P.
970 164 1048 198 325.
1078 161 1157 199 s'r.
1458 155 1512 198 79

101 281 228 324 τοῦτο
253 278 302 324 δὲ
324 276 408 337 μή,
442 278 622 334 σκέψαι,
647 274 705 330 ὡς
728 281 993 336 θαυμασίως
1018 281 1244 335 γίγνονται
1268 277 1314 322 oc
1335 271 1511 332 ἀγαθοί.

100 343 167 392 ὅτι
190 346 272 406 μὲν
294 345 378 405 γὰρ
405 344 614 392 διδακτὸν
637 342 742 391 αὐτὸ
770 343 979 403 ἡγοῦνται
997 345 1070 391 καὶ
1098 348 1190 405 ἰδία
1208 344 1282 390 καὶ
1306 346 1513 402 δημοσίᾳ,

101 412 414 474 ἀπεδείξαμεν·
464 416 674 460 διδακτοῦ
699 412 748 458 δὲ
771 411 896 466 ὄντος
927 414 1002 459 καὶ
1025 413 1307 472 θεραπευτοῦ
1322 447 1334 470 ,
1358 410 1410 457 τὰ
1434 410 1516 469 μὲν

103 480 214 528 ἄλλα
237 481 323 542 ἄρα
346 481 448 536 τοὺς
466 485 579 536 υἱεῖς
597 479 895 539 διδάσκονται,
921 479 992 539 ἐφ’
1021 478 1086 536 οἷς
1110 479 1191 527 οὐκ
1215 485 1306 527 ἔστι
1323 477 1517 531 θάνατος

103 548 130 609 ἡ
155 555 306 610 ζημία,
342 549 420 597 ε’ἀν
442 549 502 610 μὴ
527 552 803 607 ἐπιστῶνται,
830 547 900 609 ἐφ’
932 542 995 595 ὧν
1019 550 1068 595 δὲ
1091 546 1120 608 ἥ
1142 568 1189 595 τε
1221 553 1349 608 ζημία
1372 545 1518 594 θάνα-

104 637 176 673 τος
207 617 355 666 αὐτῶν
385 630 476 674 τοῖς
500 619 626 665 παισὶ
657 619 731 664 καὶ
754 619 896 677 φυγαὶ
926 615 985 676 μὴ
1009 619 1205 676 μαθοῦσι
1236 617 1348 676 μηδὲ
1378 624 1518 676 θερα-

105 695 342 734 πευθεῖσιν
367 692 428 742 εἰς
461 685 645 747 ἀρετήν,
678 687 752 732 καὶ
783 685 892 746 πρὸς
916 689 976 748 τῷ
1000 684 1183 747 θανάτῳ
1207 683 1443 745 χρημάτων
1473 702 1520 730 τε

107 754 340 814 δημεύσεις
371 757 445 802 καὶ
470 754 527 810 ὡς
559 760 661 809 ἔπος
686 759 829 801 εἰπεῖν
853 752 1106 813 ξυλλήβδην
1138 756 1228 800 τῶν
1251 761 1388 800 οἴκων
1412 751 1522 798 ἀνα-

198 917 405 962 &vivatne
422 917 445 966 ἡ
466 920 620 966 ζημία]
642 922 746 957 Bodl.
763 921 870 956 Vind.
894 922 1024 955 Venet.
1043 921 1080 956 S.
1097 921 1263 955 Ambros.
1286 921 1329 954 θ.
1348 913 1373 963 ἢ
1395 919 1521 963 ζημία.

109 967 226 1009 Male3
245 979 278 1002 v.
299 971 424 1000 annot.
442 968 632 1000 Deinlibri
642 978 767 1000 omnes
785 961 850 1009 ἐφ’
869 959 922 1000 ὧν
938 965 995 1020 δέ’,
1019 977 1082 1021 pro
1101 967 1387 1008 quostallbaum
1397 969 1433 998 et
1450 975 1523 999 rec.

109 1013 237 1047 editor.
254 1013 297 1046 de
314 1013 527 1046 Heindorfia
545 1016 759 1046 coniectura
775 1013 904 1055 scripS.
925 1007 972 1055 ἐφ
1007 1024 1035 1058 ῳ
1057 1009 1112 1046 δὲ.
1130 1012 1312 1054 Sauppius
1330 1021 1415 1044 vero
1428 1019 1525 1042 nunc

109 1058 283 1091 librorum
299 1060 518 1101 scripturam
536 1059 753 1099 vindicavit,
777 1059 826 1093 cf.
845 1058 945 1092 Stud.
969 1057 1094 1100 philol.
1121 1068 1155 1100 p.
1173 1058 1239 1090 849
1258 1067 1310 1099 sq.
1349 1057 1420 1089 Pro
1444 1050 1524 1089 ἐπι·

108 1103 290 1146 στῶνται,
321 1104 417 1146 quod
445 1103 595 1136 exbibet
627 1103 758 1137 Venet.
792 1103 838 1137 Σ.
850 1128 860 1146 ,
889 1103 1001 1146 vulgo
1040 1097 1267 1136 ἐπίστωνται
1306 1102 1452 1145 legitur.
1483 1119 1524 1123 —

111 1148 262 1183 Coislin.
280 1142 307 1192 ἥ
323 1160 365 1193 γε
383 1148 509 1192 ζημία.
527 1159 562 1182 v.
581 1152 706 1183 annot.

156 1290 210 1335 ὡς
227 1295 503 1339 θαυμασίως
519 1293 780 1339 γίγνονται]

854 1289 948 1339 δόξῃ
965 1295 1180 1338 φαίνεσθαι
1197 1290 1454 1339 πράττονταςς
1479 1295 1526 1328 cf.

113 1342 222 1381 ‘vide,
243 1352 351 1383 quam
367 1342 456 1374 mire
479 1342 544 1374 isti
561 1341 647 1373 boni
663 1351 701 1374 se
720 1341 783 1373 ha-

852 1351 962 1394 sup'ra
980 1352 1014 1384 p.
1032 1343 1097 1374 318
1112 1342 1144 1373 A
1162 1344 1200 1374 et
1215 1342 1261 1374 ad
1283 1352 1318 1384 p.
1336 1342 1403 1374 324
1420 1340 1461 1376 C.

111 1387 305 1428 beantvffl,
320 1397 429 1428 qnam
444 1387 537 1419 mira
553 1387 706 1419 istorum
722 1386 783 1419 bo-

114 1441 239 1464 norum
279 1432 374 1464 ratio
408 1432 574 1472 evadat’,
606 1431 786 1465 videlicet

114 1487 158 1509 ex
182 1477 252 1510 hoc
275 1482 337 1510 tuo
368 1477 515 1511 iudicio.
565 1477 786 1510 Adverbium

113 1522 339 1566 θαυμασίως
393 1522 714 1555 Schleiermachen
750 1523 788 1554 in

113 1562 327 1611 θαυμάσιοι
343 1567 555 1600 mutandum
573 1570 719 1600 censuit
737 1568 786 1599 ei-

113 1622 184 1654 que
201 1623 266 1645 nos
294 1613 406 1645 etiam
427 1623 544 1655 nuper
568 1613 713 1646 assensi
729 1622 785 1645 su—

112 1667 202 1690 mus.
256 1658 430 1691 Fortasse
470 1661 590 1692 tamen
635 1657 789 1691 tolerari

113 1706 247 1746 potest.
267 1703 450 1746 Sauppius
469 1703 516 1735 ad
533 1703 570 1736 id
586 1702 784 1736 defenden-

113 1748 196 1780 dum
213 1748 279 1780 hos
295 1748 397 1781 locos
420 1749 565 1781 attulit:
597 1748 787 1781 Plutarch.

115 1804 202 1825 mor.
222 1795 284 1826 127
302 1794 350 1826 A:
368 1789 417 1832 ὡς
434 1790 474 1826 οἱ
487 1804 542 1826 πα
567 1787 591 1825 ἃ
610 1788 786 1827 Πλάτωνι

117 1833 392 1880 δειπνήσαντες
430 1836 496 1871 καὶ
520 1849 536 1871 ε
556 1834 714 1891 σαύριον
745 1834 790 1882 ἡ·

117 1880 426 1926 δέωςγίγνονται.
444 1883 565 1917 68613:
584 1894 672 1922 τους
685 1879 789 1926 παρὰ

119 1928 189 1962 m.
215 1923 497 1971 δειπνήσαντας
526 1927 594 1962 καὶ
616 1928 660 1971 τῇ
685 1923 791 1962 ὑστε-

116 1973 208 2017 ραίᾳ
224 1972 349 2012 καλῶς
373 1973 588 2017 γίγνεσθαι.
622 1973 729 2007 conf.
747 1975 790 2007 O.

117 2018 319 2052 Schneider
362 2018 409 2052 ad
451 2020 559 2052 lsoer.
607 2019 791 2063 Panegyr.

117 2065 147 2103 ἓ.
168 2066 200 2098 5.

164 2124 234 2173 ἐφ’
254 2122 282 2163 ὦ
293 2128 331 2174 ν]
349 2131 589 2174 Protagoras,
606 2135 648 2166 ut
662 2133 789 2176 vulga·

117 2186 193 2208 rem
230 2175 405 2218 loquendi
435 2177 578 2210 modum
618 2188 657 2211 se
686 2189 791 2212 uere-

117 2224 202 2259 tur,
237 2221 359 2254 dicere
389 2221 516 2255 debuit
543 2217 611 2265 hp'
646 2234 666 2257 ο
686 2235 718 2266 ς,
755 2234 791 2259 v,

118 2267 206 2308 Lys.
238 2276 288 2298 or.
312 2268 366 2306 22,
396 2268 435 2300 5:
467 2268 652 2311 πεποίηκε
684 2264 788 2312 παρὰ

118 2306 207 2350 τούς
230 2305 382 2354 νόμους,
406 2306 472 2354 ἐφ’
495 2309 553 2352 οἷς
575 2309 747 2353 θάνατος
763 2310 787 2358 ἡ

118 2355 247 2435 ζημία.
278 2357 451 2390 Aeschin.
474 2368 523 2392 or.
549 2360 587 2400 3,
611 2361 694 2393 250:
726 2354 794 2402 ἐφ’

118 2412 138 2435 ο
159 2413 177 2440 ς
201 2396 304 2434 ἐστιν
333 2395 374 2434 ἐκ
405 2401 480 2435 τῶν
509 2398 635 2446 νόμων
676 2404 791 2448 ζημία

118 2441 303 2486 θάνατος.
344 2446 417 2479 Sed
441 2457 550 2489 quum
567 2443 633 2491 ἐφ’
655 2446 713 2488 οἷς
734 2451 792 2483 bis

119 2491 291 2535 deinceps
319 2492 477 2534 positum
503 2493 690 2536 sophistae
719 2505 792 2528 mo-

120 2535 253 2570 lestum
283 2537 487 2579 videretur,
520 2539 698 2572 orationis
730 2551 793 2574 va-

119 2582 273 2615 riandae
297 2583 435 2625 gratia,
468 2583 563 2625 quod
585 2585 703 2617 minus
720 2586 796 2618 usi-

120 2629 238 2660 tatum
269 2627 334 2660 sed
365 2638 437 2660 non
473 2629 594 2662 minus
621 2639 795 2671 graecum

123 2674 213 2710 erat,
221 2671 344 2705 dicere
354 2673 494 2707 maluit.
505 2673 607 2707 Conf.
617 2675 730 2708 Isocr.
741 2687 792 2709 or.

125 2717 177 2753 15,
195 2718 254 2768 203
277 2716 343 2751 καὶ
361 2713 432 2761 γὰρ
450 2713 609 2762 αἰσχρὸν
626 2714 794 2763 {uzuh

123 2760 212 2794 τῶν
228 2763 376 2796 αλλων
391 2759 672 2807 πραγμάτων
689 2760 794 2809 ἐλεη-

124 2802 375 2847 μονεστοῖτους
398 2803 672 2851 ὁμολογεῖσθαι
691 2807 792 2844 εἶναι

127 2876 134 2883 .
156 2845 264 2902 ,ιε’πὶ
287 2849 335 2886 δὲ
358 2856 456 2892 τοῖς
480 2848 621 2896 ἀγῶσι
639 2858 718 2894 τοῖς
735 2851 793 2889 ἔν-

124 2895 227 2929 θαδε
259 2896 495 2941 γιγνομένοις
532 2893 716 2934 τάναντία
748 2901 794 2944 τῇ

898 1398 921 1429 η
941 1397 986 1419 τε
1005 1386 1143 1430 ζημία
1159 1381 1370 1426 θάνατος
1386 1405 1432 1410 -
1447 1383 1528 1419 καὶ

854 1427 1033 1477 πρόςτῷ
1052 1429 1175 1475 stau]
1197 1431 1338 1464 Vocula
1356 1442 1395 1465 τε
1406 1433 1528 1475 aptius

856 1477 1040 1510 collocata
1057 1481 1247 1531 essetpost
1262 1477 1447 1519 θανατος,
1465 1477 1530 1509 sed

854 1523 927 1555 ista
943 1517 967 1566 ἡ
986 1521 1099 1566 ζημία
1121 1522 1311 1565 θανατος,
1337 1523 1369 1555 si
1385 1532 1532 1555 sensum

857 1571 1028 1611 spectas,
1067 1579 1178 1601 unam
1216 1579 1304 1602 sane
1343 1569 1532 1601 notionem

856 1613 1033 1647 efficiunt.
1081 1614 1325 1655 Quamobrem
1353 1624 1394 1647 τε
1416 1614 1532 1656 primo

857 1659 1094 1691 adhaerescit
1122 1659 1316 1693 vocabulo.
1358 1658 1530 1692 Ceterum

855 1704 1060 1737 mirandum
1087 1714 1159 1737 non
1189 1708 1255 1745 est,
1285 1704 1380 1747 quod
1401 1705 1439 1736 in
1461 1704 1532 1736 hac

856 1749 1110 1792 similibusque
1140 1749 1389 1783 locutionibus
1411 1760 1446 1783 v.
1471 1748 1533 1791 ζη·

856 1794 925 1837 μία
955 1794 1152 1827 articulum
1178 1795 1378 1838 praefixum
1408 1794 1533 1827 habet.

857 1839 1095 1882 significatur
1127 1841 1222 1873 enim
1245 1850 1366 1883 poena
1388 1839 1534 1882 legibus

863 1885 1077 1919 constituta.
1131 1886 1361 1918 Demosth.
1396 1896 1446 1918 or.
1479 1887 1533 1917 19.

863 1931 945 1963 127:
979 1929 1054 1964 τῶν
1076 1925 1259 1964 τοιούτων
1276 1925 1295 1964 ὃ
1321 1925 1436 1974 νόμος
1458 1925 1534 1963 θοί-

862 1985 978 2009 νατον
1007 1970 1078 2019 τὴν
1095 1972 1351 2031 ζημίανΙεῖναι
1369 1970 1531 2027 κελεύει.

861 2021 953 2053 Ibid.
971 2021 1001 2060 ξ.
1020 2022 1104 2055 331:
1129 2033 1170 2060 ος
1186 2022 1363 2055 θανατον
1384 2021 1532 2055 κελευει

860 2060 1007 2100 τούτων
1029 2061 1101 2110 τὴν
1129 2066 1268 2110 ζημίαν
1291 2062 1403 2102 εἶναι.
1438 2066 1531 2099 Ibid.

858 2111 976 2151 §.286.
995 2111 1044 2145 al.
1061 2112 1179 2146 Stallb.

904 2177 983 2212 καὶ
1017 2174 1074 2219 ὥς
1099 2176 1204 2219 ἔπος
1247 2178 1402 2214 εἰπεῖν
1436 2181 1533 2213 συλ-

860 2224 879 2257 λ
887 2219 912 2267 η’
921 2223 944 2267 β
952 2223 1006 2268 δη
1015 2223 1098 2270 ν-]
1113 2229 1176 2265 ‘et,
1185 2230 1226 2258 ut
1234 2237 1306 2259 uno
1317 2226 1428 2259 verbo
1439 2236 1532 2258 com-

858 2269 1092 2312 prehendam,
1102 2271 1287 2304 domorum
1296 2272 1535 2311 eversiones';

858 2318 899 2347 ut
920 2314 1156 2358 Antiphontis
1179 2317 1305 2349 domus
1335 2327 1465 2349 eversa
1482 2319 1535 2349 to-

858 2363 1007 2402 tumque
1033 2371 1148 2403 genus
1176 2362 1394 2395 infamatum
1413 2364 1480 2403 est,
1499 2372 1534 2394 v.

860 2405 904 2438 de
934 2406 1060 2439 decem
1089 2410 1181 2439 orat.
1212 2407 1240 2440 1.
1270 2418 1306 2450 p.
1329 2408 1408 2440 834.
1456 2408 1538 2459 Non

860 2451 979 2537 ἷὲξῖἕξ)
989 2451 1536 2540 ἶΞὲξῗῗῗὲῗςῖὶιῖιὶέἓᾟίἒῗξ

861 2543 902 2579 A,
920 2542 994 2574 vim
1019 2542 1120 2574 vocis
1143 2536 1362 2586 ἄνατροπαί
1380 2547 1421 2575 ut
1442 2543 1536 2575 veri-

863 2589 977 2618 tatem
1011 2587 1222 2620 excedentis
1259 2588 1363 2625 lenit,
1410 2588 1456 2620 cf.
1491 2588 1536 2619 de

862 2631 953 2673 Leg.
972 2641 1006 2673 p.
1025 2632 1091 2664 728
1114 2633 1162 2665 A:
1194 2631 1270 2671 πᾶς
1292 2628 1364 2676 γὰρ
1381 2626 1404 2666 ὅ
1420 2627 1456 2665 τ’
1475 2627 1537 2665 ἐπὶ

862 2675 931 2731 γης
955 2674 1020 2708 καὶ
1044 2671 1119 2710 ὑπὸ
1145 2677 1215 2731 ’γῆς
1238 2673 1375 2733 χρυσὸς
1398 2672 1542 2720 ἀρετῆς·

862 2731 931 2754 ουκ
950 2716 1145 2775 ἀντάξιος·
1171 2735 1220 2762 ως
1243 2722 1286 2756 δε
1311 2721 1432 2756 είπεῖν
1449 2723 1536 2756 συλ-

860 2761 1019 2809 λήβδην,
1051 2777 1093 2806 ος
1125 2760 1222 2810 ἅπερ
1247 2761 1296 2801 ἄν
1322 2765 1536 2811 νομοθέτης

858 2836 865 2843 .
885 2836 893 2844 .
914 2807 1029 2862 τάττῃ
1043 2838 1074 2860 2.
1092 2808 1144 2856 μὴ
1162 2808 1280 2857 ε’θέλῃ
1294 2807 1538 2857 ἐπιτηδεύειν

863 2879 874 2890 .
892 2880 903 2891 .
926 2867 994 2888 ουκ
1018 2856 1102 2891 οὶδε
1129 2884 1135 2891 .
1158 2884 1164 2891 .
1195 2853 1327 2901 ψυχὴν
1350 2868 1536 2902 κακοσχη-

860 2899 1074 2943 μονέστατα
1092 2902 1299 2944 διατιθείς.
