1676 2938
246 236 323 271 308
784 231 1042 272 PLATONIS

133 342 215 386 516
243 338 385 394 ἐπειδὴ
421 338 466 381 δὲ
492 337 614 380 καλοὶ
640 337 826 392 κάγαθοὶ
853 338 1104 393 ἐγεγόνεσαν
1130 335 1200 381 ὑπ’
1227 333 1383 389 αὐτοῦ,
1419 337 1488 381 ἐπὶ
1512 353 1571 381 τε-

242 408 366 458 λευτῇ
393 410 471 445 τοῦ
498 403 598 456 βίου
623 407 702 445 τοῦ
733 402 1010 456 Περικλέους,
1047 402 1212 458 κλοπὴν
1237 399 1372 445 αὐτοῦ
1397 409 1574 458 κατεψη-

244 469 438 523 φίσαντο,
467 467 615 522 ὀλίγου
639 467 684 510 δὲ
709 468 781 511 καὶ
807 471 1004 510 θανάτου
1031 467 1240 522 ἐτίμησαν,
1267 468 1400 523 δῆλον
1427 465 1492 510 ὅτι
1518 469 1575 517 ὡς

243 538 436 587 πονηροῦ
463 534 599 580 ὄντος.

329 598 435 656 Cap.
464 597 653 641 LXXII.
713 597 848 638 KAA.
895 596 946 636 Τι’
974 591 1078 646 οὖν;
1116 596 1273 637 τούτου
1298 594 1421 638 ἕνεκα
1447 595 1576 646 κακὸς

243 659 298 717 ἦν
320 665 549 717 Περικλῆςς
578 663 680 704 ΣΩ.
696 658 849 704 ’Όνων
869 669 978 716 γοῦν
997 661 1050 704 ἂν
1073 659 1316 716 ἐπιμελητὴς
1339 661 1410 704 καὶ
1435 663 1576 705 ἵππων

243 728 314 769 καὶ
352 729 469 780 βοῶν
505 734 696 776 τοιοῦτος
730 725 792 769 ὢν
818 728 947 776 κακὸς
973 726 1027 768 ἂν
1055 725 1188 768 ἐδόκει
1215 723 1344 775 εἶναι,
1381 727 1417 768 εἰ
1445 741 1575 781 παρα-

243 792 388 846 λαβὼν
425 791 483 846 μὴ
521 793 789 843 λακτίζοντας
824 790 927 845 μηδὲ
962 792 1235 845 κυρίττοντας
1268 789 1371 845 μηδὲ
1399 791 1574 833 δάκνον-

243 871 317 905 τας
361 856 545 907 ἀπέδειξε
589 859 723 897 ταῦτα
771 854 939 897 ἅπαντα
981 857 1212 904 ποιοῦντας
1249 850 1298 897 δι’
1337 855 1574 911 ἀγριότητα.

162 925 200 967 Β
248 916 275 974 ἢ
298 916 352 962 οὐ
374 923 492 963 δοκεῖ
516 930 584 962 σοι
611 919 740 969 κακὸς
767 916 877 961 εἶναι
904 918 1148 974 ἐπιμελητὴς
1175 919 1365 968 ὄςτιςοῦν
1392 919 1578 962 ὁτουοῦν

245 980 372 1036 ζῶον,
409 986 457 1034 ὃς
484 984 538 1026 ἂν
564 984 825 1037 παραλαβὼν
849 981 1093 1038 ἡμερώτεροι
1119 984 1316 1038 ἀποδείξῃ
1343 979 1577 1037 α’γριιότερα

246 1046 273 1104 ἢ
298 1048 527 1104 παρέλαβες
566 1052 710 1096 Δοκεῖ,
739 1045 767 1101 ἦ
794 1051 870 1098 οὔ,-
914 1050 1044 1089 ΚΑΛ.
1074 1049 1201 1090 Πάνυ
1229 1062 1287 1101 γε,
1316 1048 1388 1089 ’ἵνα
1414 1059 1481 1089 σοι
1507 1064 1576 1102 χα-

244 1115 436 1169 ρίσωμαι.
490 1115 587 1155 Σῼ.
631 1112 718 1155 Καὶ
754 1113 848 1155 τόδε
882 1113 1032 1155 τοίνυν
1058 1128 1131 1167 μοι
1157 1113 1324 1166 χάρισαι
1351 1112 1577 1166 ἀποκρινά-

312 1232 500 1278 κᾶγαθοὶ
533 1232 814 1278 ἐγεγόνεσαν]
853 1233 942 1268 vett.
973 1233 1067 1266 editt.
1098 1231 1328 1277 ἐγεγόνεισαν.
1359 1234 1448 1277 Aug.
1478 1232 1576 1277 γεγό·

243 1290 371 1312 νεισαν.
417 1279 458 1311 In
482 1279 598 1313 Clark.
620 1279 698 1312 Vnt.
721 1278 827 1312 Coisl.
856 1277 936 1311 aliis
966 1289 1035 1311 non
1066 1279 1186 1320 paucis
1208 1278 1432 1321 perscriptum
1453 1278 1580 1322 legitur

245 1323 462 1368 ἐγεγόνεσαν.
503 1324 590 1357 Ven.
621 1323 661 1356 Σ.
697 1323 799 1356 vind.
822 1322 854 1356 2.
878 1321 908 1356 7.
941 1323 1019 1356 Par.
1041 1323 1108 1356 IV.
1137 1323 1228 1356 Flor.
1250 1322 1285 1356 b.
1315 1323 1456 1356 Mearm.
1479 1321 1577 1367 γεγό-

247 1380 364 1407 νεσαν,
395 1368 484 1411 quod
516 1373 606 1402 certe
635 1379 706 1400 non
737 1373 789 1401 est
818 1367 1111 1401 contemnendum.
1158 1368 1211 1401 De
1233 1368 1359 1401 omisso
1382 1367 1579 1411 plusquam-

243 1414 384 1456 perfecti
400 1419 583 1456 augmento
606 1423 676 1446 non
700 1417 751 1446 est
774 1422 835 1445 cur
858 1422 1078 1455 exponamus.
1125 1412 1178 1445 De
1201 1412 1441 1446 terminatione
1463 1417 1577 1446 autem

243 1459 568 1501 plusquamperfecti
590 1458 625 1490 in
650 1467 736 1490 εσαν
757 1468 790 1490 v,
813 1457 963 1490 Fischer.
988 1457 1031 1490 ad
1053 1456 1194 1490 Weller.
1212 1457 1256 1490 11.
1271 1467 1305 1500 p.
1318 1455 1395 1491 373.
1425 1456 1577 1491 Lobeck.

244 1503 288 1536 ad
310 1502 496 1546 Phrynich.
519 1513 552 1546 p.
576 1501 641 1535 149
664 1512 733 1545 seq.

310 1549 349 1580 P.
372 1547 450 1581 516.
497 1546 569 1580 ἐπὶ
601 1548 768 1589 τελευτῇ
799 1549 872 1579 τοῦ
895 1545 1020 1589 βίου]
1051 1546 1127 1579 Par.
1151 1546 1178 1578 1.
1203 1544 1260 1579 ἐπὶ
1285 1549 1323 1589 τῇ
1346 1547 1490 1590 τελευτῇ.
1536 1546 1576 1579 In

244 1592 361 1636 Steph.
384 1592 541 1635 exemplo
566 1594 626 1624 τοῦ
649 1592 821 1625 omissum.

288 1713 327 1748 P.
343 1712 420 1748 516.
443 1711 605 1757 κλοπὴν
623 1710 757 1745 αὐτοῦ
776 1710 878 1755 κατ.]

246 1758 372 1791 Narrat
405 1758 622 1792 Diodorus
653 1758 732 1790 XII.
766 1767 794 1790 c.
824 1755 879 1790 38.

246 1813 279 1845 p.
301 1801 378 1837 306.
401 1804 459 1845 B.‚
486 1802 623 1846 Ephoro
646 1806 795 1844 auctore,
818 1802 879 1834 Pe-

246 1847 365 1880 riclem
418 1848 459 1880 de
511 1848 682 1881 sociorum
733 1847 881 1890 pecunia

246 1902 406 1935 magnam
441 1897 571 1935 partem
607 1893 644 1924 in
678 1902 750 1924 rem
783 1902 879 1924 suam

246 1938 389 1970 vertisse
410 1947 462 1979 ac,
490 1948 533 1970 ne
555 1937 719 1970 rationem
741 1936 880 1969 reddere

247 1986 433 2025 cogeretur,
456 1980 586 2015 bellum
601 1982 795 2014 concitasse
818 1981 880 2013 Pe-

247 2026 536 2069 loponnesiacum.
556 2027 646 2059 conf.
660 2025 740 2059 Plu
748 2031 762 2058 t
769 2037 788 2059 a
797 2036 814 2058 r
820 2036 838 2057 c
845 2025 878 2058 h.

246 2072 314 2104 Vit.
347 2071 471 2105 Pericl.
498 2070 553 2105 31.
589 2082 623 2114 p.
653 2070 729 2104 169.
785 2070 879 2103 Idem

245 2117 428 2149 memoriae
484 2115 623 2148 tradidit
677 2120 876 2148 accusatum

245 2171 324 2193 eum
340 2171 414 2194 esse
430 2166 619 2203 propterea,
643 2160 733 2202 quod
748 2166 878 2203 partem

245 2206 340 2238 illius
362 2206 543 2248 pecuniae,
574 2215 616 2237 ex
646 2215 715 2247 qua
738 2204 878 2237 Phidias

246 2251 423 2283 Minervae
446 2255 592 2282 statuam
616 2249 818 2289 vestivisset,
842 2250 878 2281 in

246 2296 398 2337 privatos
427 2305 511 2327 usus
541 2294 772 2327 convertisset.
810 2293 878 2326 vid.

246 2339 426 2373 Diodor.
450 2339 472 2374 l.
496 2349 524 2372 c.
556 2338 781 2372 Plutarch.
803 2338 825 2371 1.
849 2348 876 2370 c.

246 2384 409 2417 Defendit
446 2383 612 2416 Periclem
657 2382 878 2416 Aristides

247 2428 425 2462 Commun.
446 2428 592 2471 Apolog.
615 2429 657 2463 T.
681 2428 724 2460 11.
747 2438 780 2470 p.
800 2426 878 2460 244.

246 2473 300 2506 ed.
329 2472 423 2506 Iebb.
453 2483 597 2505 narrans
628 2483 706 2505 eum
728 2471 879 2515 {pecunia

246 2521 378 2550 tantum
423 2518 603 2550 multatum
651 2527 726 2550 esse
776 2522 878 2559 atque

246 2567 323 2605 post
352 2562 528 2605 peculatus
558 2562 812 2595 damnationem
841 2562 878 2594 in

245 2607 390 2650 gratiam
412 2616 491 2639 cum
514 2605 782 2639 Atheniensibus
804 2605 878 2639 red-

245 2653 337 2685 iisse.
378 2652 432 2684 De
455 2651 596 2684 Periclis
623 2652 818 2695 integritate
844 2661 878 2684 v-

246 2696 435 2739 Thucyd.
451 2696 496 2737 11,
510 2695 565 2729 56.
577 2695 631 2730 65.
655 2694 877 2731 Plutarch.

245 2741 313 2777 Vit.
336 2741 459 2775 Pericl.
480 2751 511 2775 c.
533 2739 588 2775 35.
609 2739 665 2775 37.

991 1712 1074 1755 cap.
1088 1712 1230 1745 LXXIL
1260 1708 1463 1754 ἀπέδειξε
1487 1715 1578 1744 ταῦ·

948 1768 992 1789 τα
1022 1756 1086 1790 ἅπ.
1116 1756 1170 1800 π.]
1207 1757 1246 1790 si
1269 1775 1312 1782 ——
1335 1767 1403 1790 eos
1434 1756 1578 1790 redde-

946 1805 1010 1834 ret
1052 1802 1162 1834 haec
1207 1802 1351 1834 omnia
1390 1808 1578 1858 propter

946 1846 1167 1879 feritatem
1196 1846 1431 1879 facientes.
1481 1847 1576 1879 Απο·

947 1889 1124 1923 δεικνύναι
1166 1901 1227 1933 pro
1252 1892 1301 1924 rie
1345 1895 1399 1923 est
1445 1901 1479 1923 m
1488 1901 1540 1924 an
1550 1891 1577 1922 i—

947 1936 1106 1968 festum
1139 1935 1210 1968 red
1247 1946 1335 1977 ere,
1369 1935 1492 1968 deinde
1514 1946 1578 1968 ex·

946 1980 1018 2012 hib
1030 1991 1116 2020 ere,
1145 1980 1343 2021 reddere,
1375 1981 1424 2013 ita
1451 1985 1581 2020 tamen,

946 2029 985 2057 ut
998 2025 1158 2067 primaria
1171 2024 1371 2058 ostendendi
1390 2026 1485 2058 notio
1508 2035 1578 2058 non

946 2079 1083 2112 prorsus
1134 2068 1322 2103 aboleatur.
1387 2070 1420 2102 X
1428 2080 1447 2102 e
1457 2080 1479 2102 n
1487 2080 1507 2102 o
1513 2080 1535 2112 p
1543 2069 1576 2101 h.

946 2114 1071 2157 Cyrop.
1086 2114 1112 2154 1,
1126 2113 1158 2154 2,
1173 2114 1213 2148 5:
1238 2114 1360 2149 παῖδας
1380 2114 1577 2156 βελτίστους

945 2156 1204 2196 ἀποδεικνύναι,
1237 2158 1328 2201 quod
1357 2154 1475 2235 {nullo
1500 2162 1578 2201 post

946 2203 1071 2236 dicitur
1101 2202 1260 2245 παρέχειν
1290 2201 1328 2235 τὰ
1381 2202 1481 2236 ἐοντα
1504 2214 1577 2235 ποι·

946 2251 1081 2282 οὕντας.
1117 2247 1202 2280 Ibid.
1227 2248 1271 2288 11,
1294 2247 1326 2289 1,
1348 2246 1403 2281 23.
1426 2253 1460 2281 et
1482 2247 1576 2288 VIII,

947 2292 964 2325 1
977 2317 985 2333 ,
1015 2291 1069 2325 85.
1106 2296 1316 2335 permutatur
1348 2302 1426 2325 cum
1464 2291 1577 2324 verbis

946 2336 1224 2379 παρασκευάζειν
1251 2341 1285 2370 et
1305 2334 1575 2380 ἀπεργάζεσθαι.

946 2382 1086 2414 Memor.
1109 2382 1137 2423 1,
1159 2381 1191 2422 6,
1214 2380 1254 2415 3:
1280 2380 1420 2424 μιμητὰς
1443 2380 1577 2413 &evron

945 2423 1247 2459 ἀποδεικνύουσιν.
1277 2427 1359 2459 Mox
1373 2425 1475 2459 etiam
1491 2422 1576 2458 α’πο·

946 2473 1088 2512 φαίνειν
1109 2471 1159 2503 sic
1181 2470 1315 2503 dicitur.

988 2516 1027 2548 B.
1097 2516 1166 2548 ἴνα
1207 2525 1274 2548 σοι
1313 2512 1575 2556 χαρίσωμαι]

946 2560 1056 2603 Supra
1081 2570 1112 2602 p.
1135 2558 1213 2595 514.
1236 2560 1286 2592 A:
1323 2556 1424 2591 Πάνυ
1454 2569 1494 2602 γε
1503 2582 1512 2597 ,
1543 2558 1582 2590 εἴ

947 2614 1001 2637 σοι
1028 2602 1139 2647 ἥδιον.
1185 2602 1336 2637 Verbum
1361 2603 1576 2645 χαρίζεσθαι,

944 2649 1010 2682 hoc
1027 2649 1063 2681 in
1078 2658 1203 2692 genere
1217 2648 1377 2691 frequens
1394 2647 1485 2690 apud
1500 2647 1577 2680 Pla·

943 2698 1075 2734 tonem,
1106 2693 1204 2726 docte
1231 2692 1420 2725 illustravit
1440 2691 1530 2725 Ruh
1539 2702 1577 2724 n-

944 2738 1035 2772 ken.
1059 2737 1103 2771 sd
1126 2738 1213 2772 Tim.
1236 2747 1270 2781 p.
1292 2734 1360 2771 274
1381 2747 1452 2780 seq.
