1690 2912
515 199 588 238 AD
617 198 864 239 GORGIAM
891 198 1163 239 PLATOMS.
1468 199 1518 237 67

156 314 198 352 in
236 314 380 363 templo
419 312 583 363 Dionysi
631 312 929 362 pretiosissimos
979 315 1024 351 ut
1062 310 1222 350 donaria
1269 310 1518 358 dedicarunt3

156 370 366 409 testabitur
397 369 675 416 Aristocrates,
714 369 875 407 Scelliae
913 369 1036 416 filius,
1076 369 1143 420 qui
1172 368 1345 418 Apollini
1373 368 1517 419 Pythio

158 428 447 467 celeberrimum
484 426 582 464 illud
619 426 822 464 donarium
859 425 1116 472 consecravit;
1163 425 1372 464 testabitur
1410 425 1517 462 deni-

159 498 234 536 que
273 488 354 523 tota
392 482 551 528 Periclis
587 483 722 521 domus
761 487 879 535 atque
916 496 1010 531 gens
1047 482 1208 534 quaevis
1246 482 1342 529 alia,
1382 494 1516 533 quam-

160 554 310 592 cunque
368 541 522 578 demum
578 539 749 588 elegeris.
855 535 1048 577 Nimirum
1102 539 1215 576 facile
1270 538 1513 587 intelligitur,

160 598 199 635 id
236 598 338 648 quod
378 596 495 635 etiam
523 596 656 634 Frid.
696 596 876 634 Astius
916 595 1133 646 perspexit,
1183 596 1369 633 testari
1412 608 1514 632 nunc

159 654 313 692 etiam
341 656 568 691 mortuos
599 653 692 700 dici,
731 657 923 704 quatenus
952 652 1157 701 magnifica
1185 665 1318 690 eorum
1356 652 1516 690 donaria

157 710 275 748 etiam
303 723 406 748 nunc
434 709 619 747 indicium
645 709 810 756 faciant,
841 709 977 761 quanti
1006 709 1080 759 ipsi
1111 722 1201 758 opes
1232 722 1275 746 ac
1303 709 1516 762 potentiam

159 766 460 805 aestimaverint.
517 767 566 804 In
607 779 682 817 quo
720 767 890 816 profecto
930 766 1029 804 nihil
1067 766 1188 812 inest,
1228 767 1330 816 quod
1361 779 1383 802 a
1410 771 1515 804 recto

158 823 341 874 loquendi
371 835 477 861 more
506 826 546 861 et
574 822 852 861 consuetudine
882 823 962 860 ullo
990 823 1103 860 modo
1131 823 1304 869 recedat,
1344 823 1516 873 quando-

158 880 315 931 quidem
342 881 459 928 vulgo
498 892 650 931 quoque
689 883 861 918 mortuos
901 879 1046 931 aliquid
1084 879 1220 918 testari
1259 878 1441 926 dicimus,
1482 880 1514 916 si

158 950 274 987 opera
319 950 453 974 eorum
492 940 698 988 ‘tamquam
735 936 958 975 testimonia
1003 935 1136 973 iudicii
1184 938 1253 973 aut
1301 936 1516 974 voluntatis

159 993 330 1043 ipsorum
366 994 626 1043 proferuntur.
694 993 825 1031 Nicias
865 1006 958 1031 vero
997 993 1100 1044 quod
1139 992 1326 1042 imprimis
1364 993 1438 1030 hac
1475 992 1516 1029 in

159 1063 295 1088 caussa
324 1054 651 1097 commemoratur,
679 1050 900 1087 meminisse
928 1050 1081 1088 iuvabit
1100 1062 1189 1087 eum
1212 1049 1402 1086 maximas
1429 1062 1516 1098 pos-
1552 1061 1556 1065 ’

159 1107 302 1145 sedisse
331 1106 488 1145 divitias
517 1120 567 1145 ex
595 1106 763 1145 metallis
782 1106 1021 1144 Laureotieis
1041 1109 1291 1155 comparatas,
1320 1105 1389 1143 ubi
1409 1105 1515 1143 mille

159 1164 297 1202 habuit
333 1163 544 1214 operarios3
594 1177 631 1202 v.
670 1163 943 1202 Plutarchi
985 1163 1069 1201 Nic.
1109 1175 1138 1200 c.
1178 1162 1247 1201 IV.
1286 1162 1513 1212 Xenoph.

159 1221 218 1258 De
246 1220 394 1268 Vectig.
424 1221 493 1267 IV,
529 1222 590 1258 14.
658 1220 755 1258 Inde
784 1220 904 1269 igitur
932 1219 1051 1258 etiam
1078 1219 1302 1267 magnificos
1330 1219 1416 1257 illos
1445 1219 1513 1257 tri-

159 1278 277 1326 podes
307 1276 453 1326 posuit,
484 1290 605 1328 quum
635 1277 825 1325 choragus
853 1276 1010 1316 vicisset
1050 1276 1101 1325 (v.
1131 1276 1402 1314 Plutarchi
1430 1276 1513 1314 Nic.

161 1347 196 1383 p.
230 1337 321 1371 524.
350 1331 436 1381 E),
465 1346 587 1384 eoque
626 1333 857 1380 declaravit,
897 1337 1088 1384 quantum
1124 1332 1274 1371 divitiis
1309 1336 1349 1370 et
1377 1333 1515 1382 opibus

161 1390 370 1436 tribueret,
412 1390 589 1440 quamvis
619 1393 790 1429 ceterum
817 1389 1018 1438 religiosae
1047 1389 1204 1440 pietatis
1243 1393 1283 1427 et
1310 1389 1515 1439 probitatis

161 1446 275 1484 laude
303 1446 481 1485 floruerit
509 1446 561 1495 (v.
592 1446 811 1497 Thucyd.
841 1447 933 1493 VII,
965 1448 1028 1485 76.
1061 1445 1163 1494 80.),
1203 1449 1249 1484 ut
1285 1446 1368 1484 eius
1407 1446 1516 1484 testi-

161 1503 333 1540 monium
370 1503 445 1540 hac
481 1502 523 1540 in
552 1515 688 1541 caussa
715 1503 801 1542 ideo
838 1503 957 1542 etiam
985 1502 1143 1551 gravius
1180 1502 1303 1540 videri
1332 1503 1514 1552 potuerit.

161 1561 293 1611 Atque
321 1559 416 1597 haec
446 1559 603 1611 quidem
632 1560 760 1597 omnia
798 1573 919 1611 quum
947 1559 1025 1597 iam
1052 1559 1260 1599 videantur
1298 1559 1392 1597 satis
1432 1573 1515 1598 esse

162 1616 344 1666 expedita
371 1629 498 1667 neque
530 1616 601 1654 ulli
629 1616 864 1655 dubitationi
901 1617 1028 1654 locum
1056 1616 1295 1667 relinquere,
1333 1619 1418 1654 tum
1447 1616 1516 1654 ali-

162 1676 307 1724 quanto
337 1672 530 1710 difficilior
568 1674 745 1724 quaestio
783 1678 862 1720 est,
901 1687 997 1711 num
1025 1686 1102 1724 qua
1130 1673 1214 1711 fieri
1243 1672 1432 1722 potuerit,
1473 1677 1519 1711 ut

161 1729 274 1768 Plato
312 1729 576 1768 verisimiliter
613 1730 795 1779 Gorgiam
835 1743 915 1768 una
952 1743 1040 1767 oum
1077 1730 1171 1768 Polo
1210 1734 1378 1767 exeunte
1417 1730 1518 1767 bello

161 1786 485 1836 Peloponnesiaco
513 1786 596 1825 sive
626 1799 659 1825 a.
682 1790 761 1825 405
801 1800 834 1824 a.
855 1787 943 1824 Chr.
965 1800 1002 1824 n.
1032 1787 1209 1824 Athenas
1236 1786 1370 1825 venire
1400 1790 1518 1838 atque

163 1842 360 1882 Socratem
387 1846 473 1882 tum
500 1843 656 1881 demum
693 1856 781 1881 eum
809 1843 886 1881 illis
915 1847 1032 1894 atque
1062 1843 1218 1881 Callicle
1247 1843 1294 1880 de
1324 1846 1407 1881 arte
1436 1856 1519 1881 ora-

162 1899 262 1937 toria
290 1904 330 1938 et
359 1899 464 1938 civili
493 1913 687 1938 sermones
716 1900 920 1939 instituere
948 1900 1111 1938 iuberet.
1167 1900 1227 1937 De
1256 1912 1334 1951 qua
1362 1899 1519 1951 quidem

164 1955 390 2007 quaestione
417 1956 588 1995 breviter
617 1957 811 2006 explicare
839 1956 981 1995 licebit.
1025 1955 1213 1997 Quamvis
1241 1969 1334 1995 vero
1354 1956 1520 2005 Gorgiae

165 2015 205 2050 et
233 2012 318 2050 Poh'
345 2015 520 2062 tempora
556 2025 693 2063 parum
733 2014 934 2064 explorata
970 2014 1208 2060 habeantur,
1248 2017 1381 2051 tamen
1409 2013 1520 2051 nobis

162 2068 220 2107 ita
248 2070 499 2108 statuendum
526 2069 698 2116 videtur,
738 2075 783 2109 ut
810 2070 907 2108 illud
944 2082 1036 2107 sane
1065 2083 1142 2107 non
1171 2070 1409 2108 incommode
1436 2070 1522 2107 fieri

163 2125 336 2175 potuisse
384 2125 626 2175 largiendum
675 2127 737 2164 sit.
813 2126 1022 2165 Enimvero
1069 2127 1282 2165 tenendum
1319 2127 1383 2164 hic
1431 2130 1521 2165 ante

165 2182 294 2220 omm’a
332 2186 410 2230 est,
450 2184 554 2234 quod
591 2196 615 2221 a
643 2184 838 2234 plerisque
877 2183 1019 2222 criticis
1058 2184 1277 2232 neglectum
1315 2196 1398 2221 esse
1427 2197 1521 2221 saue

164 2238 326 2285 mireris,
355 2239 559 2277 Platonem
586 2240 714 2289 ipsum
742 2240 784 2277 in
813 2253 928 2278 scena
956 2240 1097 2288 dialogi
1128 2244 1167 2278 et
1195 2240 1237 2277 in
1265 2240 1413 2291 reliquo
1444 2253 1522 2279 ser-

165 2308 278 2333 mone
305 2295 405 2334 nihil
433 2296 646 2348 quidquam
673 2296 868 2347 posuisse,
898 2297 1002 2334 unde
1032 2297 1079 2334 de
1107 2297 1232 2346 prima
1259 2297 1327 2334 illa
1357 2297 1522 2346 Gorgiae

164 2351 358 2400 legatione
399 2365 432 2390 a.
463 2354 543 2392 427
574 2353 678 2392 facta
717 2357 786 2392 aut
823 2355 870 2391 de
909 2358 1080 2403 tempore
1122 2354 1157 2391 ei
1196 2353 1324 2392 vicino
1363 2353 1523 2402 cogitari

165 2411 339 2458 oportere
369 2412 638 2462 consequatur.
699 2411 782 2448 Imo
812 2410 1022 2448 clarissime
1052 2410 1240 2449 indicavit
1268 2410 1523 2460 philosophus

165 2464 343 2504 habitum
371 2465 467 2515 fingi
502 2466 716 2515 dialogum,
757 2480 832 2518 quo
871 2471 1042 2516 tempore
1080 2467 1213 2505 rhetor
1250 2467 1315 2506 vel
1353 2467 1527 2517 sophista

166 2521 437 2560 celeberrimus
474 2522 552 2561 iam
597 2523 808 2562 crebriores
854 2537 923 2573 per
962 2523 1162 2561 Graeciam
1198 2523 1527 2574 peregrinationes

166 2578 409 2628 suscepisset.
467 2579 569 2617 Nam
597 2593 633 2630 p.
664 2583 757 2617 449.
787 2581 830 2618 B.
862 2580 1046 2628 Gorgiam
1082 2580 1174 2618 fecit
1210 2581 1307 2618 haec
1343 2580 1526 2630 profiten-

165 2638 266 2672 tem:
297 2631 594 2686 ἐπαγγέλλομαί
607 2649 649 2688 γε
670 2638 790 2675 τοῦτο
813 2633 867 2674 οὐ
890 2633 1048 2686 μόνον
1069 2633 1260 2675 ἐνθάδε
1279 2635 1530 2686 (Athenis),

168 2686 269 2728 ἀλλὰ
305 2690 370 2729 καὶ
411 2686 574 2730 ἄλλοθι.
631 2691 819 2734 Quocirca
856 2693 939 2742 ipso
978 2693 1072 2731 adeo
1102 2694 1264 2732 Platone
1303 2696 1403 2731 teste
1442 2706 1528 2731 sen-

166 2747 292 2786 tentia
330 2761 464 2786 eorum
501 2748 648 2787 fraudis
687 2748 932 2798 coarguitur,
973 2749 1040 2801 qui
1077 2750 1217 2798 dialogi
1247 2749 1530 2799 perorationem

1209 2824 1261 2856 b*
