1676 2938
114 422 194 466 521

226 194 309 230 3222
769 191 1027 232 PLATONIS

225 300 344 341 δοκεῖ
366 301 413 341 τὸ
441 302 614 353 σημεῖον
641 294 771 348 εἶναι,
811 299 846 341 εἰ
873 295 920 340 εὖ
948 299 1127 352 ποιήσας
1152 298 1311 352 ταύτην
1337 296 1415 352 τὴν
1441 298 1554 350 εὐερ-

225 364 369 416 γεσίαν
397 363 485 405 ἄντ’
515 358 561 404 εὖ
587 362 792 404 πείσεται·
820 362 856 404 εἰ
882 363 926 404 δὲ
954 364 1025 417 μή,
1055 364 1123 404 οὔ.
1148 359 1234 404 ἔστι
1259 369 1394 405 ταῦτα
1422 362 1560 411 οὕτως

226 426 396 481 ἔχοντας
427 429 560 469 ΚΑΛ.
578 423 743 468 ”Εστιν.
782 429 879 469 ΣΩ.
902 425 1006 468 Ἐπὶ
1033 424 1218 478 ποτέραν
1243 422 1325 468 οὖν
1350 440 1401 481 με
1427 440 1559 478 παρα-

226 495 364 540 καλεῖς
403 490 482 546 τὴν
509 492 740 544 θεραπείαν
776 497 850 545 τῆς
886 492 1068 540 πόλεως;
1107 491 1297 543 διόρισόν
1333 505 1425 544 μοι·
1482 489 1562 545 τὴν

226 563 303 597 τοῦ
331 556 605 610 διαμάχεσθαι
629 551 896 609 Ἀθηναίοις,
926 554 1039 604 ὅπως
1067 555 1123 603 ὡς
1151 552 1356 607 βέλτιστοι
1381 554 1560 602 ἔσονται,

228 620 283 668 ὡς
313 621 482 672 ἰατρόν,
519 619 546 673 ἢ
585 620 641 668 ὡς
679 620 987 674 διακονήσαντα
1024 612 1094 660 {cal
1131 619 1238 671 πρὸς
1272 619 1395 672 χάριν
1422 618 1561 673 ὁμιλή-

227 694 380 733 σοντα,·
431 683 604 738 Τάληθῆ
640 699 713 738 μοι
741 683 851 734 εἰπέ,
894 684 1159 731 Καλλίκλεις·
1200 683 1361 732 δίκαιος
1387 682 1469 736 γὰρ
1513 678 1563 734 εἶ,

293 826 331 858 Ρ.
356 825 432 861 521.
457 823 532 870 τὴν
554 827 608 858 θα
621 827 781 868 ραπεία
795 826 833 868 ν]
860 824 921 869 τὴν
943 836 1009 859 om.
1022 826 1108 859 Ven.
1126 825 1164 858 Ξ.
1177 836 1227 869 pr.
1250 829 1284 859 et
1308 825 1349 858 Σ.
1364 825 1469 859 Vind.
1483 824 1515 859 2.
1531 824 1563 858 7.

231 872 307 903 Par.
331 871 371 903 V.
396 872 534 903 Meerm.
558 870 649 904 Flor.
672 881 699 903 c.
722 871 782 903 sed
805 881 838 904 v.
861 870 1020 913 explicat.

296 914 411 953 εἰπέ,
448 915 728 959 Καλλίκλεις]
778 909 805 948 ὦ
843 919 925 948 ante
965 916 1159 950 Καλλίκλεις
1196 914 1325 948 addunt
1353 914 1439 948 Ven.
1471 913 1563 953 ΞΣ.,

230 959 319 1002 quod
341 960 468 1003 recepit
490 959 678 992 Bekkerus.

229 1089 456 1124 ἀντευποιεῖν.
505 1090 571 1124 Sed
592 1091 630 1124 hi
653 1090 719 1123 sibi
742 1101 860 1134 parum

231 1140 407 1177 constant,
445 1137 570 1179 quippe
607 1136 667 1178 qui
703 1135 862 1178 deinceps

231 1192 347 1214 omnes
370 1187 502 1237 praeter
525 1181 615 1213 Flor.
639 1180 671 1213 d.
694 1185 728 1212 et
745 1181 864 1213 Venet.

234 1226 271 1259 Ξ.
312 1224 374 1258 α’ντ
423 1237 463 1258 ev
508 1227 655 1257 πείσεται
701 1225 863 1267 scriptum

232 1270 426 1303 exhibeant.
469 1269 684 1302 Dirimendas
709 1280 782 1302 esse
806 1279 863 1301 vo-

232 1326 288 1348 ces
311 1316 395 1348 satis
423 1314 545 1347 docent
574 1315 667 1358 leges
700 1324 864 1358 gramma-

233 1360 330 1392 ticae.
377 1359 466 1392 Nam
499 1358 534 1391 τὸ
566 1353 606 1391 εὖ
631 1359 685 1391 καὶ
719 1357 756 1391 τὰ
791 1368 863 1391 στε-

235 1401 350 1446 pmcn&
380 1401 482 1445 μόρια
517 1414 585 1436 non
619 1407 866 1446 componuntur

233 1459 311 1481 cum
335 1449 447 1481 verbis
477 1448 676 1491 primitivis,
706 1447 764 1480 sed
787 1458 866 1480 cum

233 1493 429 1525 nominibus
461 1497 495 1526 et
524 1493 636 1525 verbis
670 1492 749 1525 inde
780 1492 866 1524 deri·

234 1539 333 1570 vatis.
386 1538 502 1579 Itaque
533 1541 623 1570 recte
653 1537 777 1570 (licitur
809 1534 866 1568 εὖ·

235 1581 392 1625 ἅγγελος,
427 1587 516 1614 recte
540 1582 641 1615 etiam
664 1579 866 1625 εὐαγγελέω,

235 1626 326 1668 quod
354 1627 396 1658 ab
427 1626 486 1659 illo
517 1626 617 1659 fluxit
646 1630 817 1668 tamquam
848 1634 869 1657 a

236 1672 328 1704 fonte
353 1681 431 1711 suo;
455 1668 644 1714 εὐαγγέλλω
667 1674 778 1703 autem
802 1680 868 1702 me-

236 1716 300 1748 rito
346 1715 528 1748 barbarum
581 1720 746 1748 censetur.
800 1714 868 1746 vid.

236 1760 464 1793 Schaeferi
505 1759 632 1792 Melett.
672 1761 746 1792 crit.
775 1769 807 1801 p.
836 1758 868 1792 6.

237 1810 271 1837 et
299 1815 331 1847 p.
363 1804 416 1838 68.
475 1805 570 1845 Quae
601 1805 631 1836 si
661 1815 741 1837 vera
778 1807 868 1843 sunt,

237 1851 280 1882 ne
302 1847 521 1882 ἀντευποιεῖν
551 1849 686 1891 quidem
717 1852 776 1880 aut
807 1845 868 1879 ἀν-

238 1892 441 1935 τευπάσχειν
476 1893 549 1926 ullo
595 1893 694 1926 modo
731 1891 870 1925 ferenda

238 1942 334 1979 sunt,
372 1948 483 1980 neque
518 1942 609 1971 reete
644 1938 707 1971 has
745 1938 870 1970 formas

238 1987 367 2016 tutatus
403 1986 455 2015 est
489 1983 780 2015 Buttmannus
812 1983 870 2015 Gr.

240 2028 341 2070 ampl.
365 2028 405 2059 T.
429 2027 473 2060 11.
498 2028 534 2059 P.
559 2028 601 2059 11.
625 2038 658 2070 p.
682 2025 779 2067 361„
810 2026 871 2068 qui

240 2074 288 2105 ita
311 2073 463 2115 scripsit:
487 2071 601 2112 „devm
623 2083 658 2104 eo
680 2081 871 2104 zrwommen

239 2128 281 2149 zu
310 2116 496 2156 schreibe‘n,
527 2115 618 2156 hier,
650 2127 698 2148 wo
729 2126 762 2148 es
789 2115 873 2158 ylact

240 2161 312 2194 wnd
347 2161 445 2194 leicht
475 2160 656 2203 qoeckieht,
694 2170 785 2192 muas
817 2159 872 2192 die

244 2206 359 2238 Natur
395 2205 456 2238 der
494 2204 709 2248 Prapoeicion
750 2203 871 2237 durch·

240 2255 346 2282 setze‘n
390 2249 531 2282 ki'm‘nen.
598 2249 732 2292 Quippe
777 2248 873 2280 nulla

242 2305 379 2337 prorsus
402 2293 661 2337 praepositionis
685 2294 736 2326 vis
761 2297 813 2325 est
835 2293 871 2324 in

242 2339 387 2379 talibus,
430 2348 541 2381 neque
579 2338 677 2371 video
713 2347 872 2370 caussam

242 2383 365 2424 ullam,
400 2393 462 2415 cur
499 2383 720 2426 scriptoribus
751 2382 873 2414 Atticis

242 2428 279 2460 in
294 2427 488 2460 huiusmodi
503 2428 620 2460 formis
637 2438 659 2460 a
674 2425 874 2470 vulgaribus

243 2473 381 2516 linguae
411 2472 545 2514 legibus
581 2472 684 2504 fuerit
717 2469 873 2504 receden—

243 2517 345 2558 dum,
385 2527 490 2558 quum
531 2517 574 2549 iis
611 2521 756 2549 tmeseos
790 2525 874 2548 usus

243 2561 505 2604 haudquaquam
536 2561 733 2604 incognitus
762 2559 873 2592 fuerit.

244 2617 276 2639 v.
301 2605 567 2639 Schaeferus
597 2605 619 2638 l.
652 2615 681 2638 o.
711 2604 755 2638 ad
784 2604 874 2637 Lon-

292 2662 326 2683 m
347 2660 380 2693 p.
402 2648 482 2683 417.
502 2649 546 2682 ad
570 2649 787 2682 Demosthen.
824 2648 874 2681 De

243 2661 407 2728 ἔξιθι-σου.
439 2705 471 2737 p.
494 2693 568 2729 105.
593 2693 647 2727 26.
678 2694 714 2726 in
738 2693 874 2736 Leptin.

928 1101 960 1133 p.
984 1088 1059 1125 476.
1083 1089 1139 1124 21.
1171 1089 1362 1124 Lobeck.
1393 1090 1437 1123 ad
1459 1090 1567 1133 Phry-

928 1135 1018 1168 nich.
1041 1146 1072 1178 p.
1094 1134 1169 1169 620.
1187 1136 1332 1178 interpp.
1355 1135 1400 1168 ad
1423 1135 1563 1178 Gregor.

931 1180 1083 1212 Corinth.
1127 1190 1158 1223 p.
1200 1178 1277 1214 449.
1323 1180 1378 1213 As
1388 1180 1477 1212 tius
1522 1179 1565 1212 ad

930 1225 1036 1267 Legg.
1068 1235 1101 1267 p.
1133 1223 1187 1258 64.
1249 1225 1300 1256 Ac
1328 1227 1422 1257 tanto
1453 1225 1566 1256 minus

931 1269 996 1302 hoc
1020 1269 1094 1302 loco
1117 1269 1311 1311 scripserim
1334 1267 1564 1306 ἀντευποιεῖν,

932 1313 1022 1356 quod
1043 1314 1158 1346 statim
1178 1313 1396 1355 subsequitur
1410 1307 1452 1346 εὖ
1467 1311 1566 1356 ποιή-

935 1369 995 1392 σας
1019 1362 1052 1390 et
1069 1358 1223 1401 proxime
1249 1357 1423 1400 praecedit
1438 1352 1479 1391 εὖ
1503 1368 1565 1390 πα·

932 1401 1052 1436 edna.
1118 1403 1276 1436 Ceterum
1312 1402 1402 1445 quod
1439 1402 1566 1435 Hein-

933 1446 1097 1480 dorfius
1122 1447 1270 1481 coniecit
1292 1447 1444 1490 adeoque
1470 1446 1568 1479 libris

933 1492 1050 1524 invitis
1081 1493 1118 1523 in
1149 1492 1302 1532 ordinem
1331 1491 1458 1534 recepit
1488 1490 1524 1524 el
1545 1488 1564 1522 ὁ

934 1531 975 1568 εὖ
999 1534 1161 1579 ποιήσας,
1185 1536 1220 1568 id
1243 1547 1311 1569 non
1335 1546 1439 1579 opus,
1462 1545 1566 1578 quum

933 1581 1150 1623 participium
1186 1580 1331 1614 articulo
1369 1580 1567 1613 destitutum

937 1626 987 1658 sic
1025 1624 1264 1668 explicandum
1306 1624 1366 1658 sit:
1414 1625 1569 1666 itaque

936 1669 1134 1712 pulcrum
1164 1670 1245 1702 hoc
1268 1668 1443 1701 videtur
1473 1679 1569 1701 esse

936 1714 1158 1755 indicium,
1181 1715 1230 1755 si,
1252 1714 1326 1747 ubi
1346 1715 1443 1755 quis
1464 1714 1569 1746 bene

937 1759 1060 1799 fecit,
1102 1759 1142 1791 ei
1187 1759 1269 1792 hoc
1305 1757 1569 1791 beneficium

937 1803 1151 1836 redditur.
1227 1802 1425 1836 Subiectum
1477 1803 1569 1835 enim

937 1849 1027 1881 inest
1049 1849 1083 1880 in
1107 1858 1141 1880 V.
1165 1850 1325 1880 noluerat.

974 1894 1020 1947 x1³³.
1049 1890 1125 1925 521.
1170 1890 1259 1926 ‘Exi
1299 1890 1493 1933 ποτέραν
1526 1907 1569 1915 -·

938 1949 1018 2014 {322⁹
1035 1938 1185 2024 ἐῖἶιῖαξ
1192 1935 1421 2022 ⁶3553.?2.5’·
1437 1946 1571 2022 53³3?

939 2037 980 2065 με
1003 2027 1228 2067 amputante,-
1252 2025 1368 2068 Lysid.
1386 2035 1417 2067 p.
1433 2022 1511 2058 203.
1523 2024 1570 2056 B:

940 2069 1032 2111 παρὰ
1070 2072 1163 2104 τίνας
1206 2082 1248 2102 το
1259 2068 1304 2104 ὗς
1345 2067 1450 2109 umis-5
1492 2067 1571 2101 vid.

939 2114 1166 2148 Matthiae.
1199 2115 1256 2147 Gr.
1282 2115 1313 2155 §-
1336 2113 1413 2147 265.
1436 2112 1468 2146 4.
1492 2122 1572 2146 ann.

938 2164 972 2192 et
993 2169 1081 2201 quae
1110 2158 1197 2192 colle
1223 2160 1231 2167 ’
1263 2158 1307 2191 ad
1336 2157 1570 2200 Euthyphron.

939 2215 971 2247 p.
994 2202 1045 2236 14.
1070 2204 1109 2236 Ε.
1136 2216 1173 2233 =
1220 2201 1276 2237 00.
1299 2203 1351 2236 ed.
1374 2203 1468 2245 Lips.
1507 2202 1572 2235 Te-

939 2258 1030 2281 mere
1078 2248 1285 2280 novissimus
1330 2248 1467 2281 criticus
1512 2243 1573 2289 τὴν

940 2292 1120 2326 articulum
1144 2292 1286 2335 expulit.

985 2334 1057 2379 τὴν
1083 2339 1155 2370 τοῦ
1179 2333 1488 2378 διαμάχεσθαι]
1510 2335 1573 2367 Re—

940 2385 1036 2425 petas
1060 2380 1121 2413 ἐπί
1139 2392 1158 2413 e
1181 2379 1421 2424 superioribus.

985 2423 1005 2468 ἢ
1050 2423 1104 2458 αἷς
1151 2423 1473 2468 διακονήσαντα
1508 2421 1571 2466 -—]

941 2470 1294 2524 Olympiodorusz
1343 2478 1370 2510 φ
1396 2470 1474 2506 σίν,
1517 2465 1566 2499 ὅτι

942 2514 1059 2556 βουλοι
1091 2525 1132 2554 με
1156 2511 1323 2548 διάιονον
1352 2523 1370 2545 ο
1390 2524 1444 2544 ναι
1466 2509 1571 2564 Ἀθηῑ

945 2561 1051 2591 ναίων
1074 2559 1128 2591 καὶ
1153 2557 1241 2600 πρὸς
1269 2556 1371 2601 χάριν
1393 2556 1519 2600 λέγειν,
1551 2567 1570 2587 ο

942 2602 1021 2641 ἐστι,
1046 2601 1171 2636 κόλακα
1191 2598 1293 2636 εἶναι.

941 2645 1123 2725 48338300
1148 2644 1264 2691 ἤθεα
1286 2642 1436 2688 redd-l
1463 2644 1515 2677 Of·
1537 2654 1570 2687 p·
