1748 2944
313 252 391 289 214
856 252 1112 292 PLATONIS

314 360 403 406 τοῖς
439 364 619 399 σεαυτοῦ
658 356 953 412 ἑταιροτοίτοις,
993 360 1142 402 ἱκανόν
1168 376 1240 413 μοι
1266 362 1489 414 τεκμήριόν
1515 362 1640 413 ἐστιν,

314 417 378 462 ὅτι
399 420 456 470 ὠς
477 421 647 475 α’ληθῶς
668 438 740 476 μοι
761 426 913 472 εὔνους
937 420 983 465 εἷ.
1012 425 1082 466 καὶ
1100 422 1184 479 μὴν
1206 422 1270 467 ὅτι
1295 440 1342 478 γε
1368 421 1458 476 οἶος
1483 426 1639 482 παόρη-

313 487 526 537 σιάζεσθαι
550 485 693 540 καὶμὴ
715 487 999 542 αἰσχύνεσθαι,
1028 489 1155 538 αὐτός
1177 503 1219 531 τε
1239 485 1325 544 φῇς
1352 489 1422 532 καὶ
1448 490 1473 533 ὁ
1500 492 1640 545 λόγος,

313 550 364 592 ὃν
391 549 536 605 ὀλίγον
562 552 768 605 πρότερον
795 550 946 606 ἔλεγες.
971 552 1170 607 ὁμολογεῖ
1194 565 1275 596 σοι.
1303 551 1383 608 ἔχει
1410 554 1461 609 δὴ
1490 555 1642 598 οὑτωσὶ

312 615 444 668 δῆλον
482 612 547 657 ὅτι
587 616 750 657 τούτων
786 615 880 670 πέρι
905 617 1024 658 νυνί·
1067 616 1141 659 ἐοὶν
1166 634 1205 660 τι
1233 618 1286 660 σὺ
1313 617 1360 660 ἐν
1386 622 1475 668 τοῖς
1500 621 1642 674 λόγοις

246 679 283 722 Ε
313 679 576 734 ὁμολογήσῃς
600 694 685 733 μοι,
714 679 1075 735 βεβασανισμένον
1101 684 1213 724 τοῦτ’
1243 683 1321 737 ἤδη
1349 681 1462 726 ἔσται
1488 684 1641 734 ἱκανῶς

310 738 385 785 «ὑπ’
416 741 519 797 ἐμοῦ
544 758 587 786 τε
615 744 686 786 καὶ
714 751 814 795 σοῦ,
854 746 923 788 καὶ
952 746 1093 788 οὐκέτι
1119 748 1222 788 αὐτὸ
1250 747 1387 802 δεήσει
1414 744 1478 790 ἐπ’
1510 751 1641 804 ἄλλην

311 809 500 862 βάσανον
527 808 766 863 ἀναφέρειν.
805 811 858 852 οὐ
893 810 974 864 γὰρ
1010 814 1065 852 ἄν
1091 826 1190 854 ποτε
1219 812 1323 855 αὐτὸ
1350 809 1642 868 συνεχώρησας

310 868 364 914 σὺ
387 875 483 914 οὔτε
510 874 664 925 σοφίας
692 873 828 929 ἐνδείᾳ
855 871 948 916 οὔτ’
978 876 1180 930 αἰσχύνης
1207 877 1440 933 παρουσίᾳ·
1468 874 1560 920 οὐδ’
1584 875 1639 921 αὖ

310 938 483 979 ἀπατῶν
510 937 579 992 ἐμὲ
606 940 896 993 συγχωρήσαις
921 942 999 980 ἄν·
1039 941 1162 991 φίλος
1188 941 1270 995 γάρ
1297 956 1369 1002 μοι
1397 937 1445 992 εἷ,
1488 941 1544 991 ὠς
1571 943 1640 984 καὶ

310 1003 437 1051 αὐτὸς
475 1004 572 1057 φής.
609 1008 666 1056 τῷ
706 1006 794 1045 ὄντι
836 1000 916 1046 οὖν
951 1004 980 1058 ή
1015 1003 1091 1058 ἐμὴ
1119 1006 1187 1047 καὶ
1216 1003 1268 1059 ση
1296 1005 1499 1059 ὁμολογία
1525 1006 1641 1057 τέλος

308 1067 389 1120 ἤδη
437 1065 516 1117 ἕξει
559 1073 633 1119 τῆς
681 1066 892 1121 ἀληθείας.
943 1069 1114 1110 πάντων
1152 1069 1196 1111 δὲ
1233 1070 1431 1124 καλλίστη
1467 1070 1578 1113 ἐστὶν
1613 1088 1640 1126 η

309 1129 468 1182 σκέψις
498 1125 532 1173 ὦ
563 1131 818 1181 Καλλίκλεις,
846 1133 940 1184 περὶ
967 1134 1130 1175 τούτων
1158 1125 1220 1175 ὧν
1249 1134 1303 1175 σὺ
1330 1134 1382 1189 δή
1410 1150 1482 1188 μοι
1510 1134 1638 1178 ἐπετί-

309 1206 455 1250 μησας,
484 1196 610 1237 ποῖόν
631 1210 726 1237 τινα
744 1195 823 1250 χρὴ
846 1193 954 1239 εἶναι
974 1198 1050 1239 τὸν
1070 1198 1207 1251 ἄνδρα
1225 1197 1295 1240 καὶ
1322 1199 1362 1240 τί
1388 1197 1642 1254 ἐπιτηδεύειν

198 1270 279 1312 488
309 1261 379 1303 καὶ
404 1259 525 1315 μέχρι
551 1266 640 1311 τοῦ.
670 1260 736 1302 καὶ
767 1262 1053 1315 πρεσβύτερον
1082 1262 1152 1303 καὶ
1178 1259 1387 1315 νεώτερον
1414 1266 1527 1306 ὄντα.
1557 1263 1639 1318 ἐγὼ

374 1394 417 1426 D.
464 1391 572 1436 ἅπερ
598 1398 693 1428 τοῖς
719 1394 929 1438 σεαυτοῦ]
965 1395 1024 1428 Sic
1048 1395 1162 1428 Clark.
1186 1396 1271 1429 Ven.
1297 1396 1378 1430 ΞΣ.
1410 1397 1513 1432 Coisl.
1538 1397 1639 1431 vind.

307 1437 338 1472 2.
364 1437 394 1471 7.
424 1438 515 1471 Flor.
535 1449 565 1471 a.
581 1438 613 1470 b.
629 1449 657 1471 c.
673 1438 703 1470 d.
719 1450 763 1471 m.
779 1449 859 1472 o.1.
890 1439 994 1473 Editt.
1018 1451 1137 1474 omnes
1162 1445 1298 1474 σαυτοῦ.
1323 1442 1424 1475 vind.
1450 1442 1480 1475 1.
1503 1442 1641 1476 ἑαυτοῦ.

346 1482 439 1560 ᾶὸτι
469 1494 514 1526 γε
548 1480 643 1517 οἶος
677 1481 824 1527 παρῤ.]
862 1485 937 1517 Par.
961 1486 1000 1517 E.
1031 1487 1294 1529 superscriptum
1318 1486 1422 1520 habet
1444 1484 1520 1521 οἶός
1545 1486 1568 1519 ι’
1594 1483 1639 1527 εἰ,

309 1538 345 1560 se
394 1538 417 1559 v
450 1538 529 1560 ann.

375 1572 414 1605 E.
461 1570 676 1614 αἰσχύνης
701 1573 942 1617 παρουσίᾳ]
969 1576 1152 1616 περισισίᾳ
1175 1585 1264 1608 unus
1286 1575 1376 1608 Flor.
1401 1586 1434 1608 x.
1458 1585 1535 1608 cum
1559 1576 1638 1609 edit.

309 1618 388 1649 Bas.
412 1615 446 1650 2.
482 1617 595 1650 Ceteri
623 1617 703 1649 libri
735 1620 927 1660 παρουσία,
959 1618 1049 1660 quod
1079 1622 1191 1651 tuetur
1217 1620 1333 1653 Herm.
1379 1621 1560 1664 Vulgatam
1583 1621 1638 1654 de-

308 1662 416 1695 fendit
439 1662 542 1694 etiam
565 1661 674 1695 Koch.
698 1672 787 1704 pone
809 1663 915 1695 Moer.
938 1663 1008 1696 Att.
1033 1662 1083 1695 ed.
1107 1664 1201 1706 Lips
1225 1675 1259 1707 p.
1281 1663 1358 1698 386.

376 1705 509 1739 ποῖόν
539 1718 635 1739 τινα
664 1706 741 1749 χρὴ
773 1703 889 1739 εἶναι
921 1706 998 1740 τὸν
1027 1706 1185 1752 ἄνδρα]
1223 1710 1304 1741 Post
1334 1721 1408 1741 τινα
1436 1710 1514 1741 Bas.
1542 1709 1573 1744 2.
1606 1715 1640 1743 et

309 1751 399 1785 Flor.
422 1763 455 1784 x.
479 1752 636 1784 inserunt
658 1763 750 1790 ποτε,
756 1755 876 1805 quam
900 1751 1080 1785 lectionem
1104 1753 1205 1786 etiam
1229 1752 1346 1796 Steph.
1368 1758 1540 1787 memorat.

374 1795 656 1829 P.488.1a'1·a
690 1794 856 1838 τρόπον
886 1797 1147 1843 κτησαίμην]
1188 1798 1246 1831 Sic
1281 1798 1396 1830 Clark.
1428 1799 1505 1831 Vat.
1535 1798 1640 1831 Coisl.

310 1841 396 1874 Ven.
432 1841 461 1874 Ξ
472 1841 512 1874 Σ.
556 1840 657 1873 vind.
688 1840 720 1874 2.
751 1840 781 1874 7.
826 1842 902 1874 Par
935 1837 1163 1876 BCFIVW.
1205 1843 1394 1875 Florentini
1425 1843 1513 1886 Aug.
1541 1843 1637 1877 Bodl.

350 1961 414 1995 ὅτι
446 1974 489 2005 γε
520 1959 615 1997 οἷος
648 1960 939 2005 παόρησιάζε-

308 2006 425 2050 σθαι]
450 2007 561 2040 Intell.
578 2003 622 2040 εἶ.
638 2007 706 2040 vid.
722 2007 939 2040 Schaefer.

305 2051 348 2085 ad
372 2051 492 2084 Lamb.
515 2053 593 2085 Bos.
609 2052 767 2096 Ellipe.p
771 2051 939 2095 .604seq.

307 2101 342 2129 et
369 2097 511 2139 interpp.
546 2097 589 2129 ad
622 2097 762 2140 Gregor.
786 2097 937 2130 Corinth.

331 2140 428 2175 ‚152
450 2152 509 2183 seq
572 2142 624 2174 De
654 2142 819 2184 proximis
850 2143 937 2175 conf

307 2187 360 2219 De
388 2184 775 2240 Repub1.1v.p..424
806 2186 854 2219 C.
891 2198 938 2221 ωε

309 2233 400 2274 φησί
414 2242 447 2263 τε
467 2229 598 2270 Δάμων
614 2196 675 2263 καΡὶ
684 2228 751 2274 ἐγώ
766 2232 937 2270 πείθομαι.

307 2275 394 2308 Ibid.
417 2275 538 2318 V11.p
541 2274 649 2309 ..530
672 2276 723 2308 D.
762 2273 808 2310 ὥς
839 2277 879 2308 οἵ
906 2287 938 2308 τε

313 2319 558 2374 Πυθαγόρειοί
577 2330 672 2361 φασι,
698 2319 752 2353 καὶ
777 2317 884 2364 ἡμεῖς,
910 2315 937 2353 ὦ

313 2363 486 2404 Γλαύκων
513 2368 767 2420 συγχωροῦμεν.

353 2410 439 2452 ἔχει
485 2407 533 2453 δὴ
577 2407 738 2443 οὑτωσὶ
786 2409 817 2442 δ.
857 2408 936 2452 ὅτι]

308 2454 420 2487 Verba
449 2454 492 2487 ad
522 2454 777 2497 grammaticam
807 2454 938 2487 subtili-

308 2504 411 2532 tatem
463 2504 585 2532 exacta
636 2502 819 2532 connectas
870 2499 937 2532 sic.

308 2544 414 2587 δῆλον
445 2542 504 2586 δὴ,
535 2543 584 2576 ὅτι
617 2541 744 2577 οὑτωσὶ
769 2544 832 2586 ἔχει
858 2555 936 2576 νυνι

310 2589 390 2630 περὶ
431 2587 568 2621 ιούιωι.
624 2589 837 2631 Quamquam
873 2599 938 2621 nee

310 2635 374 2666 hac
389 2637 559 2667 structura
573 2633 774 2676 indigemus.
804 2633 938 2666 Etenim

312 2677 416 2732 δῆλον
452 2676 501 2711 ὅτι
541 2679 666 2721 pariter
703 2682 804 2731 atque
841 2673 936 2711 οἶσθ’

311 2722 360 2756 ὅτι
399 2727 433 2756 et
464 2722 595 2756 similia
631 2733 730 2766 saepe
766 2723 815 2755 ita
844 2733 938 2756 usur-

308 2772 423 2810 patum
438 2772 490 2802 est
507 2779 528 2801 a
552 2768 702 2809 Graecis,
725 2772 763 2801 ut
786 2767 937 2810 reliquae

1008 1964 1153 1996 orationi
1166 1961 1360 1999 ἆσυνὸέιως
1372 1965 1641 2008 interponeretur

1007 2019 1116 2051 neque
1146 2019 1223 2042 cum
1251 2014 1438 2043 ceterorum
1460 2009 1639 2043 verborum

1007 2054 1257 2087 constructione
1301 2058 1392 2087 arcte
1435 2054 1636 2088 cohaereret.

1006 2099 1059 2131 Ex
1082 2109 1148 2140 quo
1171 2099 1297 2131 factum
1320 2103 1389 2140 est,
1418 2103 1456 2131 ut
1478 2109 1580 2133 voces
1602 2101 1638 2133 in

1006 2153 1111 2175 unum
1146 2143 1376 2176 coalescerent
1406 2143 1562 2187 δηλονότι
1590 2150 1639 2177 at-

1006 2198 1071 2229 que
1100 2187 1254 2220 adverbii
1285 2188 1433 2231 speciem
1463 2189 1635 2222 referrent.

1006 2232 1219 2274 Quamquam
1261 2232 1353 2265 haud
1397 2233 1468 2266 scio
1511 2245 1555 2267 an
1597 2245 1638 2267 ea

1005 2276 1175 2310 scribendi
1216 2277 1303 2310 ratio
1337 2288 1372 2310 re
1397 2278 1546 2311 udianda
1583 2279 1637 2311 ait.

1004 2321 1091 2354 Nam
1122 2332 1186 2354 nec
1215 2320 1341 2364 ubique
1395 2323 1478 2365 ἧλον
1508 2321 1557 2355 ὅτι
1585 2324 1635 2355 cic

1006 2376 1064 2408 per
1094 2377 1130 2398 se
1160 2367 1307 2409 positum
1331 2371 1398 2405 est.
1429 2367 1489 2400 sed
1511 2369 1636 2411 saepis

1005 2411 1089 2443 sime
1116 2421 1192 2444 eum
1222 2411 1354 2455 reliqua
1383 2412 1534 2445 oratione
1557 2422 1637 2445 cou-

1005 2459 1171 2489 structum
1183 2457 1358 2499 reperitur,
1380 2466 1443 2489 nec
1456 2456 1636 2490 scribimus

1005 2498 1159 2540 οισθότι,
1196 2499 1323 2539 madre,
1356 2500 1415 2533 ced
1443 2495 1541 2533 οἶσθ’
1575 2500 1635 2543 ὅτι,

1005 2540 1072 2577 οιδ’
1096 2544 1156 2584 ὅτι,
1188 2546 1322 2578 etiamsi
1343 2545 1427 2578 haec
1449 2544 1555 2578 verba
1575 2556 1636 2590 per

1004 2600 1040 2622 ec
1073 2591 1184 2632 posita
1212 2589 1255 2623 ad
1278 2599 1377 2623 usum
1399 2589 1634 2624 adverbiorum

1004 2644 1107 2676 prope
1138 2634 1309 2668 accedant.
1354 2633 1421 2667 Sed
1451 2645 1483 2667 v.
1516 2636 1635 2668 Butt-

1004 2689 1144 2712 mann.
1181 2679 1224 2712 ad
1262 2679 1390 2712 Criton.
1428 2678 1635 2719 §.14.an-

1004 2727 1071 2756 not.
1097 2723 1149 2757 12.
1178 2729 1212 2757 et
1240 2724 1276 2757 in
1305 2723 1436 2756 Indic.
1466 2735 1492 2757 s.
1516 2735 1547 2759 v,
1573 2723 1632 2767 δη-

1005 2767 1124 2801 λονότι.
1176 2770 1294 2811 Itaque
1324 2769 1390 2802 hoc
1419 2768 1496 2802 loco
1527 2769 1632 2813 δῆλον
